timestamp,bid_price_0,bid_price_1,bid_price_2,bid_price_3,bid_price_4,bid_price_5,bid_price_6,bid_price_7,bid_price_8,bid_price_9,ask_price_0,ask_price_1,ask_price_2,ask_price_3,ask_price_4,ask_price_5,ask_price_6,ask_price_7,ask_price_8,ask_price_9,bid_size_0,bid_size_1,bid_size_2,bid_size_3,bid_size_4,bid_size_5,bid_size_6,bid_size_7,bid_size_8,bid_size_9,ask_size_0,ask_size_1,ask_size_2,ask_size_3,ask_size_4,ask_size_5,ask_size_6,ask_size_7,ask_size_8,ask_size_9
0,0.0598,0.0597,0.0596,0.0595,0.0594,0.0593,0.0592,0.0591,0.059,0.0589,0.0599,0.06,0.0601,0.0602,0.0603,0.0604,0.0605,0.0606,0.0607,0.0608,14378,268368,236221,344180,155695,522066,491714,73534,755801,128481,68180,133803,146106,480026,605405,32073,41166,31414,9677,404320
1,0.0598,0.0597,0.0596,0.0595,0.0594,0.0593,0.0592,0.0591,0.059,0.0589,0.0599,0.06,0.0601,0.0602,0.0603,0.0604,0.0605,0.0606,0.0607,0.0608,35136,249142,211619,246805,109883,519076,495825,73534,755801,128481,71573,137177,145296,90518,597716,433506,41166,31414,9677,8538
2,0.0596,0.0595,0.0594,0.0593,0.0592,0.0591,0.059,0.0589,0.0588,0.0587,0.0597,0.0598,0.0599,0.06,0.0601,0.0602,0.0603,0.0604,0.0605,0.0606,78415,333278,251063,330422,505713,486236,756568,128832,62630,88397,16357,158358,126902,119837,98649,439504,580355,32073,16101,6349
3,0.0596,0.0595,0.0594,0.0593,0.0592,0.0591,0.059,0.0589,0.0588,0.0587,0.0597,0.0598,0.0599,0.06,0.0601,0.0602,0.0603,0.0604,0.0605,0.0606,77917,313049,231553,326681,511357,477784,757292,128832,62630,88397,21031,136883,148370,119837,98649,454081,580931,32073,16101,6349
4,0.0595,0.0594,0.0593,0.0592,0.0591,0.059,0.0589,0.0588,0.0587,0.0586,0.0596,0.0597,0.0598,0.0599,0.06,0.0601,0.0602,0.0603,0.0604,0.0605,13042,288143,336074,175324,158181,767336,537442,62630,78603,105863,70447,178784,186675,514212,439581,46129,34644,183838,39580,436895
5,0.0594,0.0593,0.0592,0.0591,0.059,0.0589,0.0588,0.0587,0.0586,0.0585,0.0595,0.0596,0.0597,0.0598,0.0599,0.06,0.0601,0.0602,0.0603,0.0604,43235,304571,233748,347038,965433,546087,473401,78032,105863,832434,39520,138375,194843,158098,93816,441464,442353,34644,183838,39580
6,0.0594,0.0593,0.0592,0.0591,0.059,0.0589,0.0588,0.0587,0.0586,0.0585,0.0595,0.0596,0.0597,0.0598,0.0599,0.06,0.0601,0.0602,0.0603,0.0604,43235,334541,266868,370202,1368558,547464,62630,78032,105863,832434,39620,138518,173387,158098,93816,442225,428637,34644,183838,39580
7,0.0595,0.0594,0.0593,0.0592,0.0591,0.059,0.0589,0.0588,0.0587,0.0586,0.0596,0.0597,0.0598,0.0599,0.06,0.0601,0.0602,0.0603,0.0604,0.0605,82881,188400,237944,189819,112138,1372418,540295,62630,78032,105863,14048,182238,186232,93916,484878,446946,34644,183838,39625,422361
8,0.0596,0.0595,0.0594,0.0593,0.0592,0.0591,0.059,0.0589,0.0588,0.0587,0.0597,0.0598,0.0599,0.06,0.0601,0.0602,0.0603,0.0604,0.0605,0.0606,58511,216803,201758,227944,164784,506171,1353979,127680,62630,78603,29144,220744,139434,106525,488857,441877,183838,39625,40340,6349
9,0.0595,0.0594,0.0593,0.0592,0.0591,0.059,0.0589,0.0588,0.0587,0.0586,0.0596,0.0597,0.0598,0.0599,0.06,0.0601,0.0602,0.0603,0.0604,0.0605,109706,184903,451806,666133,514947,963102,127680,63201,78032,510406,15632,181046,219011,93916,88219,446946,433837,183838,39625,15275
10,0.0595,0.0594,0.0593,0.0592,0.0591,0.059,0.0589,0.0588,0.0587,0.0586,0.0596,0.0597,0.0598,0.0599,0.06,0.0601,0.0602,0.0603,0.0604,0.0605,116418,193732,366043,309710,514947,1370690,127680,63302,78032,505152,15732,181046,240501,93916,88319,446946,433937,183938,39625,15375
11,0.0595,0.0594,0.0593,0.0592,0.0591,0.059,0.0589,0.0588,0.0587,0.0586,0.0596,0.0597,0.0598,0.0599,0.06,0.0601,0.0602,0.0603,0.0604,0.0605,80978,335560,246720,310737,505854,1354363,127680,63302,78032,105863,14157,158968,226930,93916,88319,439550,434552,183938,39625,15375
12,0.0595,0.0594,0.0593,0.0592,0.0591,0.059,0.0589,0.0588,0.0587,0.0586,0.0596,0.0597,0.0598,0.0599,0.06,0.0601,0.0602,0.0603,0.0604,0.0605,76239,357162,246717,314005,516802,1368256,127680,62731,78032,105863,14157,160553,228605,93916,483535,438442,34744,183938,39625,15375
13,0.0595,0.0594,0.0593,0.0592,0.0591,0.059,0.0589,0.0588,0.0587,0.0586,0.0596,0.0597,0.0598,0.0599,0.06,0.0601,0.0602,0.0603,0.0604,0.0605,76410,356620,246388,314005,516802,1368256,70875,62731,135604,105863,18450,160553,228600,93916,483535,438442,34744,183938,39625,15375
14,0.0594,0.0593,0.0592,0.0591,0.059,0.0589,0.0588,0.0587,0.0586,0.0585,0.0595,0.0596,0.0597,0.0598,0.0599,0.06,0.0601,0.0602,0.0603,0.0604,14285,281084,220121,379471,1398910,506470,62731,135604,105863,1241973,94666,150451,152835,187229,445853,449845,35958,34744,183938,7053
15,0.0594,0.0593,0.0592,0.0591,0.059,0.0589,0.0588,0.0587,0.0586,0.0585,0.0595,0.0596,0.0597,0.0598,0.0599,0.06,0.0601,0.0602,0.0603,0.0604,11781,290752,263969,362361,1384299,507110,62731,135604,105863,1241973,65645,150451,146803,165747,441811,448225,35958,34744,183938,7053
16,0.0594,0.0593,0.0592,0.0591,0.059,0.0589,0.0588,0.0587,0.0586,0.0585,0.0595,0.0596,0.0597,0.0598,0.0599,0.06,0.0601,0.0602,0.0603,0.0604,14004,324452,241974,362828,1384870,506539,62731,78032,105863,894938,63681,150451,168325,169134,483863,440129,35958,34744,183938,414416
17,0.0594,0.0593,0.0592,0.0591,0.059,0.0589,0.0588,0.0587,0.0586,0.0585,0.0595,0.0596,0.0597,0.0598,0.0599,0.06,0.0601,0.0602,0.0603,0.0604,13604,300796,347563,399829,981136,518775,486067,78032,105863,936990,65338,157073,149380,569908,483933,41647,35958,34744,184492,414416
18,0.0593,0.0592,0.0591,0.059,0.0589,0.0588,0.0587,0.0586,0.0585,0.0584,0.0594,0.0595,0.0596,0.0597,0.0598,0.0599,0.06,0.0601,0.0602,0.0603,91776,364483,441044,1034852,518775,495432,78032,105863,936990,446452,15390,124222,142071,124805,569908,483933,33310,35958,41266,158873
19,0.0593,0.0592,0.0591,0.059,0.0589,0.0588,0.0587,0.0586,0.0585,0.0584,0.0594,0.0595,0.0596,0.0597,0.0598,0.0599,0.06,0.0601,0.0602,0.0603,99639,425850,438375,1065410,518775,495432,78032,105863,931684,451768,15390,143085,128544,124805,563730,485340,33310,36512,40713,563244
20,0.0594,0.0593,0.0592,0.0591,0.059,0.0589,0.0588,0.0587,0.0586,0.0585,0.0595,0.0596,0.0597,0.0598,0.0599,0.06,0.0601,0.0602,0.0603,0.0604,36102,213236,218974,351597,1402031,502172,62731,78032,105863,931684,59522,166498,169296,193611,494541,438857,36512,34744,183938,13002
21,0.0594,0.0593,0.0592,0.0591,0.059,0.0589,0.0588,0.0587,0.0586,0.0585,0.0595,0.0596,0.0597,0.0598,0.0599,0.06,0.0601,0.0602,0.0603,0.0604,5379,240464,271513,357107,1387420,510866,62731,78032,105863,931684,67890,166498,169287,193611,494541,430083,36512,34744,183938,13002
22,0.0593,0.0592,0.0591,0.059,0.0589,0.0588,0.0587,0.0586,0.0585,0.0584,0.0594,0.0595,0.0596,0.0597,0.0598,0.0599,0.06,0.0601,0.0602,0.0603,15499,232896,449812,1041256,487076,477073,78032,123900,931684,441552,57179,137158,141856,167407,165651,500391,428287,36512,34744,158873
23,0.0593,0.0592,0.0591,0.059,0.0589,0.0588,0.0587,0.0586,0.0585,0.0584,0.0594,0.0595,0.0596,0.0597,0.0598,0.0599,0.06,0.0601,0.0602,0.0603,16150,317920,377210,1046512,487076,477073,86452,123900,940740,445536,57179,140496,159980,145906,564886,500391,39299,36512,34744,158873
24,0.0593,0.0592,0.0591,0.059,0.0589,0.0588,0.0587,0.0586,0.0585,0.0584,0.0594,0.0595,0.0596,0.0597,0.0598,0.0599,0.06,0.0601,0.0602,0.0603,6812,287707,475925,1046976,100666,483216,497295,111589,945403,45808,88543,157739,141979,145629,568796,442496,39299,36512,34744,158873
25,0.0593,0.0592,0.0591,0.059,0.0589,0.0588,0.0587,0.0586,0.0585,0.0584,0.0594,0.0595,0.0596,0.0597,0.0598,0.0599,0.06,0.0601,0.0602,0.0603,15017,318161,495959,1052066,100026,489410,86452,111589,945403,45808,86866,139612,138591,145629,569077,39803,39299,35958,34744,158873
26,0.0593,0.0592,0.0591,0.059,0.0589,0.0588,0.0587,0.0586,0.0585,0.0584,0.0594,0.0595,0.0596,0.0597,0.0598,0.0599,0.06,0.0601,0.0602,0.0603,11017,318149,470976,953553,100026,80270,86452,111589,1045403,45808,86866,136196,160127,145629,161439,40357,39299,35958,34744,158873
27,0.0594,0.0593,0.0592,0.0591,0.059,0.0589,0.0588,0.0587,0.0586,0.0585,0.0595,0.0596,0.0597,0.0598,0.0599,0.06,0.0601,0.0602,0.0603,0.0604,40449,318402,254418,332156,942782,499942,479330,144024,105863,987634,38978,140971,160625,180719,504269,83606,35958,34744,189897,413182
28,0.0594,0.0593,0.0592,0.0591,0.059,0.0589,0.0588,0.0587,0.0586,0.0585,0.0595,0.0596,0.0597,0.0598,0.0599,0.06,0.0601,0.0602,0.0603,0.0604,15043,310251,256681,327475,1292106,487006,68437,157696,109834,1385314,76641,161886,160625,205851,504269,445267,35958,34744,189897,7053
29,0.0595,0.0594,0.0593,0.0592,0.0591,0.059,0.0589,0.0588,0.0587,0.0586,0.0596,0.0597,0.0598,0.0599,0.06,0.0601,0.0602,0.0603,0.0604,0.0605,37153,179230,287089,212266,168727,1283442,478914,68437,157696,115051,104696,174755,210791,504269,496524,45833,34744,189897,32118,419242
30,0.0596,0.0595,0.0594,0.0593,0.0592,0.0591,0.059,0.0589,0.0588,0.0587,0.0597,0.0598,0.0599,0.06,0.0601,0.0602,0.0603,0.0604,0.0605,0.0606,14090,224786,254870,322512,123739,521256,1273967,127681,68437,91704,87993,203368,164649,503692,499115,44118,183938,32118,40440,418141
31,0.0596,0.0595,0.0594,0.0593,0.0592,0.0591,0.059,0.0589,0.0588,0.0587,0.0597,0.0598,0.0599,0.06,0.0601,0.0602,0.0603,0.0604,0.0605,0.0606,14090,166618,267497,258213,126527,521256,1278077,127681,62731,91704,87993,199803,153990,134379,499668,455728,183938,32118,40440,418141
32,0.0596,0.0595,0.0594,0.0593,0.0592,0.0591,0.059,0.0589,0.0588,0.0587,0.0597,0.0598,0.0599,0.06,0.0601,0.0602,0.0603,0.0604,0.0605,0.0606,12006,174113,310356,231468,525142,520408,879339,136683,62731,92266,89124,202466,144391,125021,89185,443771,589745,32118,40440,6449
33,0.0596,0.0595,0.0594,0.0593,0.0592,0.0591,0.059,0.0589,0.0588,0.0587,0.0597,0.0598,0.0599,0.06,0.0601,0.0602,0.0603,0.0604,0.0605,0.0606,13683,195611,348256,267467,124873,515782,503483,136683,62731,92266,97317,202331,144391,141682,496704,436782,183938,32118,40440,6449
34,0.0596,0.0595,0.0594,0.0593,0.0592,0.0591,0.059,0.0589,0.0588,0.0587,0.0597,0.0598,0.0599,0.06,0.0601,0.0602,0.0603,0.0604,0.0605,0.0606,75544,281886,198079,353509,526577,524940,863236,136683,62731,92266,48446,202400,133774,138783,89185,479545,581231,32118,40440,6449
35,0.0596,0.0595,0.0594,0.0593,0.0592,0.0591,0.059,0.0589,0.0588,0.0587,0.0597,0.0598,0.0599,0.06,0.0601,0.0602,0.0603,0.0604,0.0605,0.0606,77220,287849,219430,353509,526080,524940,859126,136683,62731,92266,46764,223752,135450,138783,89185,479545,583080,32118,47947,6449
36,0.0596,0.0595,0.0594,0.0593,0.0592,0.0591,0.059,0.0589,0.0588,0.0587,0.0597,0.0598,0.0599,0.06,0.0601,0.0602,0.0603,0.0604,0.0605,0.0606,80315,248165,217745,353509,526080,524940,858402,136531,62731,92266,19261,221511,135450,138783,89185,479545,583080,32118,47947,6449
37,0.0597,0.0596,0.0595,0.0594,0.0593,0.0592,0.0591,0.059,0.0589,0.0588,0.0598,0.0599,0.06,0.0601,0.0602,0.0603,0.0604,0.0605,0.0606,0.0607,24265,222511,317838,195869,186571,517174,504022,858402,140801,62731,113378,157279,138782,121188,488240,635038,32118,47947,31514,407933
38,0.0597,0.0596,0.0595,0.0594,0.0593,0.0592,0.0591,0.059,0.0589,0.0588,0.0598,0.0599,0.06,0.0601,0.0602,0.0603,0.0604,0.0605,0.0606,0.0607,112214,258608,317212,156819,169621,511366,504022,858402,132413,62731,77838,129989,159534,121188,488240,635038,32118,47947,31514,432998
39,0.0596,0.0595,0.0594,0.0593,0.0592,0.0591,0.059,0.0589,0.0588,0.0587,0.0597,0.0598,0.0599,0.06,0.0601,0.0602,0.0603,0.0604,0.0605,0.0606,16655,282765,238752,345432,520251,513408,858402,132413,62731,454461,90754,221034,143830,126438,95145,437564,583080,32247,47947,6449
40,0.0596,0.0595,0.0594,0.0593,0.0592,0.0591,0.059,0.0589,0.0588,0.0587,0.0597,0.0598,0.0599,0.06,0.0601,0.0602,0.0603,0.0604,0.0605,0.0606,16735,246833,202502,345432,520251,513408,858402,127782,65447,449345,90754,245789,119105,140411,485783,428806,185787,32247,47947,6449
41,0.0595,0.0594,0.0593,0.0592,0.0591,0.059,0.0589,0.0588,0.0587,0.0586,0.0596,0.0597,0.0598,0.0599,0.06,0.0601,0.0602,0.0603,0.0604,0.0605,107961,363786,244204,294114,521479,1287360,136169,65447,90576,487212,27524,170195,222653,111787,99979,485783,428806,185787,32118,28821
42,0.0595,0.0594,0.0593,0.0592,0.0591,0.059,0.0589,0.0588,0.0587,0.0586,0.0596,0.0597,0.0598,0.0599,0.06,0.0601,0.0602,0.0603,0.0604,0.0605,147359,302562,287009,294114,521479,1287360,136169,62731,93296,487212,27524,170195,201320,126601,498882,485783,34744,185787,32118,28821
43,0.0595,0.0594,0.0593,0.0592,0.0591,0.059,0.0589,0.0588,0.0587,0.0586,0.0596,0.0597,0.0598,0.0599,0.06,0.0601,0.0602,0.0603,0.0604,0.0605,79540,218581,181260,294114,533690,1287360,136169,62731,93296,487212,27522,169385,222692,126601,498882,485783,34744,185787,32118,28821
44,0.0595,0.0594,0.0593,0.0592,0.0591,0.059,0.0589,0.0588,0.0587,0.0586,0.0596,0.0597,0.0598,0.0599,0.06,0.0601,0.0602,0.0603,0.0604,0.0605,67453,406300,181260,294153,533690,1281673,136169,68437,93203,492509,27333,190753,208553,127972,497796,478452,34744,185787,32118,28821
45,0.0595,0.0594,0.0593,0.0592,0.0591,0.059,0.0589,0.0588,0.0587,0.0586,0.0596,0.0597,0.0598,0.0599,0.06,0.0601,0.0602,0.0603,0.0604,0.0605,67453,278087,184197,315919,529235,1262343,136169,68437,93203,75311,27333,190797,208553,127972,98893,494533,436582,185787,32118,28821
46,0.0595,0.0594,0.0593,0.0592,0.0591,0.059,0.0589,0.0588,0.0587,0.0586,0.0596,0.0597,0.0598,0.0599,0.06,0.0601,0.0602,0.0603,0.0604,0.0605,78572,385049,210864,314544,526763,1253104,136169,68437,93203,75311,17265,190819,208553,127972,98893,497412,442340,183938,39625,21314
47,0.0594,0.0593,0.0592,0.0591,0.059,0.0589,0.0588,0.0587,0.0586,0.0585,0.0595,0.0596,0.0597,0.0598,0.0599,0.06,0.0601,0.0602,0.0603,0.0604,82674,366685,308204,670209,1271161,78792,71153,148055,105863,1306585,19817,161661,189511,212765,89902,492159,445556,40713,183938,14560
48,0.0593,0.0592,0.0591,0.059,0.0589,0.0588,0.0587,0.0586,0.0585,0.0584,0.0594,0.0595,0.0596,0.0597,0.0598,0.0599,0.06,0.0601,0.0602,0.0603,76862,231601,365682,1326112,506434,83074,142939,108588,891869,451538,28423,151751,159945,179501,167742,89902,432486,438216,40713,158873
49,0.0593,0.0592,0.0591,0.059,0.0589,0.0588,0.0587,0.0586,0.0585,0.0584,0.0594,0.0595,0.0596,0.0597,0.0598,0.0599,0.06,0.0601,0.0602,0.0603,73528,361740,495662,923048,498047,509324,147390,114315,890541,451538,28890,155593,156155,183833,169612,481406,436605,35958,34744,158873
50,0.0593,0.0592,0.0591,0.059,0.0589,0.0588,0.0587,0.0586,0.0585,0.0584,0.0594,0.0595,0.0596,0.0597,0.0598,0.0599,0.06,0.0601,0.0602,0.0603,70133,325290,474243,876966,80400,490544,143481,111590,897193,47240,28888,152218,180918,162431,169612,487948,41148,35958,34744,158873
51,0.0593,0.0592,0.0591,0.059,0.0589,0.0588,0.0587,0.0586,0.0585,0.0584,0.0594,0.0595,0.0596,0.0597,0.0598,0.0599,0.06,0.0601,0.0602,0.0603,70133,345249,474237,876966,479287,486151,143481,114315,894463,47240,28888,152218,159433,162431,169612,481886,428075,35958,34744,158873
52,0.0593,0.0592,0.0591,0.059,0.0589,0.0588,0.0587,0.0586,0.0585,0.0584,0.0594,0.0595,0.0596,0.0597,0.0598,0.0599,0.06,0.0601,0.0602,0.0603,68872,315124,470552,935370,80400,489362,558788,114315,894463,47240,34841,155593,156155,162431,568888,484175,41148,35958,34744,158873
53,0.0593,0.0592,0.0591,0.059,0.0589,0.0588,0.0587,0.0586,0.0585,0.0584,0.0594,0.0595,0.0596,0.0597,0.0598,0.0599,0.06,0.0601,0.0602,0.0603,84030,357994,428104,927258,80400,489362,558788,114315,894463,47240,28335,155593,177593,162431,568888,484175,41148,35958,34744,158873
54,0.0593,0.0592,0.0591,0.059,0.0589,0.0588,0.0587,0.0586,0.0585,0.0584,0.0594,0.0595,0.0596,0.0597,0.0598,0.0599,0.06,0.0601,0.0602,0.0603,80188,318331,431336,926619,80400,490697,550503,114315,894463,47240,21117,155570,177586,156423,169612,498422,484886,35958,34744,158873
55,0.0593,0.0592,0.0591,0.059,0.0589,0.0588,0.0587,0.0586,0.0585,0.0584,0.0594,0.0595,0.0596,0.0597,0.0598,0.0599,0.06,0.0601,0.0602,0.0603,80188,377907,477453,892071,80400,490697,550503,111590,894463,47240,21117,155570,177582,156423,580385,498422,83270,35958,34744,158873
56,0.0592,0.0591,0.059,0.0589,0.0588,0.0587,0.0586,0.0585,0.0584,0.0583,0.0593,0.0594,0.0595,0.0596,0.0597,0.0598,0.0599,0.06,0.0601,0.0602,89989,446175,951212,167657,501705,559935,111590,936585,83209,453608,24020,153340,169729,162818,521214,572999,77436,35159,36003,9679
57,0.0592,0.0591,0.059,0.0589,0.0588,0.0587,0.0586,0.0585,0.0584,0.0583,0.0593,0.0594,0.0595,0.0596,0.0597,0.0598,0.0599,0.06,0.0601,0.0602,90564,447948,1000041,135480,508998,564667,111590,936585,83209,35253,24020,160312,172834,119801,506059,555230,77436,35159,36003,9679
58,0.0592,0.0591,0.059,0.0589,0.0588,0.0587,0.0586,0.0585,0.0584,0.0583,0.0593,0.0594,0.0595,0.0596,0.0597,0.0598,0.0599,0.06,0.0601,0.0602,101595,626586,1087590,134993,508998,555235,111590,936585,73395,35253,3598,160312,172832,152972,506059,564003,77436,35159,36003,9679
59,0.0593,0.0592,0.0591,0.059,0.0589,0.0588,0.0587,0.0586,0.0585,0.0584,0.0594,0.0595,0.0596,0.0597,0.0598,0.0599,0.06,0.0601,0.0602,0.0603,37243,267882,565122,923188,89320,498698,555235,112527,936585,73395,79141,167071,210930,506059,557994,88272,41148,36003,34744,564480
60,0.0592,0.0591,0.059,0.0589,0.0588,0.0587,0.0586,0.0585,0.0584,0.0583,0.0593,0.0594,0.0595,0.0596,0.0597,0.0598,0.0599,0.06,0.0601,0.0602,40507,552058,971203,135519,507192,572684,112527,932607,77380,35253,67677,194595,162023,154992,506059,554608,35314,35159,36003,410929
61,0.0592,0.0591,0.059,0.0589,0.0588,0.0587,0.0586,0.0585,0.0584,0.0583,0.0593,0.0594,0.0595,0.0596,0.0597,0.0598,0.0599,0.06,0.0601,0.0602,41082,590303,1077599,99786,92917,549799,505752,932607,77380,35253,15810,194618,162023,154992,517899,574660,77508,35159,36003,9679
62,0.0592,0.0591,0.059,0.0589,0.0588,0.0587,0.0586,0.0585,0.0584,0.0583,0.0593,0.0594,0.0595,0.0596,0.0597,0.0598,0.0599,0.06,0.0601,0.0602,91578,587356,1052704,99786,92209,551451,504815,932607,77380,35253,17633,173160,183477,154992,517899,582883,77508,35159,36003,9679
63,0.0591,0.059,0.0589,0.0588,0.0587,0.0586,0.0585,0.0584,0.0583,0.0582,0.0592,0.0593,0.0594,0.0595,0.0596,0.0597,0.0598,0.0599,0.06,0.0601,10849,916934,217211,322303,494798,491906,994902,83126,120489,41224,85140,150282,151504,163738,506564,484329,105452,35314,35204,409898
64,0.0591,0.059,0.0589,0.0588,0.0587,0.0586,0.0585,0.0584,0.0583,0.0582,0.0592,0.0593,0.0594,0.0595,0.0596,0.0597,0.0598,0.0599,0.06,0.0601,57577,1002547,272584,322804,494798,491906,990758,83126,120489,41224,21429,150282,173001,169915,512593,492631,141708,35314,35204,409898
65,0.0591,0.059,0.0589,0.0588,0.0587,0.0586,0.0585,0.0584,0.0583,0.0582,0.0592,0.0593,0.0594,0.0595,0.0596,0.0597,0.0598,0.0599,0.06,0.0601,14335,1040376,348848,276527,541182,491906,990758,87278,120489,41224,86216,150283,172999,172383,512593,484329,101292,35314,33355,409898
66,0.0592,0.0591,0.059,0.0589,0.0588,0.0587,0.0586,0.0585,0.0584,0.0583,0.0593,0.0594,0.0595,0.0596,0.0597,0.0598,0.0599,0.06,0.0601,0.0602,17657,389109,1064696,244697,154909,497818,469962,990758,87278,120489,87023,157030,203308,512593,501759,152729,35314,33355,434963,412033
67,0.0592,0.0591,0.059,0.0589,0.0588,0.0587,0.0586,0.0585,0.0584,0.0583,0.0593,0.0594,0.0595,0.0596,0.0597,0.0598,0.0599,0.06,0.0601,0.0602,17657,427453,960114,224349,108632,497818,469962,990758,87278,120489,87023,157030,224751,506564,501759,158738,35314,33355,434963,412033
68,0.0592,0.0591,0.059,0.0589,0.0588,0.0587,0.0586,0.0585,0.0584,0.0583,0.0593,0.0594,0.0595,0.0596,0.0597,0.0598,0.0599,0.06,0.0601,0.0602,10396,343515,938313,224349,108768,497008,469962,990758,87278,115811,87023,157030,218746,506564,501759,158738,35314,33355,434963,412033
69,0.0592,0.0591,0.059,0.0589,0.0588,0.0587,0.0586,0.0585,0.0584,0.0583,0.0593,0.0594,0.0595,0.0596,0.0597,0.0598,0.0599,0.06,0.0601,0.0602,10396,363392,978427,224349,108299,98739,76737,990758,87278,110660,83677,157030,179569,142515,94807,158738,35314,33355,42684,10264
70,0.0592,0.0591,0.059,0.0589,0.0588,0.0587,0.0586,0.0585,0.0584,0.0583,0.0593,0.0594,0.0595,0.0596,0.0597,0.0598,0.0599,0.06,0.0601,0.0602,9528,470846,967938,130138,108299,510412,481329,990758,83126,110660,83418,161012,179566,142515,491571,550939,35314,33355,42684,413152
71,0.0591,0.059,0.0589,0.0588,0.0587,0.0586,0.0585,0.0584,0.0583,0.0582,0.0592,0.0593,0.0594,0.0595,0.0596,0.0597,0.0598,0.0599,0.06,0.0601,73492,1165394,313359,262845,517972,489739,986458,83126,110660,445725,57194,157190,151201,169441,106571,482202,499502,35314,33355,17619
72,0.0591,0.059,0.0589,0.0588,0.0587,0.0586,0.0585,0.0584,0.0583,0.0582,0.0592,0.0593,0.0594,0.0595,0.0596,0.0597,0.0598,0.0599,0.06,0.0601,112401,989557,178297,309083,517972,489453,644578,83126,110660,445725,8942,158987,171854,161204,507327,490946,99443,35314,33355,416799
73,0.0592,0.0591,0.059,0.0589,0.0588,0.0587,0.0586,0.0585,0.0584,0.0583,0.0593,0.0594,0.0595,0.0596,0.0597,0.0598,0.0599,0.06,0.0601,0.0602,14106,337754,972879,156035,154468,517972,481329,644578,83126,110660,109297,155915,190315,495107,490946,105452,35314,33355,441864,413152
74,0.0593,0.0592,0.0591,0.059,0.0589,0.0588,0.0587,0.0586,0.0585,0.0584,0.0594,0.0595,0.0596,0.0597,0.0598,0.0599,0.06,0.0601,0.0602,0.0603,125187,407719,634484,819979,521056,494425,77818,76862,644837,503074,15792,169754,157158,173265,157836,442451,449532,35177,35329,158873
75,0.0595,0.0594,0.0593,0.0592,0.0591,0.059,0.0589,0.0588,0.0587,0.0586,0.0596,0.0597,0.0598,0.0599,0.06,0.0601,0.0602,0.0603,0.0604,0.0605,14070,233446,249084,227865,177781,1099994,585211,63558,77818,76862,79932,194864,216363,133622,460539,446299,35329,183938,33967,28821
76,0.0594,0.0593,0.0592,0.0591,0.059,0.0589,0.0588,0.0587,0.0586,0.0585,0.0595,0.0596,0.0597,0.0598,0.0599,0.06,0.0601,0.0602,0.0603,0.0604,80629,186530,357571,280860,1205806,519286,92586,77818,76862,587064,15895,157978,172100,201385,490363,443543,35177,35329,189897,8902
77,0.0594,0.0593,0.0592,0.0591,0.059,0.0589,0.0588,0.0587,0.0586,0.0585,0.0595,0.0596,0.0597,0.0598,0.0599,0.06,0.0601,0.0602,0.0603,0.0604,61120,169049,288929,319728,808812,519286,495710,77818,76862,587064,16857,157977,193364,201574,491132,443543,35177,35329,189897,405557
78,0.0595,0.0594,0.0593,0.0592,0.0591,0.059,0.0589,0.0588,0.0587,0.0586,0.0596,0.0597,0.0598,0.0599,0.06,0.0601,0.0602,0.0603,0.0604,0.0605,60039,216512,260495,295458,122785,1106045,556233,92586,77818,76862,23245,172918,279429,503781,452218,77229,35329,183938,33967,422020
79,0.0595,0.0594,0.0593,0.0592,0.0591,0.059,0.0589,0.0588,0.0587,0.0586,0.0596,0.0597,0.0598,0.0599,0.06,0.0601,0.0602,0.0603,0.0604,0.0605,108811,277301,219537,287242,179974,696909,70521,92586,77818,76862,19794,165597,237898,121371,93274,35177,35329,183938,33967,22882
80,0.0595,0.0594,0.0593,0.0592,0.0591,0.059,0.0589,0.0588,0.0587,0.0586,0.0596,0.0597,0.0598,0.0599,0.06,0.0601,0.0602,0.0603,0.0604,0.0605,110310,249142,313722,279730,179694,1097908,479609,92586,77818,76862,28166,202887,214135,197429,487637,484065,35329,183938,33967,22882
81,0.0596,0.0595,0.0594,0.0593,0.0592,0.0591,0.059,0.0589,0.0588,0.0587,0.0597,0.0598,0.0599,0.06,0.0601,0.0602,0.0603,0.0604,0.0605,0.0606,124673,199398,353946,288793,564770,546500,668727,70521,91878,77818,15907,210653,168416,209123,507017,501605,184764,33967,47947,31514
82,0.0597,0.0596,0.0595,0.0594,0.0593,0.0592,0.0591,0.059,0.0589,0.0588,0.0598,0.0599,0.06,0.0601,0.0602,0.0603,0.0604,0.0605,0.0606,0.0607,6329,141712,201362,245000,211840,564878,546500,668727,70521,91878,142555,171371,206283,530751,494966,184764,33967,47947,6449,404924
83,0.0596,0.0595,0.0594,0.0593,0.0592,0.0591,0.059,0.0589,0.0588,0.0587,0.0597,0.0598,0.0599,0.06,0.0601,0.0602,0.0603,0.0604,0.0605,0.0606,16009,189924,246740,333874,564878,555141,668727,70521,91878,77818,55872,178925,166356,201112,500418,443122,184764,33967,47947,6449
84,0.0596,0.0595,0.0594,0.0593,0.0592,0.0591,0.059,0.0589,0.0588,0.0587,0.0597,0.0598,0.0599,0.06,0.0601,0.0602,0.0603,0.0604,0.0605,0.0606,13236,226130,259233,301026,564878,558256,668727,70521,91878,77818,64859,178925,151327,201112,500418,443122,184764,33967,47947,6449
85,0.0596,0.0595,0.0594,0.0593,0.0592,0.0591,0.059,0.0589,0.0588,0.0587,0.0597,0.0598,0.0599,0.06,0.0601,0.0602,0.0603,0.0604,0.0605,0.0606,134855,276297,238358,259148,564285,557399,668727,70521,91878,486144,35262,186412,157829,218723,504630,485033,184764,33967,47947,6449
86,0.0596,0.0595,0.0594,0.0593,0.0592,0.0591,0.059,0.0589,0.0588,0.0587,0.0597,0.0598,0.0599,0.06,0.0601,0.0602,0.0603,0.0604,0.0605,0.0606,21197,310920,211949,298423,517623,555729,668727,70521,91878,486144,98796,176011,157829,229210,504630,443122,184764,33967,47947,6449
87,0.0596,0.0595,0.0594,0.0593,0.0592,0.0591,0.059,0.0589,0.0588,0.0587,0.0597,0.0598,0.0599,0.06,0.0601,0.0602,0.0603,0.0604,0.0605,0.0606,21197,335308,211941,298423,517623,555729,668727,70521,91878,486144,102612,197168,157363,208045,504630,443122,184764,33967,47947,6449
88,0.0596,0.0595,0.0594,0.0593,0.0592,0.0591,0.059,0.0589,0.0588,0.0587,0.0597,0.0598,0.0599,0.06,0.0601,0.0602,0.0603,0.0604,0.0605,0.0606,14960,335241,229647,280687,517623,555729,668727,70521,91878,486144,77328,197168,151231,188934,499042,485033,184764,33967,47947,6449
89,0.0596,0.0595,0.0594,0.0593,0.0592,0.0591,0.059,0.0589,0.0588,0.0587,0.0597,0.0598,0.0599,0.06,0.0601,0.0602,0.0603,0.0604,0.0605,0.0606,14960,298623,188829,213699,121604,554768,1069243,70521,91878,77616,121606,197136,147138,195033,485202,433025,184764,33967,47947,6449
90,0.0595,0.0594,0.0593,0.0592,0.0591,0.059,0.0589,0.0588,0.0587,0.0586,0.0596,0.0597,0.0598,0.0599,0.06,0.0601,0.0602,0.0603,0.0604,0.0605,17883,296226,192891,327247,583111,1084545,70521,91878,77616,446396,92522,165073,187573,130824,481432,432457,35329,184764,39916,22882
91,0.0596,0.0595,0.0594,0.0593,0.0592,0.0591,0.059,0.0589,0.0588,0.0587,0.0597,0.0598,0.0599,0.06,0.0601,0.0602,0.0603,0.0604,0.0605,0.0606,63544,316989,285912,194002,175831,517982,1133663,70521,91878,77616,31404,194929,162468,184416,474438,470009,184764,39916,47947,412147
92,0.0596,0.0595,0.0594,0.0593,0.0592,0.0591,0.059,0.0589,0.0588,0.0587,0.0597,0.0598,0.0599,0.06,0.0601,0.0602,0.0603,0.0604,0.0605,0.0606,107540,363604,268589,266681,538643,491735,726013,70521,91878,488595,38811,173440,182428,136312,89093,469336,580945,33967,47947,6449
93,0.0596,0.0595,0.0594,0.0593,0.0592,0.0591,0.059,0.0589,0.0588,0.0587,0.0597,0.0598,0.0599,0.06,0.0601,0.0602,0.0603,0.0604,0.0605,0.0606,34397,300210,352165,266681,538092,499935,726013,70521,91878,488595,79135,173440,177001,204339,485291,427355,184764,33967,47947,12379
94,0.0596,0.0595,0.0594,0.0593,0.0592,0.0591,0.059,0.0589,0.0588,0.0587,0.0597,0.0598,0.0599,0.06,0.0601,0.0602,0.0603,0.0604,0.0605,0.0606,12970,209012,388213,265463,538092,499935,726013,70521,91878,488595,106782,173440,182939,185228,485291,427355,184764,33967,40440,12379
95,0.0596,0.0595,0.0594,0.0593,0.0592,0.0591,0.059,0.0589,0.0588,0.0587,0.0597,0.0598,0.0599,0.06,0.0601,0.0602,0.0603,0.0604,0.0605,0.0606,12970,300596,331260,274025,537384,499935,726013,70521,91878,488595,106782,173440,182937,185228,485291,427355,184764,33967,40440,12379
96,0.0598,0.0597,0.0596,0.0595,0.0594,0.0593,0.0592,0.0591,0.059,0.0589,0.0599,0.06,0.0601,0.0602,0.0603,0.0604,0.0605,0.0606,0.0607,0.0608,36005,226907,192395,243807,177386,104856,98828,92917,726013,70521,47446,166284,131830,147991,236216,33967,40440,31514,42249,6271
97,0.0598,0.0597,0.0596,0.0595,0.0594,0.0593,0.0592,0.0591,0.059,0.0589,0.0599,0.06,0.0601,0.0602,0.0603,0.0604,0.0605,0.0606,0.0607,0.0608,35921,162923,234416,244357,176835,104856,98828,92917,726013,70521,55674,145236,152853,177414,236216,33967,40990,31514,42249,6271
98,0.0597,0.0596,0.0595,0.0594,0.0593,0.0592,0.0591,0.059,0.0589,0.0588,0.0598,0.0599,0.06,0.0601,0.0602,0.0603,0.0604,0.0605,0.0606,0.0607,20964,167396,296273,334254,511890,501922,92917,726013,70521,468469,54294,125313,164604,127559,87353,226605,426356,439763,31511,17184
99,0.0596,0.0595,0.0594,0.0593,0.0592,0.0591,0.059,0.0589,0.0588,0.0587,0.0597,0.0598,0.0599,0.06,0.0601,0.0602,0.0603,0.0604,0.0605,0.0606,22712,379520,285614,273273,522787,479735,726013,70521,106304,77543,56516,136902,130350,192121,502328,480453,184764,33967,46379,6449
100,0.0595,0.0594,0.0593,0.0592,0.0591,0.059,0.0589,0.0588,0.0587,0.0586,0.0596,0.0597,0.0598,0.0599,0.06,0.0601,0.0602,0.0603,0.0604,0.0605,79560,328145,296251,205786,106744,1146177,477767,106304,77543,34881,82863,136671,118077,195682,499032,478452,35295,190723,33967,40440
101,0.0596,0.0595,0.0594,0.0593,0.0592,0.0591,0.059,0.0589,0.0588,0.0587,0.0597,0.0598,0.0599,0.06,0.0601,0.0602,0.0603,0.0604,0.0605,0.0606,77765,305804,362068,203251,128034,503098,1135677,70521,109023,77546,77390,150782,117260,179487,488745,470756,184764,33967,40440,430804
102,0.0596,0.0595,0.0594,0.0593,0.0592,0.0591,0.059,0.0589,0.0588,0.0587,0.0597,0.0598,0.0599,0.06,0.0601,0.0602,0.0603,0.0604,0.0605,0.0606,88395,385570,383028,284815,532916,494267,726013,73232,106307,77546,30780,144632,141757,187568,497162,470756,226675,33967,40440,430804
103,0.0598,0.0597,0.0596,0.0595,0.0594,0.0593,0.0592,0.0591,0.059,0.0589,0.0599,0.06,0.0601,0.0602,0.0603,0.0604,0.0605,0.0606,0.0607,0.0608,14596,178119,269018,232787,253983,553893,506106,93118,726013,73232,148838,126419,226718,492994,633111,32118,40440,31514,36591,12181
104,0.0598,0.0597,0.0596,0.0595,0.0594,0.0593,0.0592,0.0591,0.059,0.0589,0.0599,0.06,0.0601,0.0602,0.0603,0.0604,0.0605,0.0606,0.0607,0.0608,68619,225443,271003,313638,581548,499487,98828,93118,728720,70521,6979,149541,168508,169253,643300,487315,40440,39021,34742,31333
105,0.0599,0.0598,0.0597,0.0596,0.0595,0.0594,0.0593,0.0592,0.0591,0.059,0.06,0.0601,0.0602,0.0603,0.0604,0.0605,0.0606,0.0607,0.0608,0.0609,57788,159223,206919,188275,160256,580514,499487,98828,95820,726013,30153,161978,181435,273142,496699,490109,31514,34742,33182,423712
106,0.0599,0.0598,0.0597,0.0596,0.0595,0.0594,0.0593,0.0592,0.0591,0.059,0.06,0.0601,0.0602,0.0603,0.0604,0.0605,0.0606,0.0607,0.0608,0.0609,34938,162163,183006,316702,558913,577321,96377,98828,76547,725968,18118,160607,202377,274228,499388,490109,31514,34742,33182,423712
107,0.06,0.0599,0.0598,0.0597,0.0596,0.0595,0.0594,0.0593,0.0592,0.0591,0.0601,0.0602,0.0603,0.0604,0.0605,0.0606,0.0607,0.0608,0.0609,0.061,9337,158119,183848,182519,155818,499645,558569,96377,101525,73845,105714,186424,281596,119195,503763,441155,34742,33182,31963,504370
108,0.0601,0.06,0.0599,0.0598,0.0597,0.0596,0.0595,0.0594,0.0593,0.0592,0.0602,0.0603,0.0604,0.0605,0.0606,0.0607,0.0608,0.0609,0.061,0.0611,26315,198386,314768,253612,127786,518091,486317,171653,77202,79588,36044,278492,141825,175400,491959,470094,31333,31963,112407,31276
109,0.06,0.0599,0.0598,0.0597,0.0596,0.0595,0.0594,0.0593,0.0592,0.0591,0.0601,0.0602,0.0603,0.0604,0.0605,0.0606,0.0607,0.0608,0.0609,0.061,94654,220506,297069,289304,527034,486317,142920,77202,79588,508826,31850,169477,283188,113148,98413,475454,428532,31333,31963,112324
110,0.06,0.0599,0.0598,0.0597,0.0596,0.0595,0.0594,0.0593,0.0592,0.0591,0.0601,0.0602,0.0603,0.0604,0.0605,0.0606,0.0607,0.0608,0.0609,0.061,63498,306798,256738,289304,527034,495604,92564,79895,79588,508826,20224,169477,284306,114519,106547,474083,428532,31333,31963,112324
111,0.0599,0.0598,0.0597,0.0596,0.0595,0.0594,0.0593,0.0592,0.0591,0.059,0.06,0.0601,0.0602,0.0603,0.0604,0.0605,0.0606,0.0607,0.0608,0.0609,40898,268825,197537,294777,515287,507273,79895,79588,135525,626088,55828,131957,161662,291297,488628,482036,32340,34742,31333,31963
112,0.0599,0.0598,0.0597,0.0596,0.0595,0.0594,0.0593,0.0592,0.0591,0.059,0.06,0.0601,0.0602,0.0603,0.0604,0.0605,0.0606,0.0607,0.0608,0.0609,82599,334545,253463,206363,110067,502145,484947,82285,130272,631349,14436,131870,182581,291297,486558,484687,74041,34742,31333,31963
113,0.0599,0.0598,0.0597,0.0596,0.0595,0.0594,0.0593,0.0592,0.0591,0.059,0.06,0.0601,0.0602,0.0603,0.0604,0.0605,0.0606,0.0607,0.0608,0.0609,76647,249410,190706,319482,514361,502145,77202,82285,130272,631650,14436,131870,182578,291297,486558,484687,74041,34742,31333,31963
114,0.06,0.0599,0.0598,0.0597,0.0596,0.0595,0.0594,0.0593,0.0592,0.0591,0.0601,0.0602,0.0603,0.0604,0.0605,0.0606,0.0607,0.0608,0.0609,0.061,33041,203206,362188,159700,171036,505872,493061,77202,82285,130272,76358,172858,316674,486558,495166,74041,34742,31333,31963,516268
115,0.06,0.0599,0.0598,0.0597,0.0596,0.0595,0.0594,0.0593,0.0592,0.0591,0.0601,0.0602,0.0603,0.0604,0.0605,0.0606,0.0607,0.0608,0.0609,0.061,60012,297523,315834,277850,125377,505872,493061,77202,82285,88641,29652,172859,280917,133156,493220,480005,76443,31333,31963,516268
116,0.06,0.0599,0.0598,0.0597,0.0596,0.0595,0.0594,0.0593,0.0592,0.0591,0.0601,0.0602,0.0603,0.0604,0.0605,0.0606,0.0607,0.0608,0.0609,0.061,61384,238339,272185,215077,125377,506670,493061,79895,79588,88641,23765,172312,281465,133156,493220,480005,76443,31333,31963,516268
117,0.06,0.0599,0.0598,0.0597,0.0596,0.0595,0.0594,0.0593,0.0592,0.0591,0.0601,0.0602,0.0603,0.0604,0.0605,0.0606,0.0607,0.0608,0.0609,0.061,80368,177126,336174,215077,125377,490658,491524,79895,79588,88641,11597,175557,302320,132447,492798,455882,76443,31333,31963,112407
118,0.0601,0.06,0.0599,0.0598,0.0597,0.0596,0.0595,0.0594,0.0593,0.0592,0.0602,0.0603,0.0604,0.0605,0.0606,0.0607,0.0608,0.0609,0.061,0.0611,31524,223917,270868,332903,152431,521901,502457,92564,79895,79588,67575,312089,197356,497805,480042,76443,31333,31963,112407,418580
119,0.0601,0.06,0.0599,0.0598,0.0597,0.0596,0.0595,0.0594,0.0593,0.0592,0.0602,0.0603,0.0604,0.0605,0.0606,0.0607,0.0608,0.0609,0.061,0.0611,103306,288188,287155,321811,514503,522225,92291,92564,79895,136682,5889,295687,148740,179777,480042,473573,31333,31963,106561,418580
120,0.0601,0.06,0.0599,0.0598,0.0597,0.0596,0.0595,0.0594,0.0593,0.0592,0.0602,0.0603,0.0604,0.0605,0.0606,0.0607,0.0608,0.0609,0.061,0.0611,112410,247885,429868,305380,514503,513636,92291,95252,77202,136682,5889,295687,148737,179777,480042,473573,31333,31963,106561,418580
121,0.0601,0.06,0.0599,0.0598,0.0597,0.0596,0.0595,0.0594,0.0593,0.0592,0.0602,0.0603,0.0604,0.0605,0.0606,0.0607,0.0608,0.0609,0.061,0.0611,96251,340362,328151,282096,514503,513636,92291,95252,77074,141757,15262,290816,169476,179777,480042,473573,31333,31963,104712,418580
122,0.0602,0.0601,0.06,0.0599,0.0598,0.0597,0.0596,0.0595,0.0594,0.0593,0.0603,0.0604,0.0605,0.0606,0.0607,0.0608,0.0609,0.061,0.0611,0.0612,63216,261464,353910,290059,121039,506278,501566,92291,95252,77074,173025,171936,137699,155501,482333,464822,73456,104712,31276,44793
123,0.0601,0.06,0.0599,0.0598,0.0597,0.0596,0.0595,0.0594,0.0593,0.0592,0.0602,0.0603,0.0604,0.0605,0.0606,0.0607,0.0608,0.0609,0.061,0.0611,124456,339678,223831,166509,520911,501566,94975,92564,77074,487807,8788,260591,165762,129566,125723,473573,464822,31963,104712,31276
124,0.0601,0.06,0.0599,0.0598,0.0597,0.0596,0.0595,0.0594,0.0593,0.0592,0.0602,0.0603,0.0604,0.0605,0.0606,0.0607,0.0608,0.0609,0.061,0.0611,43562,377382,224765,311187,520911,509856,92291,95252,77074,507500,14510,290754,167141,129566,86285,473573,423260,31963,104712,31276
125,0.0601,0.06,0.0599,0.0598,0.0597,0.0596,0.0595,0.0594,0.0593,0.0592,0.0602,0.0603,0.0604,0.0605,0.0606,0.0607,0.0608,0.0609,0.061,0.0611,85124,350647,193458,226400,121318,510218,489475,95252,77253,94360,13680,290503,166757,129566,86285,470398,421269,31963,104712,31276
126,0.0603,0.0602,0.0601,0.06,0.0599,0.0598,0.0597,0.0596,0.0595,0.0594,0.0604,0.0605,0.0606,0.0607,0.0608,0.0609,0.061,0.0611,0.0612,0.0613,76730,278725,234250,406632,504644,504309,95560,76988,73148,76077,44729,145377,151574,157379,478807,474820,146205,31276,44850,15973
127,0.0604,0.0603,0.0602,0.0601,0.06,0.0599,0.0598,0.0597,0.0596,0.0595,0.0605,0.0606,0.0607,0.0608,0.0609,0.061,0.0611,0.0612,0.0613,0.0614,57281,176758,255874,274034,273017,495927,121252,95560,76988,31167,28363,136243,171095,195997,490654,544672,72701,36461,48922,418299
128,0.0604,0.0603,0.0602,0.0601,0.06,0.0599,0.0598,0.0597,0.0596,0.0595,0.0605,0.0606,0.0607,0.0608,0.0609,0.061,0.0611,0.0612,0.0613,0.0614,117368,176721,283457,266616,676264,499804,121320,95560,76988,34261,10591,136242,142406,193465,490069,552943,72632,36461,49276,418299
129,0.0603,0.0602,0.0601,0.06,0.0599,0.0598,0.0597,0.0596,0.0595,0.0594,0.0604,0.0605,0.0606,0.0607,0.0608,0.0609,0.061,0.0611,0.0612,0.0613,36508,173330,276969,267198,113255,523451,480503,76988,132492,31085,78619,134041,131462,122479,97244,460222,481844,31276,36461,24369
130,0.0601,0.06,0.0599,0.0598,0.0597,0.0596,0.0595,0.0594,0.0593,0.0592,0.0602,0.0603,0.0604,0.0605,0.0606,0.0607,0.0608,0.0609,0.061,0.0611,40684,329801,239879,286778,498191,485885,75686,72510,133732,37225,80536,140222,139432,141040,88290,481932,475796,32204,104712,6297
131,0.0601,0.06,0.0599,0.0598,0.0597,0.0596,0.0595,0.0594,0.0593,0.0592,0.0602,0.0603,0.0604,0.0605,0.0606,0.0607,0.0608,0.0609,0.061,0.0611,21732,216706,198626,264308,503632,485885,73002,72510,136425,37225,82262,140222,139432,185841,489194,481932,74744,32204,104712,6297
132,0.0601,0.06,0.0599,0.0598,0.0597,0.0596,0.0595,0.0594,0.0593,0.0592,0.0602,0.0603,0.0604,0.0605,0.0606,0.0607,0.0608,0.0609,0.061,0.0611,122604,298102,303413,271559,498191,477737,73002,72510,136425,37225,82262,140222,141065,195510,488108,480561,74744,32204,104712,6297
133,0.0601,0.06,0.0599,0.0598,0.0597,0.0596,0.0595,0.0594,0.0593,0.0592,0.0602,0.0603,0.0604,0.0605,0.0606,0.0607,0.0608,0.0609,0.061,0.0611,76151,317417,286919,271596,498191,477737,73002,72510,136425,37225,82262,140222,161817,195510,488108,474485,74744,32204,104712,6297
134,0.06,0.0599,0.0598,0.0597,0.0596,0.0595,0.0594,0.0593,0.0592,0.0591,0.0601,0.0602,0.0603,0.0604,0.0605,0.0606,0.0607,0.0608,0.0609,0.061,76035,363837,211109,279604,495170,475372,72510,133732,39922,464176,66740,149350,132059,158528,98658,485745,474485,72895,39711,79692
135,0.06,0.0599,0.0598,0.0597,0.0596,0.0595,0.0594,0.0593,0.0592,0.0591,0.0601,0.0602,0.0603,0.0604,0.0605,0.0606,0.0607,0.0608,0.0609,0.061,188033,342787,251513,280066,495170,465292,72510,133732,39922,464176,45113,173985,132059,136045,98658,485745,474485,72895,39711,79692
136,0.06,0.0599,0.0598,0.0597,0.0596,0.0595,0.0594,0.0593,0.0592,0.0591,0.0601,0.0602,0.0603,0.0604,0.0605,0.0606,0.0607,0.0608,0.0609,0.061,117470,435453,293730,280066,495170,465292,72510,136425,37225,464176,68665,149350,132059,156850,98658,485745,474485,72895,39711,79692
137,0.06,0.0599,0.0598,0.0597,0.0596,0.0595,0.0594,0.0593,0.0592,0.0591,0.0601,0.0602,0.0603,0.0604,0.0605,0.0606,0.0607,0.0608,0.0609,0.061,83390,400819,223542,304949,507096,483294,72510,133732,37225,60873,47014,145948,135410,136045,98658,487743,468883,72895,39711,79692
138,0.06,0.0599,0.0598,0.0597,0.0596,0.0595,0.0594,0.0593,0.0592,0.0591,0.0601,0.0602,0.0603,0.0604,0.0605,0.0606,0.0607,0.0608,0.0609,0.061,82553,376424,198327,198986,106494,73002,72510,136425,37225,60873,39798,166732,132059,136045,98658,85694,76443,72895,39711,79692
139,0.06,0.0599,0.0598,0.0597,0.0596,0.0595,0.0594,0.0593,0.0592,0.0591,0.0601,0.0602,0.0603,0.0604,0.0605,0.0606,0.0607,0.0608,0.0609,0.061,75487,379680,223530,304752,511639,482846,72510,136425,37225,60873,39798,166730,135299,135926,98658,474809,456569,72895,39711,79692
140,0.06,0.0599,0.0598,0.0597,0.0596,0.0595,0.0594,0.0593,0.0592,0.0591,0.0601,0.0602,0.0603,0.0604,0.0605,0.0606,0.0607,0.0608,0.0609,0.061,74544,396228,245037,198986,106494,482370,473977,136425,37225,60873,39583,149206,132060,135926,98658,482626,475161,72895,39711,79692
141,0.06,0.0599,0.0598,0.0597,0.0596,0.0595,0.0594,0.0593,0.0592,0.0591,0.0601,0.0602,0.0603,0.0604,0.0605,0.0606,0.0607,0.0608,0.0609,0.061,74696,399969,202201,288082,515539,482370,72510,136425,37225,60873,39583,149754,131512,135926,98658,482626,475161,72895,39711,79692
142,0.0599,0.0598,0.0597,0.0596,0.0595,0.0594,0.0593,0.0592,0.0591,0.059,0.06,0.0601,0.0602,0.0603,0.0604,0.0605,0.0606,0.0607,0.0608,0.0609,63663,315144,216256,284052,499196,499002,133732,81553,60914,1043668,31897,142317,156953,118184,106385,490786,471399,76443,72812,19765
143,0.0599,0.0598,0.0597,0.0596,0.0595,0.0594,0.0593,0.0592,0.0591,0.059,0.06,0.0601,0.0602,0.0603,0.0604,0.0605,0.0606,0.0607,0.0608,0.0609,200924,285848,281396,262602,499196,488264,133732,81553,60914,1038407,15219,150037,136181,139974,100513,490786,471399,76443,72812,19765
144,0.0599,0.0598,0.0597,0.0596,0.0595,0.0594,0.0593,0.0592,0.0591,0.059,0.06,0.0601,0.0602,0.0603,0.0604,0.0605,0.0606,0.0607,0.0608,0.0609,34089,284696,306058,263100,499196,499482,133732,81553,102615,626347,63713,120765,124355,138031,492783,483871,74467,76443,72951,19765
145,0.0599,0.0598,0.0597,0.0596,0.0595,0.0594,0.0593,0.0592,0.0591,0.059,0.06,0.0601,0.0602,0.0603,0.0604,0.0605,0.0606,0.0607,0.0608,0.0609,34089,260843,294429,196062,89828,496536,541378,81553,102615,626347,58713,125804,125396,198244,497441,473230,74467,76443,72951,19765
146,0.0599,0.0598,0.0597,0.0596,0.0595,0.0594,0.0593,0.0592,0.0591,0.059,0.06,0.0601,0.0602,0.0603,0.0604,0.0605,0.0606,0.0607,0.0608,0.0609,25442,217409,191013,196062,89649,501980,536381,81553,102615,626347,58713,125689,125396,198134,494893,479756,74467,76443,72951,19765
147,0.0598,0.0597,0.0596,0.0595,0.0594,0.0593,0.0592,0.0591,0.059,0.0589,0.0599,0.06,0.0601,0.0602,0.0603,0.0604,0.0605,0.0606,0.0607,0.0608,278420,248351,297253,190358,497039,544562,83106,109421,630236,450541,11989,157539,130919,147930,98911,480815,479756,80397,76443,6271
148,0.0598,0.0597,0.0596,0.0595,0.0594,0.0593,0.0592,0.0591,0.059,0.0589,0.0599,0.06,0.0601,0.0602,0.0603,0.0604,0.0605,0.0606,0.0607,0.0608,270073,261168,248518,226682,488488,538038,83106,109421,630236,40792,11989,157539,153658,127124,98911,488935,482486,80397,76443,6271
149,0.0598,0.0597,0.0596,0.0595,0.0594,0.0593,0.0592,0.0591,0.059,0.0589,0.0599,0.06,0.0601,0.0602,0.0603,0.0604,0.0605,0.0606,0.0607,0.0608,173136,345968,282971,209464,488488,493175,140200,109421,630236,35522,12572,161689,138754,119140,98911,492863,478094,80397,76513,6271
150,0.0598,0.0597,0.0596,0.0595,0.0594,0.0593,0.0592,0.0591,0.059,0.0589,0.0599,0.06,0.0601,0.0602,0.0603,0.0604,0.0605,0.0606,0.0607,0.0608,33255,232332,253198,255200,488488,493175,135950,105317,668118,31571,76897,149373,116106,192225,491057,479950,79506,80397,34742,6271
151,0.0598,0.0597,0.0596,0.0595,0.0594,0.0593,0.0592,0.0591,0.059,0.0589,0.0599,0.06,0.0601,0.0602,0.0603,0.0604,0.0605,0.0606,0.0607,0.0608,14423,221951,212368,183446,84361,502222,529486,105317,668118,31571,77049,149356,134729,196219,498473,482443,79506,80397,34742,403001
152,0.0598,0.0597,0.0596,0.0595,0.0594,0.0593,0.0592,0.0591,0.059,0.0589,0.0599,0.06,0.0601,0.0602,0.0603,0.0604,0.0605,0.0606,0.0607,0.0608,8573,270789,286367,183446,84361,501170,533199,105317,668118,36841,78866,149369,138941,196076,496933,482785,79506,80397,34742,408063
153,0.0598,0.0597,0.0596,0.0595,0.0594,0.0593,0.0592,0.0591,0.059,0.0589,0.0599,0.06,0.0601,0.0602,0.0603,0.0604,0.0605,0.0606,0.0607,0.0608,21553,192268,246258,219436,84361,506018,537449,115104,630236,40792,58643,125058,232798,501025,497309,72634,79506,80882,76580,408063
154,0.0599,0.0598,0.0597,0.0596,0.0595,0.0594,0.0593,0.0592,0.0591,0.059,0.06,0.0601,0.0602,0.0603,0.0604,0.0605,0.0606,0.0607,0.0608,0.0609,39373,225681,370903,312623,108728,481107,494646,142875,65018,630236,77949,149135,149982,190933,479144,461243,74952,76580,73104,408335
155,0.06,0.0599,0.0598,0.0597,0.0596,0.0595,0.0594,0.0593,0.0592,0.0591,0.0601,0.0602,0.0603,0.0604,0.0605,0.0606,0.0607,0.0608,0.0609,0.061,58815,195825,312407,209532,207389,509220,489337,76942,97016,66167,38769,125142,141790,189056,484389,459930,76580,73034,39470,479534
156,0.0601,0.06,0.0599,0.0598,0.0597,0.0596,0.0595,0.0594,0.0593,0.0592,0.0602,0.0603,0.0604,0.0605,0.0606,0.0607,0.0608,0.0609,0.061,0.0611,71988,169724,200408,220067,129763,547683,487055,75176,35241,94319,35854,149930,154837,191282,470176,474048,73034,81101,104671,6297
157,0.06,0.0599,0.0598,0.0597,0.0596,0.0595,0.0594,0.0593,0.0592,0.0591,0.0601,0.0602,0.0603,0.0604,0.0605,0.0606,0.0607,0.0608,0.0609,0.061,43067,169041,220480,256575,166442,491364,475886,79496,135950,66167,59746,145397,144990,210167,509353,481661,76580,73034,39470,79692
158,0.0599,0.0598,0.0597,0.0596,0.0595,0.0594,0.0593,0.0592,0.0591,0.059,0.06,0.0601,0.0602,0.0603,0.0604,0.0605,0.0606,0.0607,0.0608,0.0609,796,198600,319824,265011,521710,489242,76803,138578,107798,626347,91187,135931,135287,211280,496723,485915,74952,76580,31333,415401
159,0.0598,0.0597,0.0596,0.0595,0.0594,0.0593,0.0592,0.0591,0.059,0.0589,0.0599,0.06,0.0601,0.0602,0.0603,0.0604,0.0605,0.0606,0.0607,0.0608,3705,315335,278494,259562,489242,496824,81484,110907,672007,98137,79035,150044,140677,213783,494459,473048,79506,74952,40659,6271
160,0.0598,0.0597,0.0596,0.0595,0.0594,0.0593,0.0592,0.0591,0.059,0.0589,0.0599,0.06,0.0601,0.0602,0.0603,0.0604,0.0605,0.0606,0.0607,0.0608,80370,357033,302841,203359,85866,502146,545347,113609,630236,40751,35675,153022,148996,129588,100373,474361,486838,74952,82430,6271
161,0.0598,0.0597,0.0596,0.0595,0.0594,0.0593,0.0592,0.0591,0.059,0.0589,0.0599,0.06,0.0601,0.0602,0.0603,0.0604,0.0605,0.0606,0.0607,0.0608,127071,441242,261409,268217,490477,502146,135882,113609,630236,40751,35564,153022,148995,129588,100373,474361,486838,74952,82430,6271
162,0.0598,0.0597,0.0596,0.0595,0.0594,0.0593,0.0592,0.0591,0.059,0.0589,0.0599,0.06,0.0601,0.0602,0.0603,0.0604,0.0605,0.0606,0.0607,0.0608,53364,357073,239791,203359,85866,497529,536486,113609,630236,40751,35564,153468,146604,129588,100373,466878,463236,74952,82430,6271
163,0.0597,0.0596,0.0595,0.0594,0.0593,0.0592,0.0591,0.059,0.0589,0.0588,0.0598,0.0599,0.06,0.0601,0.0602,0.0603,0.0604,0.0605,0.0606,0.0607,85297,384566,247768,239861,507049,490415,110907,674714,98137,450890,35710,128667,144630,151150,97822,491951,469586,79506,74952,9677
164,0.0598,0.0597,0.0596,0.0595,0.0594,0.0593,0.0592,0.0591,0.059,0.0589,0.0599,0.06,0.0601,0.0602,0.0603,0.0604,0.0605,0.0606,0.0607,0.0608,23125,206107,234348,196555,90442,500518,475698,163995,674714,40751,29056,147312,124314,220296,491449,477622,79506,74952,82433,6271
165,0.0598,0.0597,0.0596,0.0595,0.0594,0.0593,0.0592,0.0591,0.059,0.0589,0.0599,0.06,0.0601,0.0602,0.0603,0.0604,0.0605,0.0606,0.0607,0.0608,23125,329739,251727,196555,85866,563020,482664,106803,674714,35481,70827,168018,124679,219178,487423,464254,79506,74952,40662,6271
166,0.0596,0.0595,0.0594,0.0593,0.0592,0.0591,0.059,0.0589,0.0588,0.0587,0.0597,0.0598,0.0599,0.06,0.0601,0.0602,0.0603,0.0604,0.0605,0.0606,64108,350731,241686,255218,500112,495794,672007,80033,35435,35705,22172,145322,136933,146090,96535,489657,464462,72634,80061,8298
167,0.0595,0.0594,0.0593,0.0592,0.0591,0.059,0.0589,0.0588,0.0587,0.0586,0.0596,0.0597,0.0598,0.0599,0.06,0.0601,0.0602,0.0603,0.0604,0.0605,14498,392356,245213,233820,104745,1077906,482269,45049,42368,41013,85266,130285,142210,221214,480383,463422,81576,72489,72634,414619
168,0.0595,0.0594,0.0593,0.0592,0.0591,0.059,0.0589,0.0588,0.0587,0.0586,0.0596,0.0597,0.0598,0.0599,0.06,0.0601,0.0602,0.0603,0.0604,0.0605,56273,400933,247896,170880,104161,1077906,440428,42053,39670,41013,20286,151340,142196,221214,480383,472076,81576,72489,72634,414619
169,0.0596,0.0595,0.0594,0.0593,0.0592,0.0591,0.059,0.0589,0.0588,0.0587,0.0597,0.0598,0.0599,0.06,0.0601,0.0602,0.0603,0.0604,0.0605,0.0606,15748,272839,383394,216529,142162,501668,1067677,39921,42053,39670,90269,126295,227903,521516,481541,75607,72489,78583,87176,395209
170,0.0594,0.0593,0.0592,0.0591,0.059,0.0589,0.0588,0.0587,0.0586,0.0585,0.0595,0.0596,0.0597,0.0598,0.0599,0.06,0.0601,0.0602,0.0603,0.0604,6571,296803,235674,261001,1091010,490793,45051,42368,34881,604409,119461,153433,144827,241044,512715,472616,77448,75607,72489,471916
171,0.0593,0.0592,0.0591,0.059,0.0589,0.0588,0.0587,0.0586,0.0585,0.0584,0.0594,0.0595,0.0596,0.0597,0.0598,0.0599,0.06,0.0601,0.0602,0.0603,376624,325432,481880,691661,490793,447400,39670,47390,609715,449309,16264,154910,163982,138036,97932,503610,466627,77448,75607,72489
172,0.0593,0.0592,0.0591,0.059,0.0589,0.0588,0.0587,0.0586,0.0585,0.0584,0.0594,0.0595,0.0596,0.0597,0.0598,0.0599,0.06,0.0601,0.0602,0.0603,232831,384386,661725,701178,486675,435192,43802,46646,612668,48662,9420,160465,141552,254784,492678,509334,72865,84955,75607,480728
173,0.0593,0.0592,0.0591,0.059,0.0589,0.0588,0.0587,0.0586,0.0585,0.0584,0.0594,0.0595,0.0596,0.0597,0.0598,0.0599,0.06,0.0601,0.0602,0.0603,70805,319843,707473,701178,94595,460459,450367,50617,612668,72212,25144,160891,138038,255209,495090,502650,72865,84955,75607,475345
174,0.0594,0.0593,0.0592,0.0591,0.059,0.0589,0.0588,0.0587,0.0586,0.0585,0.0595,0.0596,0.0597,0.0598,0.0599,0.06,0.0601,0.0602,0.0603,0.0604,6812,210442,339528,218955,700540,459625,454820,35705,48625,607927,117570,186456,240078,611528,505616,72865,84955,75607,475345,431275
175,0.0594,0.0593,0.0592,0.0591,0.059,0.0589,0.0588,0.0587,0.0586,0.0585,0.0595,0.0596,0.0597,0.0598,0.0599,0.06,0.0601,0.0602,0.0603,0.0604,6812,210482,318839,176105,700540,462254,458828,42333,48625,607927,111976,204809,123967,241684,504063,465321,84955,75607,72489,435507
176,0.0593,0.0592,0.0591,0.059,0.0589,0.0588,0.0587,0.0586,0.0585,0.0584,0.0594,0.0595,0.0596,0.0597,0.0598,0.0599,0.06,0.0601,0.0602,0.0603,109562,341171,211383,747464,462254,467669,39613,51350,606412,70586,15146,163580,178315,123915,93925,494960,465321,84955,75607,72489
177,0.0594,0.0593,0.0592,0.0591,0.059,0.0589,0.0588,0.0587,0.0586,0.0585,0.0595,0.0596,0.0597,0.0598,0.0599,0.06,0.0601,0.0602,0.0603,0.0604,15597,214298,401079,177193,1115676,87002,45272,39613,51350,611718,87113,188863,145867,119066,102916,487253,84955,75607,72489,31209
178,0.0594,0.0593,0.0592,0.0591,0.059,0.0589,0.0588,0.0587,0.0586,0.0585,0.0595,0.0596,0.0597,0.0598,0.0599,0.06,0.0601,0.0602,0.0603,0.0604,15597,210658,338945,131072,701382,87002,45272,42333,48625,611718,87113,208559,142586,119066,102916,78854,84955,75607,72489,31209
179,0.0595,0.0594,0.0593,0.0592,0.0591,0.059,0.0589,0.0588,0.0587,0.0586,0.0596,0.0597,0.0598,0.0599,0.06,0.0601,0.0602,0.0603,0.0604,0.0605,5850,210588,255250,364824,112230,1103316,450637,45272,42333,48625,118318,181242,145514,256601,494597,482071,75607,72489,31209,441908
180,0.0594,0.0593,0.0592,0.0591,0.059,0.0589,0.0588,0.0587,0.0586,0.0585,0.0595,0.0596,0.0597,0.0598,0.0599,0.06,0.0601,0.0602,0.0603,0.0604,156028,331015,311534,118561,1103316,450637,45272,42333,48625,1014925,14212,150769,176134,124654,108964,494597,482071,75607,72489,31209
181,0.0594,0.0593,0.0592,0.0591,0.059,0.0589,0.0588,0.0587,0.0586,0.0585,0.0595,0.0596,0.0597,0.0598,0.0599,0.06,0.0601,0.0602,0.0603,0.0604,140856,220037,334395,118561,1111211,459290,45273,42333,48625,1014925,14212,150769,177450,124654,108964,494597,482071,75607,72489,31209
