timestamp,bid_price_0,bid_price_1,bid_price_2,bid_price_3,bid_price_4,bid_price_5,bid_price_6,bid_price_7,bid_price_8,bid_price_9,ask_price_0,ask_price_1,ask_price_2,ask_price_3,ask_price_4,ask_price_5,ask_price_6,ask_price_7,ask_price_8,ask_price_9,bid_size_0,bid_size_1,bid_size_2,bid_size_3,bid_size_4,bid_size_5,bid_size_6,bid_size_7,bid_size_8,bid_size_9,ask_size_0,ask_size_1,ask_size_2,ask_size_3,ask_size_4,ask_size_5,ask_size_6,ask_size_7,ask_size_8,ask_size_9
0,0.2311,0.231,0.2309,0.2308,0.2307,0.2306,0.2305,0.2304,0.2303,0.2302,0.2312,0.2313,0.2314,0.2315,0.2316,0.2317,0.2318,0.2319,0.232,0.2321,2130.2,13831.3,22795.4,25971.8,30727.7,25226.2,74018,38785.9,63778.4,36835.9,6629.3,92335.1,44082,44779.9,43167.9,50543.2,27131.6,34736.3,24320.4,29172.5
1,0.2312,0.2311,0.231,0.2309,0.2308,0.2307,0.2306,0.2305,0.2304,0.2303,0.2313,0.2314,0.2315,0.2316,0.2317,0.2318,0.2319,0.232,0.2321,0.2322,8600.9,15308.6,33188.4,33670.9,27194.3,31072.1,67004.1,26865.3,22001.3,33786.7,81577.9,16529.8,37746.4,56309.5,50355,31986.9,34368.6,24502.1,22398.2,27673.5
2,0.2315,0.2314,0.2313,0.2312,0.2311,0.231,0.2309,0.2308,0.2307,0.2306,0.2316,0.2317,0.2318,0.2319,0.232,0.2321,0.2322,0.2323,0.2324,0.2325,37449,12090.5,19006.2,33198.1,74778.4,25599.5,30467.4,22573.2,31168,20320.8,675.2,22193.2,44711.8,47704.6,51232.1,40546.5,32829,30134.9,26931.8,22044.7
3,0.2316,0.2315,0.2314,0.2313,0.2312,0.2311,0.231,0.2309,0.2308,0.2307,0.2317,0.2318,0.2319,0.232,0.2321,0.2322,0.2323,0.2324,0.2325,0.2326,11289,19402.7,11816.6,33170.4,28810.7,72741.1,22998.7,30305.7,20656.9,31168,2229.8,43056.8,47564.1,48526.9,48633.8,38349.7,30989.3,26931.8,22517.1,27248.8
4,0.2321,0.232,0.2319,0.2318,0.2317,0.2316,0.2315,0.2314,0.2313,0.2312,0.2322,0.2323,0.2324,0.2325,0.2326,0.2327,0.2328,0.2329,0.233,0.2331,7640,24721.9,25149.3,32242.8,74402.7,38809.5,24411.2,23764.8,29447.8,30437.7,880.8,43140.5,44168.4,41407,45280.1,41562,34510.9,29784.1,32307.9,29433.8
5,0.2321,0.232,0.2319,0.2318,0.2317,0.2316,0.2315,0.2314,0.2313,0.2312,0.2322,0.2323,0.2324,0.2325,0.2326,0.2327,0.2328,0.2329,0.233,0.2331,8578.7,25543.9,26115.7,31655.9,31831.5,78810.6,30891.5,22006.7,27025.8,24678.1,1445.8,22802.3,45674.9,41452.6,49247.4,34493.5,37160.1,27440.9,32525.5,22225.5
6,0.232,0.2319,0.2318,0.2317,0.2316,0.2315,0.2314,0.2313,0.2312,0.2311,0.2321,0.2322,0.2323,0.2324,0.2325,0.2326,0.2327,0.2328,0.2329,0.233,6532.3,19959.5,23596.7,36680.9,81439.5,30816.6,29635.6,28546.9,32377.6,48215.1,1243.7,44817,41912.4,37962.7,51227.6,32222.5,31507.1,32501.2,20517.7,32344.4
7,0.2323,0.2322,0.2321,0.232,0.2319,0.2318,0.2317,0.2316,0.2315,0.2314,0.2324,0.2325,0.2326,0.2327,0.2328,0.2329,0.233,0.2331,0.2332,0.2333,2537.5,14994.9,24642.7,38545.2,37263.8,29535.8,32572.2,76737.3,33948.7,21197.7,100841.3,19915.1,40365.7,37657.8,43105.7,25009.6,32525.3,28958.9,24656.6,25798.8
8,0.2322,0.2321,0.232,0.2319,0.2318,0.2317,0.2316,0.2315,0.2314,0.2313,0.2323,0.2324,0.2325,0.2326,0.2327,0.2328,0.2329,0.233,0.2331,0.2332,1514.2,14866.3,30649.6,34322.7,31883.2,75550.2,38851.3,28032,22715.7,26923.9,18347.1,46965.2,43613.4,42276.4,52406.1,39629.8,29801.1,32815.8,28832.6,24656.6
9,0.2324,0.2323,0.2322,0.2321,0.232,0.2319,0.2318,0.2317,0.2316,0.2315,0.2325,0.2326,0.2327,0.2328,0.2329,0.233,0.2331,0.2332,0.2333,0.2334,13298.2,25130.9,45121.8,53326.7,44387.2,29050.2,74471.4,29255,27318.3,26115.6,8869.3,14118.8,43529.4,44822.6,37867.9,36703.8,35219.8,30836.4,26269.8,27320.5
10,0.2323,0.2322,0.2321,0.232,0.2319,0.2318,0.2317,0.2316,0.2315,0.2314,0.2324,0.2325,0.2326,0.2327,0.2328,0.2329,0.233,0.2331,0.2332,0.2333,3944,15885.9,22036.3,46980.4,40900.9,35572.8,71681,35918.7,35432.7,2861.9,4892.5,23887.6,42816.3,50707.5,39762.9,31561.5,32815.8,22099.2,30658.6,25798.8
11,0.2313,0.2312,0.2311,0.231,0.2309,0.2308,0.2307,0.2306,0.2305,0.2304,0.2314,0.2315,0.2316,0.2317,0.2318,0.2319,0.232,0.2321,0.2322,0.2323,1500.8,7442.4,22583.5,46293.4,47108.7,75097.5,33484.8,29228.1,43103.8,57221.8,14238.4,23439.8,40200.3,46365.1,41764.8,32906.8,34362.5,21780.7,24905.5,19939.3
12,0.2322,0.2321,0.232,0.2319,0.2318,0.2317,0.2316,0.2315,0.2314,0.2313,0.2323,0.2324,0.2325,0.2326,0.2327,0.2328,0.2329,0.233,0.2331,0.2332,32262.3,23481.2,43127.1,46986,88338.1,38444.7,27177.4,32938.3,28475.1,28834.6,1383.1,103776.9,35952,30617.7,12409,33592.4,32233.2,33848.3,22099.2,28211.7
13,0.2318,0.2317,0.2316,0.2315,0.2314,0.2313,0.2312,0.2311,0.231,0.2309,0.2319,0.232,0.2321,0.2322,0.2323,0.2324,0.2325,0.2326,0.2327,0.2328,3979.5,16433.2,17443.9,40054.8,32597,33060.1,46317.5,26958.4,33144.6,37520.4,4268.2,21119.2,39131.5,35003.5,27903,83952.3,23750.6,30862.2,21216.8,27649.5
14,0.2311,0.231,0.2309,0.2308,0.2307,0.2306,0.2305,0.2304,0.2303,0.2302,0.2312,0.2313,0.2314,0.2315,0.2316,0.2317,0.2318,0.2319,0.232,0.2321,684.8,27509.4,26375,52003.5,79517.7,33141.2,35919.3,28520.2,53414.1,42199.8,6726.7,33517,42309.8,29654.6,40990.2,23922.3,28835.3,22446.4,26828.7,19908.3
15,0.2302,0.2301,0.23,0.2299,0.2298,0.2297,0.2296,0.2295,0.2294,0.2293,0.2303,0.2304,0.2305,0.2306,0.2307,0.2308,0.2309,0.231,0.2311,0.2312,796.6,21079.3,57778.8,43820.9,42569.9,66128,37085.2,48048.7,55269.9,33311.2,8336.5,24930.6,50716.7,38844.1,32021.1,30758.8,29574.6,27200.8,520090.4,21598
16,0.2301,0.23,0.2299,0.2298,0.2297,0.2296,0.2295,0.2294,0.2293,0.2292,0.2302,0.2303,0.2304,0.2305,0.2306,0.2307,0.2308,0.2309,0.231,0.2311,684.9,20661.1,23277.5,46105,40422.4,30020.7,75624.4,48408.4,55426.2,36909.2,13521.5,41358.7,44653.6,36628.3,30871.1,28956.5,37359.6,27430.3,20728.4,19908.6
17,0.2301,0.23,0.2299,0.2298,0.2297,0.2296,0.2295,0.2294,0.2293,0.2292,0.2302,0.2303,0.2304,0.2305,0.2306,0.2307,0.2308,0.2309,0.231,0.2311,6367.6,24880.1,46480.4,43904.9,42645.5,30987.4,72934.3,28902.4,26769.3,35582.7,801.2,11941.5,23666.8,38720.7,31566.7,33435.2,28945.4,29925.5,23884.7,19908.6
18,0.2302,0.2301,0.23,0.2299,0.2298,0.2297,0.2296,0.2295,0.2294,0.2293,0.2303,0.2304,0.2305,0.2306,0.2307,0.2308,0.2309,0.231,0.2311,0.2312,6578.4,24908.6,44416.2,50052.4,81066.2,33369.2,27463.3,25402.6,20608.7,30091.4,3533.3,18167.6,40058.3,37403.8,34142.6,31735.2,34307.3,24067.2,26694.7,28850.2
19,0.2302,0.2301,0.23,0.2299,0.2298,0.2297,0.2296,0.2295,0.2294,0.2293,0.2303,0.2304,0.2305,0.2306,0.2307,0.2308,0.2309,0.231,0.2311,0.2312,1452.8,15958.9,27013.8,46519.4,48790.2,41265.1,75572.3,25017.5,20997.3,30091.4,11395.6,39315.5,39086.5,37679.4,34049.6,33021.9,29632.2,24067.2,26880,28850.2
20,0.2308,0.2307,0.2306,0.2305,0.2304,0.2303,0.2302,0.2301,0.23,0.2299,0.2309,0.231,0.2311,0.2312,0.2313,0.2314,0.2315,0.2316,0.2317,0.2318,1549.8,19801.6,23265.9,44024.6,50903.3,76528.1,34872.6,20091.4,22927.2,28933.7,7505.5,42313.5,38207.7,39226.9,43784.5,17407,26377.7,27290.4,28986.2,29107.3
21,0.2306,0.2305,0.2304,0.2303,0.2302,0.2301,0.23,0.2299,0.2298,0.2297,0.2307,0.2308,0.2309,0.231,0.2311,0.2312,0.2313,0.2314,0.2315,0.2316,3533.3,16872,25641.3,43840.6,44987.2,75446.8,25074.6,31448,27793.7,33387.9,14256.9,23639.4,41116.9,42070.5,31900.9,33383.8,41310.7,13417.4,28873.8,33043.2
22,0.2306,0.2305,0.2304,0.2303,0.2302,0.2301,0.23,0.2299,0.2298,0.2297,0.2307,0.2308,0.2309,0.231,0.2311,0.2312,0.2313,0.2314,0.2315,0.2316,19001,26319.6,46332.7,44409.8,39561.3,76809.9,22743.6,24288,32443.4,20285.9,684.8,12035.4,43037.3,42905.5,36627,31015.7,45823.4,13417.4,29055.8,27105.5
23,0.2311,0.231,0.2309,0.2308,0.2307,0.2306,0.2305,0.2304,0.2303,0.2302,0.2312,0.2313,0.2314,0.2315,0.2316,0.2317,0.2318,0.2319,0.232,0.2321,22.7,7265.6,16851.4,42472.1,41893.3,23049.4,68081.2,31336,24920.3,20308.7,14773.7,34896.5,92203,31936.9,39759.4,33496.1,29279.2,31666.6,31101.5,21830.1
24,0.2311,0.231,0.2309,0.2308,0.2307,0.2306,0.2305,0.2304,0.2303,0.2302,0.2312,0.2313,0.2314,0.2315,0.2316,0.2317,0.2318,0.2319,0.232,0.2321,17383.9,24223,42497,43126.4,47096.6,72695.4,29171.1,24393,24732.9,27088.1,56489.2,16429.9,37319.4,24411.9,31876.8,31769.3,31308.3,35546.2,30990.7,22122.1
25,0.2312,0.2311,0.231,0.2309,0.2308,0.2307,0.2306,0.2305,0.2304,0.2303,0.2313,0.2314,0.2315,0.2316,0.2317,0.2318,0.2319,0.232,0.2321,0.2322,10666.1,25463.6,42331.9,41741.6,40979.2,31943.8,66506.3,28155.8,28938.9,22400.4,3533.2,13990.2,42447.7,38068.1,32045.6,31344.4,37898.7,24236.9,22122.1,27171.8
26,0.2312,0.2311,0.231,0.2309,0.2308,0.2307,0.2306,0.2305,0.2304,0.2303,0.2313,0.2314,0.2315,0.2316,0.2317,0.2318,0.2319,0.232,0.2321,0.2322,2665.7,14757.8,26723.5,49649.6,56115.1,73378.8,29272.3,31256.7,28780.4,22870.9,44370.4,24480.8,35858.1,39982.1,30674.4,35246,25359.6,24055.2,28884.7,27177.7
27,0.2315,0.2314,0.2313,0.2312,0.2311,0.231,0.2309,0.2308,0.2307,0.2306,0.2316,0.2317,0.2318,0.2319,0.232,0.2321,0.2322,0.2323,0.2324,0.2325,3241.3,12325.5,25099.3,46472.8,52913.4,77650.8,34348.9,28768.1,27752.5,20305,14337,23177.8,35825.5,39139.4,34081.8,38067.6,27359.2,68187.6,73420.8,4563.1
28,0.2318,0.2317,0.2316,0.2315,0.2314,0.2313,0.2312,0.2311,0.231,0.2309,0.2319,0.232,0.2321,0.2322,0.2323,0.2324,0.2325,0.2326,0.2327,0.2328,5944.1,13194.8,23247.2,45614.1,51036.9,85599.9,29163.5,27610.9,24896.9,19908.7,6168.9,28364.8,33401.4,38553.3,69435.1,82972.3,5035.6,28751.9,19931.2,32608.6
29,0.2318,0.2317,0.2316,0.2315,0.2314,0.2313,0.2312,0.2311,0.231,0.2309,0.2319,0.232,0.2321,0.2322,0.2323,0.2324,0.2325,0.2326,0.2327,0.2328,5051,21126.7,31637.6,40261.3,37821.7,25217.1,71810,39178.9,28742.9,10581.5,4945,24735.1,37391.6,40087.1,70042.1,78606.5,34721.1,26861.5,20112.3,35318.7
30,0.2321,0.232,0.2319,0.2318,0.2317,0.2316,0.2315,0.2314,0.2313,0.2312,0.2322,0.2323,0.2324,0.2325,0.2326,0.2327,0.2328,0.2329,0.233,0.2331,8274.6,20347.2,39941.4,37347.4,29943.3,76861.2,28804.7,22223.4,22915.2,28800.6,3491.6,23331.3,76486.1,57941,30991.5,31805,38247,27150,32942.2,26716.3
31,0.2322,0.2321,0.232,0.2319,0.2318,0.2317,0.2316,0.2315,0.2314,0.2313,0.2323,0.2324,0.2325,0.2326,0.2327,0.2328,0.2329,0.233,0.2331,0.2332,4706.1,23070.2,36151,26559.2,31767.5,74112.1,27174.4,24078,20888.6,28950.1,4250.9,43537.6,42362.1,44211.2,48271.8,36371.4,28855.3,35009.8,7729.8,30941.8
32,0.2326,0.2325,0.2324,0.2323,0.2322,0.2321,0.232,0.2319,0.2318,0.2317,0.2327,0.2328,0.2329,0.233,0.2331,0.2332,0.2333,0.2334,0.2335,0.2336,1792.3,9407.6,20124.1,37935.9,23815.2,31644.3,26340.4,25472.3,28982.6,741.1,11228,38683.1,39951.3,41019.8,38829.7,51852.9,36794.4,30027.3,27279.5,26624.2
33,0.2324,0.2323,0.2322,0.2321,0.232,0.2319,0.2318,0.2317,0.2316,0.2315,0.2325,0.2326,0.2327,0.2328,0.2329,0.233,0.2331,0.2332,0.2333,0.2334,1313.6,19340.7,46869.2,32692.6,36626.7,27419.9,31498.2,21816.8,64368.5,31116.4,6638.5,20770.3,44910.1,42670.1,42575.7,58943.9,29509.4,27666.7,33466.7,21412.8
34,0.2326,0.2325,0.2324,0.2323,0.2322,0.2321,0.232,0.2319,0.2318,0.2317,0.2327,0.2328,0.2329,0.233,0.2331,0.2332,0.2333,0.2334,0.2335,0.2336,2691.4,22425.6,40858.8,32393.6,75421,24706,31049,25306.3,30711.8,19908.4,6491.9,21134.1,43429,58454.6,49601.2,39715.3,33170.2,24207.2,27484.9,20198.5
35,0.2326,0.2325,0.2324,0.2323,0.2322,0.2321,0.232,0.2319,0.2318,0.2317,0.2327,0.2328,0.2329,0.233,0.2331,0.2332,0.2333,0.2334,0.2335,0.2336,280.4,12631.2,20607,35011.3,76426,25702.4,32872.1,25089,31399.6,19908.4,13050.6,43013.4,50180.6,91435.7,50421.3,35588.4,33170.2,21883.3,27304.5,20198.5
36,0.2322,0.2321,0.232,0.2319,0.2318,0.2317,0.2316,0.2315,0.2314,0.2313,0.2323,0.2324,0.2325,0.2326,0.2327,0.2328,0.2329,0.233,0.2331,0.2332,3858.7,9713.1,28746.5,32118.1,33208.7,24605.5,68157.3,26833.4,27600.4,28053.8,6113.8,163092.9,40386.9,43695.7,39282.7,31160.3,30697.5,85759.6,26716.3,29847.6
37,0.2327,0.2326,0.2325,0.2324,0.2323,0.2322,0.2321,0.232,0.2319,0.2318,0.2328,0.2329,0.233,0.2331,0.2332,0.2333,0.2334,0.2335,0.2336,0.2337,8931.3,32433.9,216712.4,32542.3,24011.2,30324.3,24974.1,31851.2,23826.6,29063.3,2411,27026.4,78027.9,43470,51241.3,35248.7,26095.4,29665.6,20198.4,11160.9
38,0.233,0.2329,0.2328,0.2327,0.2326,0.2325,0.2324,0.2323,0.2322,0.2321,0.2331,0.2332,0.2333,0.2334,0.2335,0.2336,0.2337,0.2338,0.2339,0.234,3271.9,9609.6,18857.4,5733.7,32776.4,26686.9,29657.7,19974.6,22561.9,62616.4,7646.3,41041.3,39681.2,40742.8,39178.3,41710.3,46029,28666.3,28176.6,57653
39,0.2322,0.2321,0.232,0.2319,0.2318,0.2317,0.2316,0.2315,0.2314,0.2313,0.2323,0.2324,0.2325,0.2326,0.2327,0.2328,0.2329,0.233,0.2331,0.2332,3229.6,19300.1,23017.9,39907.7,27026.3,55916.8,23013.8,47061.1,60132.1,39553.3,8452.4,43548.3,41763.6,45199.2,52525.1,44701,28991.9,30866.6,28527.3,26898.9
40,0.2327,0.2326,0.2325,0.2324,0.2323,0.2322,0.2321,0.232,0.2319,0.2318,0.2328,0.2329,0.233,0.2331,0.2332,0.2333,0.2334,0.2335,0.2336,0.2337,684.6,16154.5,45328,85531.3,74998.7,31781.3,43617.8,35773.2,30161.8,20289.3,13185.8,18424.4,20419,46277.6,42909.8,37905.6,29956,20124.7,21302.9,20572.2
41,0.233,0.2329,0.2328,0.2327,0.2326,0.2325,0.2324,0.2323,0.2322,0.2321,0.2331,0.2332,0.2333,0.2334,0.2335,0.2336,0.2337,0.2338,0.2339,0.234,5288.4,20423.2,45131.5,44887,42303.3,78429.2,73309.4,31444.6,26497.1,39423.8,3895.8,19816.4,21299.3,30836.2,33778.4,31877.6,26507.5,22712.8,29138.5,54519.5
42,0.2329,0.2328,0.2327,0.2326,0.2325,0.2324,0.2323,0.2322,0.2321,0.232,0.233,0.2331,0.2332,0.2333,0.2334,0.2335,0.2336,0.2337,0.2338,0.2339,4207.8,23399.8,44822.6,51044.8,77131,77024.7,31236.5,28218.8,39533,31420.6,3721,12021.1,22246.4,46759.5,29049.4,31161.6,31822.7,21042.3,22138,28848.7
43,0.2329,0.2328,0.2327,0.2326,0.2325,0.2324,0.2323,0.2322,0.2321,0.232,0.233,0.2331,0.2332,0.2333,0.2334,0.2335,0.2336,0.2337,0.2338,0.2339,884.5,17276.6,41090.1,49290.5,41418.8,77404.7,72539.8,30533.4,39603.8,31818.9,10157.7,14558,38513.6,48452.2,30830.2,26481,27906.3,20197.9,21957.8,28848.7
44,0.2329,0.2328,0.2327,0.2326,0.2325,0.2324,0.2323,0.2322,0.2321,0.232,0.233,0.2331,0.2332,0.2333,0.2334,0.2335,0.2336,0.2337,0.2338,0.2339,6704.7,42088.9,47462.6,51253.3,76105.5,75438.9,29188.7,30932.8,39314,31420.6,12863.8,8679.5,21404.2,42845,39942.6,27594.9,30443.2,20197.9,21957.8,28848.7
45,0.2328,0.2327,0.2326,0.2325,0.2324,0.2323,0.2322,0.2321,0.232,0.2319,0.2329,0.233,0.2331,0.2332,0.2333,0.2334,0.2335,0.2336,0.2337,0.2338,2714.8,46226.9,54759.5,70800.5,73309.4,31590.9,33516.4,32813.6,24701.6,31819.3,6374.8,11952.1,17921.8,21061,36260.2,45325.5,22663.3,29605.8,20378.2,21957.8
46,0.2327,0.2326,0.2325,0.2324,0.2323,0.2322,0.2321,0.232,0.2319,0.2318,0.2328,0.2329,0.233,0.2331,0.2332,0.2333,0.2334,0.2335,0.2336,0.2337,5102,40763.3,60161.1,75295.9,33213,71644,37421.1,28548.2,30158.8,20289.4,4396,15650.9,23781.5,47580.5,41829.5,30233.4,28893.1,20595.2,27725.9,19908.2
47,0.232,0.2319,0.2318,0.2317,0.2316,0.2315,0.2314,0.2313,0.2312,0.2311,0.2321,0.2322,0.2323,0.2324,0.2325,0.2326,0.2327,0.2328,0.2329,0.233,6631,41990.4,41588.8,48761.3,69346.2,31348.9,37051.3,41356.5,61961.4,36463.3,1532.4,7938,18282,39201.1,40565.9,40581.8,25088.3,27436.9,26641.6,24602.9
48,0.2315,0.2314,0.2313,0.2312,0.2311,0.231,0.2309,0.2308,0.2307,0.2306,0.2316,0.2317,0.2318,0.2319,0.232,0.2321,0.2322,0.2323,0.2324,0.2325,1502,25113,38248.8,31385.1,30233.5,35309.6,28353.4,27428,23103.9,29103.6,9453.2,9472.6,12853.5,15295.8,42507.6,35986.1,36855.5,27938.1,30406.9,20199.1
49,0.2315,0.2314,0.2313,0.2312,0.2311,0.231,0.2309,0.2308,0.2307,0.2306,0.2316,0.2317,0.2318,0.2319,0.232,0.2321,0.2322,0.2323,0.2324,0.2325,14528.9,41228.7,43955.8,45224.7,80031.9,33564.7,32388.1,29743.9,29533.9,41472,584.2,8076.1,15646.1,16023.8,39301.7,40803.9,32466,27774.9,22838.9,7548.3
50,0.2316,0.2315,0.2314,0.2313,0.2312,0.2311,0.231,0.2309,0.2308,0.2307,0.2317,0.2318,0.2319,0.232,0.2321,0.2322,0.2323,0.2324,0.2325,0.2326,6826.7,42656.7,45033.1,42163.8,34876.3,31955.8,75964.2,33001.4,27429.6,29533.9,3557,9783.3,18872.8,37114.4,35436.6,30019.9,30215.2,22548,7839.8,19908.1
51,0.2315,0.2314,0.2313,0.2312,0.2311,0.231,0.2309,0.2308,0.2307,0.2306,0.2316,0.2317,0.2318,0.2319,0.232,0.2321,0.2322,0.2323,0.2324,0.2325,1246.9,39497.5,47022,40684.3,31959.2,78162,38453.6,27611,29533.9,34724,4994.5,15772.1,23149.6,44512.5,37269,35191.9,29915.8,29045.8,22366.6,20259.1
52,0.2312,0.2311,0.231,0.2309,0.2308,0.2307,0.2306,0.2305,0.2304,0.2303,0.2313,0.2314,0.2315,0.2316,0.2317,0.2318,0.2319,0.232,0.2321,0.2322,1450,38966.9,45306.7,46457,74727.4,28493.4,47105.8,63681.4,48106,22214.9,4156.9,20048.4,19613.3,25624.4,38948.8,40849.7,28509.4,27009.3,22272,20251
53,0.2314,0.2313,0.2312,0.2311,0.231,0.2309,0.2308,0.2307,0.2306,0.2305,0.2315,0.2316,0.2317,0.2318,0.2319,0.232,0.2321,0.2322,0.2323,0.2324,3683.2,41806.7,43884.2,41984.4,33721.5,83157.5,33395.9,27977.5,37152.5,60343.5,1490.1,10693.5,21393.6,46642.8,40771.8,30528.1,32520.6,20432.5,26880.8,29117.5
54,0.2314,0.2313,0.2312,0.2311,0.231,0.2309,0.2308,0.2307,0.2306,0.2305,0.2315,0.2316,0.2317,0.2318,0.2319,0.232,0.2321,0.2322,0.2323,0.2324,684.7,22534,46081.5,39187.8,37426.9,79580.9,29995.9,31631,37545.3,60343.5,7715.6,24555.1,43051.6,46534.4,40187.1,31922.9,34480.6,29179.7,20415.7,22366.6
55,0.2312,0.2311,0.231,0.2309,0.2308,0.2307,0.2306,0.2305,0.2304,0.2303,0.2313,0.2314,0.2315,0.2316,0.2317,0.2318,0.2319,0.232,0.2321,0.2322,111.5,42558.2,46250.5,40780.7,31391.7,75100.6,31860.1,45777.2,61481.8,42230.5,11868.1,20770.2,34305.3,42467.5,39420.5,38187.8,31247.5,20561.8,21193,27007.7
56,0.2309,0.2308,0.2307,0.2306,0.2305,0.2304,0.2303,0.2302,0.2301,0.23,0.231,0.2311,0.2312,0.2313,0.2314,0.2315,0.2316,0.2317,0.2318,0.2319,178.2,8660.1,42487.6,43613,34326.4,74175.5,32703.8,43335.2,59543.8,44286.7,15329.5,25210.5,42458.4,42511.9,43960.5,39272.4,36121.3,26837.8,19908.4,25734.2
57,0.231,0.2309,0.2308,0.2307,0.2306,0.2305,0.2304,0.2303,0.2302,0.2301,0.2311,0.2312,0.2313,0.2314,0.2315,0.2316,0.2317,0.2318,0.2319,0.232,3964.2,44307.7,44060.5,36846,31843,33303.6,72704.6,29629.4,34661.6,62220.9,684.8,14797.1,24839.7,43973.4,33736.9,40597.4,29101.4,26852.8,32496.8,24024.5
58,0.2313,0.2312,0.2311,0.231,0.2309,0.2308,0.2307,0.2306,0.2305,0.2304,0.2314,0.2315,0.2316,0.2317,0.2318,0.2319,0.232,0.2321,0.2322,0.2323,2435.3,22001.5,46169,43532.5,34832.6,30682.4,74991.9,27646.8,22708.4,26795.9,5412.1,19396.5,22878.7,39413.1,45558.7,37124.8,24498.1,21224.3,27013.6,22306.4
59,0.231,0.2309,0.2308,0.2307,0.2306,0.2305,0.2304,0.2303,0.2302,0.2301,0.2311,0.2312,0.2313,0.2314,0.2315,0.2316,0.2317,0.2318,0.2319,0.232,2717.6,20640.9,44039.6,36362.3,33302.5,29654.2,74894.4,29541.7,41418.3,61928.7,6031,17960.9,25349.1,47245.1,43111.2,36925.4,29847.7,32474.8,30496.2,24024.5
60,0.2308,0.2307,0.2306,0.2305,0.2304,0.2303,0.2302,0.2301,0.23,0.2299,0.2309,0.231,0.2311,0.2312,0.2313,0.2314,0.2315,0.2316,0.2317,0.2318,5793.4,44664.3,44101.7,38196.3,30985.1,31415.2,68942.2,41540.1,70299.7,40409.4,684.8,22387,24870.1,47282.7,40297.9,38545,32619,20493.8,26971.8,25101.7
61,0.2301,0.23,0.2299,0.2298,0.2297,0.2296,0.2295,0.2294,0.2293,0.2292,0.2302,0.2303,0.2304,0.2305,0.2306,0.2307,0.2308,0.2309,0.231,0.2311,8666.8,43097,44515.1,41522.9,34929.2,75104.8,33097.5,20207.9,26953.1,37124.9,4941.1,12812.4,23372.3,51906.1,40850.4,31738.9,29135.1,30853.7,25183.2,27481
62,0.2301,0.23,0.2299,0.2298,0.2297,0.2296,0.2295,0.2294,0.2293,0.2292,0.2302,0.2303,0.2304,0.2305,0.2306,0.2307,0.2308,0.2309,0.231,0.2311,1317.8,9015.3,25951.2,38484.9,32594.4,68982.9,29678.5,35772.1,27417.6,44163,7462.1,26823.9,38854.8,41435.9,40069.1,37451.1,27244.7,30555.2,28615.2,20230
63,0.2297,0.2296,0.2295,0.2294,0.2293,0.2292,0.2291,0.229,0.2289,0.2288,0.2298,0.2299,0.23,0.2301,0.2302,0.2303,0.2304,0.2305,0.2306,0.2307,11298.3,41346.6,47803.7,36906.2,34826.4,74100.5,31296.6,43086.7,36240.9,28591.8,1278.1,13282.3,27857.2,39020,37082.5,27217.4,27365.5,27488.5,19763.4,28723.9
64,0.23,0.2299,0.2298,0.2297,0.2296,0.2295,0.2294,0.2293,0.2292,0.2291,0.2301,0.2302,0.2303,0.2304,0.2305,0.2306,0.2307,0.2308,0.2309,0.231,6815.3,41973.7,45575.8,48213.6,71352.7,31645.5,31124.5,27733.8,23250.9,32153.9,1437.3,9414.9,22354.9,36644,37987.4,31331.3,26936.5,29267.7,24059.5,23884.5
65,0.2294,0.2293,0.2292,0.2291,0.229,0.2289,0.2288,0.2287,0.2286,0.2285,0.2295,0.2296,0.2297,0.2298,0.2299,0.23,0.2301,0.2302,0.2303,0.2304,22.9,18534.1,38329.8,47026.3,72755.6,33123,39270.6,45449,68887.6,33613.8,7493.7,10109.8,23235.8,34329.9,47720.3,29018.5,27058.6,22106.3,30020.9,19879.3
66,0.2297,0.2296,0.2295,0.2294,0.2293,0.2292,0.2291,0.229,0.2289,0.2288,0.2298,0.2299,0.23,0.2301,0.2302,0.2303,0.2304,0.2305,0.2306,0.2307,11443.6,41767.2,44138.1,36866.1,36608.4,33585.6,63200.8,39444.5,20114.6,23327.5,3404.4,12247.6,23539.5,48668.4,42949.8,32932.4,20356.5,19908.9,26573.1,30204.1
67,0.2295,0.2294,0.2293,0.2292,0.2291,0.229,0.2289,0.2288,0.2287,0.2286,0.2296,0.2297,0.2298,0.2299,0.23,0.2301,0.2302,0.2303,0.2304,0.2305,1274.1,23308.6,44291,36926.6,32122.4,81284.6,26988.9,30133.9,52501.1,55115.3,7934.6,17974.8,23873,44790.7,52114.4,40140.3,29007,29935.4,27157.3,20202.7
68,0.2295,0.2294,0.2293,0.2292,0.2291,0.229,0.2289,0.2288,0.2287,0.2286,0.2296,0.2297,0.2298,0.2299,0.23,0.2301,0.2302,0.2303,0.2304,0.2305,16730.9,46696.2,40783.6,36896.5,30641,43192.1,73780.9,24810.3,22425.9,46810.8,46.9,7498.8,27901.3,41548.7,49625.5,35131.6,22468.1,23294.2,26695,27012.4
69,0.2292,0.2291,0.229,0.2289,0.2288,0.2287,0.2286,0.2285,0.2284,0.2283,0.2293,0.2294,0.2295,0.2296,0.2297,0.2298,0.2299,0.23,0.2301,0.2302,2394.1,50360.8,50744.4,25345.3,34586.2,33510.3,53605.7,42725.2,33832.4,32675.5,4123.6,19535.4,21317.9,46649.2,53852.4,43664.4,31524.2,27382.8,27058.6,19909.1
70,0.2291,0.229,0.2289,0.2288,0.2287,0.2286,0.2285,0.2284,0.2283,0.2282,0.2292,0.2293,0.2294,0.2295,0.2296,0.2297,0.2298,0.2299,0.23,0.2301,1326.4,53012.2,44156.8,42843.5,76269.6,39029.8,32097.7,57055,47169,35584,3088.1,31559.7,24685,44554.3,44729.7,42623.7,31731.8,28803.2,27771.6,20381.4
71,0.229,0.2289,0.2288,0.2287,0.2286,0.2285,0.2284,0.2283,0.2282,0.2281,0.2291,0.2292,0.2293,0.2294,0.2295,0.2296,0.2297,0.2298,0.2299,0.23,13015.8,15656.5,43579.9,44011.5,39528.9,77402.5,31854.5,46910.2,64540.6,51815.8,1337.5,21327,20685.6,43050.9,52986.5,41872,31594.2,27187.3,20848.7,20961.9
72,0.2289,0.2288,0.2287,0.2286,0.2285,0.2284,0.2283,0.2282,0.2281,0.228,0.229,0.2291,0.2292,0.2293,0.2294,0.2295,0.2296,0.2297,0.2298,0.2299,6088.6,20606.5,41777.8,48765.1,37895.2,77043,34821.9,47419.8,74041.6,63572.1,15161.7,100731.2,42399.5,45346.1,51715.1,35150.5,27380.2,27424.1,20203.9,27547.6
73,0.2286,0.2285,0.2284,0.2283,0.2282,0.2281,0.228,0.2279,0.2278,0.2277,0.2287,0.2288,0.2289,0.229,0.2291,0.2292,0.2293,0.2294,0.2295,0.2296,887.7,13534.6,36590,24780.6,35019.1,65519.9,50366.5,43512.9,59822.2,37845.6,17038,22601.3,58201.6,62442.8,107659.9,40016.9,29230.4,29672.4,29137.4,22094.3
74,0.229,0.2289,0.2288,0.2287,0.2286,0.2285,0.2284,0.2283,0.2282,0.2281,0.2291,0.2292,0.2293,0.2294,0.2295,0.2296,0.2297,0.2298,0.2299,0.23,6303.2,15236.4,38944.9,26738.9,33776.4,66785.9,30360.4,21452.7,31790.9,26976.3,86937.9,20852,40325.7,49927.5,38197.4,24875.9,22496.9,30113.1,21859.7,31221.5
75,0.229,0.2289,0.2288,0.2287,0.2286,0.2285,0.2284,0.2283,0.2282,0.2281,0.2291,0.2292,0.2293,0.2294,0.2295,0.2296,0.2297,0.2298,0.2299,0.23,1808.1,12583.6,37744.4,26923.5,34113.9,24753.3,29479.8,79744.2,37931,27743.6,7859.1,29058.3,54743,41460.4,38924.2,34221.7,20646,30113.1,28684.3,38165.9
76,0.2289,0.2288,0.2287,0.2286,0.2285,0.2284,0.2283,0.2282,0.2281,0.228,0.229,0.2291,0.2292,0.2293,0.2294,0.2295,0.2296,0.2297,0.2298,0.2299,14188.3,38425.6,23532.4,34160.4,26482.3,30020.2,82367.6,39678.5,28948,48705.7,2881,14224.3,30877.5,48132.7,53242.3,29669.5,40059,20351.3,30113.1,28684.3
77,0.229,0.2289,0.2288,0.2287,0.2286,0.2285,0.2284,0.2283,0.2282,0.2281,0.2291,0.2292,0.2293,0.2294,0.2295,0.2296,0.2297,0.2298,0.2299,0.23,1736.1,12608.9,38171.6,23444.3,31890.6,69103.9,30423.9,37690.5,37747.6,31646.2,5343.3,27076.7,52045.3,42223.7,42788.6,38026.6,27461.5,32148.9,28978.8,31341.3
78,0.2292,0.2291,0.229,0.2289,0.2288,0.2287,0.2286,0.2285,0.2284,0.2283,0.2293,0.2294,0.2295,0.2296,0.2297,0.2298,0.2299,0.23,0.2301,0.2302,3921.9,10133.9,40537.2,26022.9,35159.6,22932.6,29292.6,67877.5,27751.2,36436.8,3603.2,24542.7,50278.8,42466.9,44545.4,43788.7,26977.2,33231.7,26727.8,32691.8
79,0.2292,0.2291,0.229,0.2289,0.2288,0.2287,0.2286,0.2285,0.2284,0.2283,0.2293,0.2294,0.2295,0.2296,0.2297,0.2298,0.2299,0.23,0.2301,0.2302,1354,11779.8,33890.9,23518.4,34577.5,68547.6,32276.4,22678.7,32022.4,34033.6,3397.6,25654.1,43323,50634.6,40707.5,39440.7,31084.5,32286.1,26727.8,27044.9
80,0.2292,0.2291,0.229,0.2289,0.2288,0.2287,0.2286,0.2285,0.2284,0.2283,0.2293,0.2294,0.2295,0.2296,0.2297,0.2298,0.2299,0.23,0.2301,0.2302,6994.1,12597.9,38173.7,24923,33719.9,21821.1,30169.4,66148,29680.1,36459,675.4,21942,44741.9,46312.1,43699.4,45523.6,29493,32854.1,26730.8,19931.8
81,0.229,0.2289,0.2288,0.2287,0.2286,0.2285,0.2284,0.2283,0.2282,0.2281,0.2291,0.2292,0.2293,0.2294,0.2295,0.2296,0.2297,0.2298,0.2299,0.23,9340.1,9900.8,39350.6,28142.9,31749.2,20636.9,31206.7,68452.5,40742.4,38049.4,765.2,23282.4,48067.1,48135.7,40120.8,31858.2,29339.5,30295.9,28681.3,33775.4
82,0.2285,0.2284,0.2283,0.2282,0.2281,0.228,0.2279,0.2278,0.2277,0.2276,0.2286,0.2287,0.2288,0.2289,0.229,0.2291,0.2292,0.2293,0.2294,0.2295,930.1,6763.6,8394,20913.2,10414.3,15183.8,26269.6,55989.9,23858.7,14357.4,9011.6,44576,57552.2,40387.3,44625.1,29510.3,27095.3,20581,22904.3,27722.2
83,0.2286,0.2285,0.2284,0.2283,0.2282,0.2281,0.228,0.2279,0.2278,0.2277,0.2287,0.2288,0.2289,0.229,0.2291,0.2292,0.2293,0.2294,0.2295,0.2296,7080.5,8802.4,19514.9,9054.9,15308.1,27872.6,9766.1,28172.7,56090.6,22717,2660.9,44818.9,52012.8,44141.1,38177.1,31570.6,20876.2,23088,27722.2,1046.2
84,0.2287,0.2286,0.2285,0.2284,0.2283,0.2282,0.2281,0.228,0.2279,0.2278,0.2288,0.2289,0.229,0.2291,0.2292,0.2293,0.2294,0.2295,0.2296,0.2297,3599.1,17248.3,8121.1,12945.1,28324.5,12019.7,28206.5,16676.7,20552.8,55550.1,12009.5,44671,50923.2,40337,43770.7,31017.3,21197.6,27905.8,1341.3,27026.8
85,0.2293,0.2292,0.2291,0.229,0.2289,0.2288,0.2287,0.2286,0.2285,0.2284,0.2294,0.2295,0.2296,0.2297,0.2298,0.2299,0.23,0.2301,0.2302,0.2303,785,12650.7,13375,15919.1,29196.2,18672.6,24144.7,12122.7,24780,54078.8,5318.8,40864.2,51807.9,39923.4,41744.3,22566.8,14945.3,26915.1,28952.5,25790.6
86,0.2295,0.2294,0.2293,0.2292,0.2291,0.229,0.2289,0.2288,0.2287,0.2286,0.2296,0.2297,0.2298,0.2299,0.23,0.2301,0.2302,0.2303,0.2304,0.2305,72.9,5437.6,12287.6,13145.6,26897.5,13345.1,26210.5,56823.9,24467.1,7543,15778.5,45275.2,45641.2,52042,46605.8,32329.4,26951.4,26861.2,31485.4,30005.4
87,0.229,0.2289,0.2288,0.2287,0.2286,0.2285,0.2284,0.2283,0.2282,0.2281,0.2291,0.2292,0.2293,0.2294,0.2295,0.2296,0.2297,0.2298,0.2299,0.23,1674.3,10166.5,16138.3,24852.5,56127.5,28694.6,14949.9,31362.6,9837.4,21850.1,5738.1,41863.5,44938.3,46226.5,44179.7,46327.6,32194.1,30020.8,27064.6,36552.6
88,0.2289,0.2288,0.2287,0.2286,0.2285,0.2284,0.2283,0.2282,0.2281,0.228,0.229,0.2291,0.2292,0.2293,0.2294,0.2295,0.2296,0.2297,0.2298,0.2299,17722.2,11914.3,7191.3,16280.2,26552.1,14664.4,25287.9,53662.3,22419.2,23790.3,23,23970.4,50832.5,47636.4,64909.7,244361.6,33509.7,29829.2,29838,27064.6
89,0.2288,0.2287,0.2286,0.2285,0.2284,0.2283,0.2282,0.2281,0.228,0.2279,0.2289,0.229,0.2291,0.2292,0.2293,0.2294,0.2295,0.2296,0.2297,0.2298,5758.1,9047.5,18099.3,8486.8,12609.3,25309.3,11693.5,24350.4,62376.3,43270.5,1991.4,46417.4,50032.6,45537.8,45188,35666.8,242021.2,27284.2,29462.9,23037.2
90,0.2291,0.229,0.2289,0.2288,0.2287,0.2286,0.2285,0.2284,0.2283,0.2282,0.2292,0.2293,0.2294,0.2295,0.2296,0.2297,0.2298,0.2299,0.23,0.2301,1407.9,17975.1,11622.7,17392.2,28369.1,11802.1,26903.1,53915.3,21878.2,16687.6,7160.9,44815.1,46594.1,56943.1,38658.4,43027.4,23364.3,27275.1,37672,29804.7
91,0.2292,0.2291,0.229,0.2289,0.2288,0.2287,0.2286,0.2285,0.2284,0.2283,0.2293,0.2294,0.2295,0.2296,0.2297,0.2298,0.2299,0.23,0.2301,0.2302,5988.8,10920.9,18285.4,6367.3,14656.6,29669.9,9756.4,26850.5,51914.5,22029.1,1915.7,45176.8,53155.8,44981.7,41634.8,25765.7,29550.1,44413.3,29214.9,26756.4
92,0.2294,0.2293,0.2292,0.2291,0.229,0.2289,0.2288,0.2287,0.2286,0.2285,0.2295,0.2296,0.2297,0.2298,0.2299,0.23,0.2301,0.2302,0.2303,0.2304,1382.6,7093,20256.6,8203.9,59715.5,26970.9,25572.8,59035.6,20836.7,24950.9,12402.5,45109,53868.1,42728.8,43172.9,48229.8,29692.3,26756.4,21267.2,11076.9
93,0.2294,0.2293,0.2292,0.2291,0.229,0.2289,0.2288,0.2287,0.2286,0.2285,0.2295,0.2296,0.2297,0.2298,0.2299,0.23,0.2301,0.2302,0.2303,0.2304,5546.8,14675,16936,27733,15451.4,27550.2,53645.9,38969,42581.9,38024.6,4436.7,43011.7,46898,56696.3,45688.5,45277.6,29692.2,26939.4,21267.2,11076.9
94,0.2294,0.2293,0.2292,0.2291,0.229,0.2289,0.2288,0.2287,0.2286,0.2285,0.2295,0.2296,0.2297,0.2298,0.2299,0.23,0.2301,0.2302,0.2303,0.2304,3865.7,7380.5,17921,29583.6,16453.6,24986.2,56055.7,37199.1,44763.1,37734.1,14178.7,45956.4,44708.2,44631.2,57236.1,50465.4,34059.3,26939.4,21267.2,11999.9
95,0.2297,0.2296,0.2295,0.2294,0.2293,0.2292,0.2291,0.229,0.2289,0.2288,0.2298,0.2299,0.23,0.2301,0.2302,0.2303,0.2304,0.2305,0.2306,0.2307,1216.5,7406.9,12798.1,15252.2,28368.3,15414,24751,13954.2,22427.2,53881.3,15080.5,44334.7,62787.6,41160.2,42808.8,29608.7,12476.7,29480.3,8918.9,31874.3
96,0.2296,0.2295,0.2294,0.2293,0.2292,0.2291,0.229,0.2289,0.2288,0.2287,0.2297,0.2298,0.2299,0.23,0.2301,0.2302,0.2303,0.2304,0.2305,0.2306,4684.9,10004.4,16713.1,26878.7,15414,26601.9,11610.3,22751.8,53496.7,39580.8,775.3,22990.2,50637.6,49905.7,45392.9,30882.3,23699.4,12476.7,29480.3,8918.9
97,0.2296,0.2295,0.2294,0.2293,0.2292,0.2291,0.229,0.2289,0.2288,0.2287,0.2297,0.2298,0.2299,0.23,0.2301,0.2302,0.2303,0.2304,0.2305,0.2306,5786.5,8563,16468.7,7711.4,14822.4,27196.7,13695.9,22754.4,53679.1,39287,9831.5,46310.4,55084.1,49296.1,39389.3,31192.4,21299.2,12476.7,29480.3,8918.9
98,0.2295,0.2294,0.2293,0.2292,0.2291,0.229,0.2289,0.2288,0.2287,0.2286,0.2296,0.2297,0.2298,0.2299,0.23,0.2301,0.2302,0.2303,0.2304,0.2305,3352.6,4713.3,10127.4,12290.7,29204,11536.8,25584.5,54622.1,41419.3,44350.7,17231,45051.6,51328.3,43392.5,49338.8,42440.1,34944,23023.3,12293.8,29480.3
99,0.2294,0.2293,0.2292,0.2291,0.229,0.2289,0.2288,0.2287,0.2286,0.2285,0.2295,0.2296,0.2297,0.2298,0.2299,0.23,0.2301,0.2302,0.2303,0.2304,2163.2,8672.6,22089.9,6001.7,15741.2,25466.8,15267.3,70421.8,35932.2,46844.7,14456.3,46619.5,52046.2,41386.6,45673.3,39536.5,26939.5,27050.6,24045.6,11999.9
100,0.229,0.2289,0.2288,0.2287,0.2286,0.2285,0.2284,0.2283,0.2282,0.2281,0.2291,0.2292,0.2293,0.2294,0.2295,0.2296,0.2297,0.2298,0.2299,0.23,3822.2,6385.6,21354.4,28174.4,31432.9,69102.1,38371,73101.3,38860.5,30675.7,7680.3,43436.2,44750.2,49103.4,43918.8,40762.4,29351.2,28761.2,26824.6,38686.7
101,0.2293,0.2292,0.2291,0.229,0.2289,0.2288,0.2287,0.2286,0.2285,0.2284,0.2294,0.2295,0.2296,0.2297,0.2298,0.2299,0.23,0.2301,0.2302,0.2303,5119.6,10210.1,10625.2,38475.5,26936.5,35497.6,23818.8,29391.5,68607.3,35230.8,7721.6,42400.4,47199.5,48435.2,41563.5,29762.8,40960.7,20683,27041.7,38693.4
102,0.2294,0.2293,0.2292,0.2291,0.229,0.2289,0.2288,0.2287,0.2286,0.2285,0.2295,0.2296,0.2297,0.2298,0.2299,0.23,0.2301,0.2302,0.2303,0.2304,1399.6,11754.7,16198.1,29039.2,31894.8,22310.8,74083.7,24582.6,29332,24659.5,2698.6,43414.5,44909.7,40945.6,51133.2,47858.6,31838.1,26930.5,28085.7,15918.7
103,0.2293,0.2292,0.2291,0.229,0.2289,0.2288,0.2287,0.2286,0.2285,0.2284,0.2294,0.2295,0.2296,0.2297,0.2298,0.2299,0.23,0.2301,0.2302,0.2303,3752.3,9116.1,17154.1,24971.6,33296,71060.8,24582.6,27199.3,25044.3,41749,3301.4,22162.9,47011.3,52740.3,35367.8,37562.6,33850.7,27789.8,19931.8,24339.7
104,0.2291,0.229,0.2289,0.2288,0.2287,0.2286,0.2285,0.2284,0.2283,0.2282,0.2292,0.2293,0.2294,0.2295,0.2296,0.2297,0.2298,0.2299,0.23,0.2301,3744.2,8824.2,17367.5,27021.9,25014.8,29671.2,68911.2,43860,65040.8,37358.7,3579.5,52504.4,99918,48217.7,38688.2,44282,28774.6,20180.3,29971.9,27312.6
105,0.2292,0.2291,0.229,0.2289,0.2288,0.2287,0.2286,0.2285,0.2284,0.2283,0.2293,0.2294,0.2295,0.2296,0.2297,0.2298,0.2299,0.23,0.2301,0.2302,1849.3,18872.9,8912.9,37175.9,28281.1,67044.6,31707.3,24458.8,41929.5,62997.3,6924.5,49956.4,42336.4,57131.5,44180,31487.1,20474.6,36151.3,27607,19931.8
106,0.2293,0.2292,0.2291,0.229,0.2289,0.2288,0.2287,0.2286,0.2285,0.2284,0.2294,0.2295,0.2296,0.2297,0.2298,0.2299,0.23,0.2301,0.2302,0.2303,999.6,8840.1,19882.8,26995.6,37333.8,28951.7,66337.9,29778.4,24843.1,41929.5,29605.9,45458,43369.8,50178.6,36239.4,24536.1,36151.3,27312.6,19931.8,31155.6
107,0.2292,0.2291,0.229,0.2289,0.2288,0.2287,0.2286,0.2285,0.2284,0.2283,0.2293,0.2294,0.2295,0.2296,0.2297,0.2298,0.2299,0.23,0.2301,0.2302,4533.4,20400.3,8255.5,35013.6,31274.5,66406,29778.4,24458.8,42314.3,64657.6,3533.8,67059.6,45180.7,40962.7,51632.1,38162.5,26529.3,29860.8,27607,19931.8
108,0.2293,0.2292,0.2291,0.229,0.2289,0.2288,0.2287,0.2286,0.2285,0.2284,0.2294,0.2295,0.2296,0.2297,0.2298,0.2299,0.23,0.2301,0.2302,0.2303,857,8876.3,19476,26971.6,37133.4,27310.7,70363.2,27404.1,24843.1,42688.4,48412.6,45294.1,47354.6,51736.3,38541.5,26529.3,29860.8,27312.6,19931.8,31155.6
109,0.2291,0.229,0.2289,0.2288,0.2287,0.2286,0.2285,0.2284,0.2283,0.2282,0.2292,0.2293,0.2294,0.2295,0.2296,0.2297,0.2298,0.2299,0.23,0.2301,14295.3,13606.2,9454,37067.7,27638.1,31949.5,66475.2,43860,64268.9,37358.7,11930,49416.9,54853.6,48552.3,54491.1,49128.9,30370.9,20474.7,31568,27606.9
110,0.2292,0.2291,0.229,0.2289,0.2288,0.2287,0.2286,0.2285,0.2284,0.2283,0.2293,0.2294,0.2295,0.2296,0.2297,0.2298,0.2299,0.23,0.2301,0.2302,2077.7,8969.7,18982,27083.7,38204.8,26503.6,43766,104115.8,42101.6,27608,15530.6,55439.4,44644,52790,51511.2,29188.4,20474.7,31568,27606.9,19931.8
111,0.2292,0.2291,0.229,0.2289,0.2288,0.2287,0.2286,0.2285,0.2284,0.2283,0.2293,0.2294,0.2295,0.2296,0.2297,0.2298,0.2299,0.23,0.2301,0.2302,145800.3,6215.4,12752.1,26577,71608.6,23007.2,45167,58099,40465.5,26929.8,28732.5,32633.4,47629.6,62245.5,42961.1,43622.6,22828.2,31751.2,27606.9,19931.8
112,0.2292,0.2291,0.229,0.2289,0.2288,0.2287,0.2286,0.2285,0.2284,0.2283,0.2293,0.2294,0.2295,0.2296,0.2297,0.2298,0.2299,0.23,0.2301,0.2302,72750.5,5899.1,15792.4,25843.4,71608.6,22183.7,45167,59681.6,40171.1,23500.9,15078,55708.7,48562.6,62421.4,42895.7,46784.1,20474.7,31751.2,27606.9,19931.8
113,0.2291,0.229,0.2289,0.2288,0.2287,0.2286,0.2285,0.2284,0.2283,0.2282,0.2292,0.2293,0.2294,0.2295,0.2296,0.2297,0.2298,0.2299,0.23,0.2301,6464.9,17670.9,33176.3,37965.3,30388.4,73905.5,24824.2,29630.9,43370.1,61239,3623.1,28049.7,58429.9,51311.3,40855.1,35681.2,28009.2,26815.6,38389.6,33469.3
114,0.2293,0.2292,0.2291,0.229,0.2289,0.2288,0.2287,0.2286,0.2285,0.2284,0.2294,0.2295,0.2296,0.2297,0.2298,0.2299,0.23,0.2301,0.2302,0.2303,1487.4,9885.3,31911.2,37088.9,30180.2,36585.3,21819.4,29352.2,68992.9,27262.5,22885.3,22935.6,43403.1,49521.4,42157.5,29490.1,38572.8,20499.9,19931.8,31158.8
115,0.2294,0.2293,0.2292,0.2291,0.229,0.2289,0.2288,0.2287,0.2286,0.2285,0.2295,0.2296,0.2297,0.2298,0.2299,0.23,0.2301,0.2302,0.2303,0.2304,6865.4,11368.7,34091,33132.6,32228.7,64069.8,32348.5,24749.2,26835.9,22554.7,1337.4,29211.8,40387,38878.6,52148.1,49588.5,22703.2,20114.8,27791.6,7377.9
