timestamp,bid_price_0,bid_price_1,bid_price_2,bid_price_3,bid_price_4,bid_price_5,bid_price_6,bid_price_7,bid_price_8,bid_price_9,ask_price_0,ask_price_1,ask_price_2,ask_price_3,ask_price_4,ask_price_5,ask_price_6,ask_price_7,ask_price_8,ask_price_9,bid_size_0,bid_size_1,bid_size_2,bid_size_3,bid_size_4,bid_size_5,bid_size_6,bid_size_7,bid_size_8,bid_size_9,ask_size_0,ask_size_1,ask_size_2,ask_size_3,ask_size_4,ask_size_5,ask_size_6,ask_size_7,ask_size_8,ask_size_9
0,0.2322,0.2321,0.232,0.2319,0.2318,0.2317,0.2316,0.2315,0.2314,0.2313,0.2323,0.2324,0.2325,0.2326,0.2327,0.2328,0.2329,0.233,0.2331,0.2332,6841.1,21456.5,23709.8,39999.9,36400.6,31399.7,79105,36471.3,27111.5,20304,4166,40528.7,44061,48975.6,41874.2,35109.5,20698.7,32525.3,28958.9,24656.6
1,0.2323,0.2322,0.2321,0.232,0.2319,0.2318,0.2317,0.2316,0.2315,0.2314,0.2324,0.2325,0.2326,0.2327,0.2328,0.2329,0.233,0.2331,0.2332,0.2333,2537.5,14994.9,24642.7,38545.2,37263.8,29535.8,32572.2,76737.3,33948.7,21197.7,100841.3,19915.1,40365.7,37657.8,43105.7,25009.6,32525.3,28958.9,24656.6,25798.8
2,0.2322,0.2321,0.232,0.2319,0.2318,0.2317,0.2316,0.2315,0.2314,0.2313,0.2323,0.2324,0.2325,0.2326,0.2327,0.2328,0.2329,0.233,0.2331,0.2332,1514.2,14866.3,30649.6,34322.7,31883.2,75550.2,38851.3,28032,22715.7,26923.9,18347.1,46965.2,43613.4,42276.4,52406.1,39629.8,29801.1,32815.8,28832.6,24656.6
3,0.2324,0.2323,0.2322,0.2321,0.232,0.2319,0.2318,0.2317,0.2316,0.2315,0.2325,0.2326,0.2327,0.2328,0.2329,0.233,0.2331,0.2332,0.2333,0.2334,13298.2,25130.9,45121.8,53326.7,44387.2,29050.2,74471.4,29255,27318.3,26115.6,8869.3,14118.8,43529.4,44822.6,37867.9,36703.8,35219.8,30836.4,26269.8,27320.5
4,0.2323,0.2322,0.2321,0.232,0.2319,0.2318,0.2317,0.2316,0.2315,0.2314,0.2324,0.2325,0.2326,0.2327,0.2328,0.2329,0.233,0.2331,0.2332,0.2333,3944,15885.9,22036.3,46980.4,40900.9,35572.8,71681,35918.7,35432.7,2861.9,4892.5,23887.6,42816.3,50707.5,39762.9,31561.5,32815.8,22099.2,30658.6,25798.8
5,0.2313,0.2312,0.2311,0.231,0.2309,0.2308,0.2307,0.2306,0.2305,0.2304,0.2314,0.2315,0.2316,0.2317,0.2318,0.2319,0.232,0.2321,0.2322,0.2323,1500.8,7442.4,22583.5,46293.4,47108.7,75097.5,31490,29228.1,43103.8,57221.8,14023.4,23439.8,41654.2,46365.1,41764.8,32906.8,34362.5,21780.7,24905.5,19939.3
6,0.2322,0.2321,0.232,0.2319,0.2318,0.2317,0.2316,0.2315,0.2314,0.2313,0.2323,0.2324,0.2325,0.2326,0.2327,0.2328,0.2329,0.233,0.2331,0.2332,32262.3,23481.2,43127.1,46986,88338.1,38444.7,27177.4,32938.3,28475.1,28834.6,1383.1,103776.9,35952,30617.7,12409,33592.4,32233.2,33848.3,22099.2,28211.7
7,0.2318,0.2317,0.2316,0.2315,0.2314,0.2313,0.2312,0.2311,0.231,0.2309,0.2319,0.232,0.2321,0.2322,0.2323,0.2324,0.2325,0.2326,0.2327,0.2328,13720.5,21713.4,36611.2,40054.8,41205.7,33060.1,46317.5,26958.4,33144.6,37520.4,91.6,15005.5,40252.2,39401.5,28459.1,83363.2,28329.3,28539.2,21216.8,27649.5
8,0.2311,0.231,0.2309,0.2308,0.2307,0.2306,0.2305,0.2304,0.2303,0.2302,0.2312,0.2313,0.2314,0.2315,0.2316,0.2317,0.2318,0.2319,0.232,0.2321,13862.9,30102.1,45542.3,52003.5,79517.7,33141.2,32615.8,28338.5,53414.1,42199.8,1337.3,14240.7,42309.8,31150,40990.2,23922.3,31260.8,22446.4,26828.7,20089.4
9,0.2302,0.2301,0.23,0.2299,0.2298,0.2297,0.2296,0.2295,0.2294,0.2293,0.2303,0.2304,0.2305,0.2306,0.2307,0.2308,0.2309,0.231,0.2311,0.2312,796.6,19953.4,57778.8,45833.1,42569.9,66128,37085.2,48048.7,55269.9,33311.2,8336.5,24930.6,50716.7,38844.1,32021.1,30758.8,29574.6,27200.8,520090.4,21598
10,0.2301,0.23,0.2299,0.2298,0.2297,0.2296,0.2295,0.2294,0.2293,0.2292,0.2302,0.2303,0.2304,0.2305,0.2306,0.2307,0.2308,0.2309,0.231,0.2311,684.9,20661.1,23277.5,46105,40422.4,30020.7,75624.4,48408.4,55426.2,36909.2,13521.5,41358.7,44653.6,36628.3,30871.1,28956.5,37359.6,27430.3,20728.4,19908.6
11,0.2301,0.23,0.2299,0.2298,0.2297,0.2296,0.2295,0.2294,0.2293,0.2292,0.2302,0.2303,0.2304,0.2305,0.2306,0.2307,0.2308,0.2309,0.231,0.2311,6367.6,24880.1,46480.4,43904.9,42645.5,30987.4,72934.3,28902.4,26769.3,35582.7,801.2,11941.5,23666.8,38720.7,31566.7,33435.2,28945.4,29925.5,23884.7,19908.6
12,0.2302,0.2301,0.23,0.2299,0.2298,0.2297,0.2296,0.2295,0.2294,0.2293,0.2303,0.2304,0.2305,0.2306,0.2307,0.2308,0.2309,0.231,0.2311,0.2312,6578.4,24908.6,44416.2,50052.4,81066.2,33369.2,27463.3,25402.6,20608.7,30091.4,3533.3,18167.6,40058.3,37403.8,34142.6,31735.2,34307.3,24067.2,26694.7,28850.2
13,0.2302,0.2301,0.23,0.2299,0.2298,0.2297,0.2296,0.2295,0.2294,0.2293,0.2303,0.2304,0.2305,0.2306,0.2307,0.2308,0.2309,0.231,0.2311,0.2312,1452.8,15958.9,27013.8,46519.4,48790.2,41265.1,75572.3,25017.5,20997.3,30091.4,11395.6,39315.5,39086.5,37679.4,34049.6,33021.9,29632.2,24067.2,26880,28850.2
14,0.2308,0.2307,0.2306,0.2305,0.2304,0.2303,0.2302,0.2301,0.23,0.2299,0.2309,0.231,0.2311,0.2312,0.2313,0.2314,0.2315,0.2316,0.2317,0.2318,1549.8,19801.6,23265.9,44024.6,50903.3,76528.1,34872.6,20091.4,22927.2,28933.7,7505.5,42313.5,38207.7,39226.9,43784.5,17407,26377.7,27290.4,28986.2,29107.3
15,0.2306,0.2305,0.2304,0.2303,0.2302,0.2301,0.23,0.2299,0.2298,0.2297,0.2307,0.2308,0.2309,0.231,0.2311,0.2312,0.2313,0.2314,0.2315,0.2316,3533.3,16872,25641.3,43840.6,44987.2,75446.8,25074.6,31448,27793.7,33387.9,14256.9,23639.4,41116.9,42070.5,31900.9,33383.8,41310.7,13417.4,28873.8,33043.2
16,0.2306,0.2305,0.2304,0.2303,0.2302,0.2301,0.23,0.2299,0.2298,0.2297,0.2307,0.2308,0.2309,0.231,0.2311,0.2312,0.2313,0.2314,0.2315,0.2316,19001,26319.6,46332.7,44409.8,39561.3,76809.9,22743.6,24288,32443.4,20285.9,684.8,12035.4,43037.3,42905.5,36627,31015.7,45823.4,13417.4,29055.8,27105.5
17,0.2311,0.231,0.2309,0.2308,0.2307,0.2306,0.2305,0.2304,0.2303,0.2302,0.2312,0.2313,0.2314,0.2315,0.2316,0.2317,0.2318,0.2319,0.232,0.2321,22.7,7265.6,16851.4,42472.1,41893.3,23049.4,68081.2,31336,24920.3,20308.7,14773.7,34896.5,92203,31936.9,39759.4,33496.1,29279.2,31666.6,31101.5,21830.1
18,0.2311,0.231,0.2309,0.2308,0.2307,0.2306,0.2305,0.2304,0.2303,0.2302,0.2312,0.2313,0.2314,0.2315,0.2316,0.2317,0.2318,0.2319,0.232,0.2321,17383.9,24223,42497,43126.4,47096.6,72695.4,29171.1,24393,24732.9,27088.1,56489.2,16429.9,37319.4,24411.9,31876.8,31769.3,31308.3,35546.2,30990.7,22122.1
19,0.2312,0.2311,0.231,0.2309,0.2308,0.2307,0.2306,0.2305,0.2304,0.2303,0.2313,0.2314,0.2315,0.2316,0.2317,0.2318,0.2319,0.232,0.2321,0.2322,3909.4,25463.6,42331.9,41741.6,40979.2,31943.8,66506.3,27761.7,29333,29154.2,4779.8,14121.8,42447.7,39498.9,32045.6,31344.4,37898.7,24236.9,22122.1,27171.8
20,0.2312,0.2311,0.231,0.2309,0.2308,0.2307,0.2306,0.2305,0.2304,0.2303,0.2313,0.2314,0.2315,0.2316,0.2317,0.2318,0.2319,0.232,0.2321,0.2322,2665.7,14757.8,26723.5,49649.6,56115.1,73378.8,29272.3,31256.7,28780.4,22870.9,44370.4,24480.8,35858.1,39982.1,30674.4,35246,25359.6,24055.2,28884.7,27177.7
21,0.2315,0.2314,0.2313,0.2312,0.2311,0.231,0.2309,0.2308,0.2307,0.2306,0.2316,0.2317,0.2318,0.2319,0.232,0.2321,0.2322,0.2323,0.2324,0.2325,4084.2,12710,23664.3,46472.8,52913.4,77650.8,34348.9,28768.1,27752.5,20305,14120.7,23177.8,35825.5,39139.4,34081.8,38067.6,27359.2,68187.6,73420.8,4563.1
22,0.2318,0.2317,0.2316,0.2315,0.2314,0.2313,0.2312,0.2311,0.231,0.2309,0.2319,0.232,0.2321,0.2322,0.2323,0.2324,0.2325,0.2326,0.2327,0.2328,5457.8,25591.2,47166.6,43454.4,48982.6,78417.8,29163.5,27610.9,24896.9,19908.7,3833.9,23577.8,32916.3,40707.4,69920.1,83979,5035.6,28751.9,19931.2,32608.6
23,0.2319,0.2318,0.2317,0.2316,0.2315,0.2314,0.2313,0.2312,0.2311,0.231,0.232,0.2321,0.2322,0.2323,0.2324,0.2325,0.2326,0.2327,0.2328,0.2329,911.3,16698,24764.4,58999.1,76348.2,32203.9,22895.6,30711.8,39576.8,28345.5,7851.9,41072.5,49336.3,69936.3,78811.7,35583.3,29198.2,20112.3,35499.8,28073.6
24,0.2321,0.232,0.2319,0.2318,0.2317,0.2316,0.2315,0.2314,0.2313,0.2312,0.2322,0.2323,0.2324,0.2325,0.2326,0.2327,0.2328,0.2329,0.233,0.2331,8274.6,20347.2,39941.4,37347.4,29943.3,76861.2,28804.7,22223.4,22915.2,28800.6,3491.6,23331.3,76486.1,57941,30991.5,31805,38247,27150,32942.2,26716.3
