timestamp,bid_price_0,bid_price_1,bid_price_2,bid_price_3,bid_price_4,bid_price_5,bid_price_6,bid_price_7,bid_price_8,bid_price_9,ask_price_0,ask_price_1,ask_price_2,ask_price_3,ask_price_4,ask_price_5,ask_price_6,ask_price_7,ask_price_8,ask_price_9,bid_size_0,bid_size_1,bid_size_2,bid_size_3,bid_size_4,bid_size_5,bid_size_6,bid_size_7,bid_size_8,bid_size_9,ask_size_0,ask_size_1,ask_size_2,ask_size_3,ask_size_4,ask_size_5,ask_size_6,ask_size_7,ask_size_8,ask_size_9
0,0.2311,0.231,0.2309,0.2308,0.2307,0.2306,0.2305,0.2304,0.2303,0.2302,0.2312,0.2313,0.2314,0.2315,0.2316,0.2317,0.2318,0.2319,0.232,0.2321,2130.2,13831.3,22795.4,25971.8,30727.7,25226.2,74018,38785.9,63778.4,36835.9,6629.3,92335.1,44082,44779.9,43167.9,50543.2,27131.6,34736.3,24320.4,29172.5
1,0.2312,0.2311,0.231,0.2309,0.2308,0.2307,0.2306,0.2305,0.2304,0.2303,0.2313,0.2314,0.2315,0.2316,0.2317,0.2318,0.2319,0.232,0.2321,0.2322,8600.9,15308.6,33188.4,33670.9,27194.3,31072.1,67004.1,26865.3,22001.3,33786.7,81577.9,16529.8,37746.4,56309.5,50355,31986.9,34368.6,24502.1,22398.2,27673.5
2,0.2315,0.2314,0.2313,0.2312,0.2311,0.231,0.2309,0.2308,0.2307,0.2306,0.2316,0.2317,0.2318,0.2319,0.232,0.2321,0.2322,0.2323,0.2324,0.2325,37449,12090.5,19006.2,33198.1,74778.4,25599.5,30467.4,22573.2,31168,20320.8,675.2,22193.2,44711.8,47704.6,51232.1,40546.5,32829,30134.9,26931.8,22044.7
3,0.2316,0.2315,0.2314,0.2313,0.2312,0.2311,0.231,0.2309,0.2308,0.2307,0.2317,0.2318,0.2319,0.232,0.2321,0.2322,0.2323,0.2324,0.2325,0.2326,11289,19402.7,11816.6,33170.4,28810.7,72741.1,22998.7,30305.7,20656.9,31168,2229.8,43056.8,47564.1,48526.9,48633.8,38349.7,30989.3,26931.8,22517.1,27248.8
4,0.2321,0.232,0.2319,0.2318,0.2317,0.2316,0.2315,0.2314,0.2313,0.2312,0.2322,0.2323,0.2324,0.2325,0.2326,0.2327,0.2328,0.2329,0.233,0.2331,7640,24721.9,25149.3,32242.8,74402.7,38809.5,24411.2,23764.8,29447.8,30437.7,880.8,43140.5,44168.4,41407,45280.1,41562,34510.9,29784.1,32307.9,29433.8
5,0.2321,0.232,0.2319,0.2318,0.2317,0.2316,0.2315,0.2314,0.2313,0.2312,0.2322,0.2323,0.2324,0.2325,0.2326,0.2327,0.2328,0.2329,0.233,0.2331,8578.7,25543.9,26115.7,31655.9,31831.5,78810.6,30891.5,22006.7,27025.8,24678.1,1445.8,22802.3,45674.9,41452.6,49247.4,34493.5,37160.1,27440.9,32525.5,22225.5
6,0.232,0.2319,0.2318,0.2317,0.2316,0.2315,0.2314,0.2313,0.2312,0.2311,0.2321,0.2322,0.2323,0.2324,0.2325,0.2326,0.2327,0.2328,0.2329,0.233,6532.3,19959.5,23596.7,36680.9,81439.5,30816.6,29635.6,28546.9,32377.6,48215.1,1243.7,44817,41912.4,37962.7,51227.6,32222.5,31507.1,32501.2,20517.7,32344.4
7,0.2323,0.2322,0.2321,0.232,0.2319,0.2318,0.2317,0.2316,0.2315,0.2314,0.2324,0.2325,0.2326,0.2327,0.2328,0.2329,0.233,0.2331,0.2332,0.2333,2537.5,14994.9,24642.7,38545.2,37263.8,29535.8,32572.2,76737.3,33948.7,21197.7,100841.3,19915.1,40365.7,37657.8,43105.7,25009.6,32525.3,28958.9,24656.6,25798.8
8,0.2322,0.2321,0.232,0.2319,0.2318,0.2317,0.2316,0.2315,0.2314,0.2313,0.2323,0.2324,0.2325,0.2326,0.2327,0.2328,0.2329,0.233,0.2331,0.2332,1514.2,14866.3,30649.6,34322.7,31883.2,75550.2,38851.3,28032,22715.7,26923.9,18347.1,46965.2,43613.4,42276.4,52406.1,39629.8,29801.1,32815.8,28832.6,24656.6
9,0.2324,0.2323,0.2322,0.2321,0.232,0.2319,0.2318,0.2317,0.2316,0.2315,0.2325,0.2326,0.2327,0.2328,0.2329,0.233,0.2331,0.2332,0.2333,0.2334,13298.2,25130.9,45121.8,53326.7,44387.2,29050.2,74471.4,29255,27318.3,26115.6,8869.3,14118.8,43529.4,44822.6,37867.9,36703.8,35219.8,30836.4,26269.8,27320.5
10,0.2323,0.2322,0.2321,0.232,0.2319,0.2318,0.2317,0.2316,0.2315,0.2314,0.2324,0.2325,0.2326,0.2327,0.2328,0.2329,0.233,0.2331,0.2332,0.2333,3944,15885.9,22036.3,46980.4,40900.9,35572.8,71681,35918.7,35432.7,2861.9,4892.5,23887.6,42816.3,50707.5,39762.9,31561.5,32815.8,22099.2,30658.6,25798.8
11,0.2313,0.2312,0.2311,0.231,0.2309,0.2308,0.2307,0.2306,0.2305,0.2304,0.2314,0.2315,0.2316,0.2317,0.2318,0.2319,0.232,0.2321,0.2322,0.2323,1500.8,7442.4,22583.5,46293.4,47108.7,75097.5,33484.8,29228.1,43103.8,57221.8,14238.4,23439.8,40200.3,46365.1,41764.8,32906.8,34362.5,21780.7,24905.5,19939.3
12,0.2322,0.2321,0.232,0.2319,0.2318,0.2317,0.2316,0.2315,0.2314,0.2313,0.2323,0.2324,0.2325,0.2326,0.2327,0.2328,0.2329,0.233,0.2331,0.2332,32262.3,23481.2,43127.1,46986,88338.1,38444.7,27177.4,32938.3,28475.1,28834.6,1383.1,103776.9,35952,30617.7,12409,33592.4,32233.2,33848.3,22099.2,28211.7
13,0.2318,0.2317,0.2316,0.2315,0.2314,0.2313,0.2312,0.2311,0.231,0.2309,0.2319,0.232,0.2321,0.2322,0.2323,0.2324,0.2325,0.2326,0.2327,0.2328,3979.5,16433.2,17443.9,40054.8,32597,33060.1,46317.5,26958.4,33144.6,37520.4,4268.2,21119.2,39131.5,35003.5,27903,83952.3,23750.6,30862.2,21216.8,27649.5
14,0.2311,0.231,0.2309,0.2308,0.2307,0.2306,0.2305,0.2304,0.2303,0.2302,0.2312,0.2313,0.2314,0.2315,0.2316,0.2317,0.2318,0.2319,0.232,0.2321,684.8,27509.4,26375,52003.5,79517.7,33141.2,35919.3,28520.2,53414.1,42199.8,6726.7,33517,42309.8,29654.6,40990.2,23922.3,28835.3,22446.4,26828.7,19908.3
15,0.2302,0.2301,0.23,0.2299,0.2298,0.2297,0.2296,0.2295,0.2294,0.2293,0.2303,0.2304,0.2305,0.2306,0.2307,0.2308,0.2309,0.231,0.2311,0.2312,796.6,21079.3,57778.8,43820.9,42569.9,66128,37085.2,48048.7,55269.9,33311.2,8336.5,24930.6,50716.7,38844.1,32021.1,30758.8,29574.6,27200.8,520090.4,21598
16,0.2301,0.23,0.2299,0.2298,0.2297,0.2296,0.2295,0.2294,0.2293,0.2292,0.2302,0.2303,0.2304,0.2305,0.2306,0.2307,0.2308,0.2309,0.231,0.2311,684.9,20661.1,23277.5,46105,40422.4,30020.7,75624.4,48408.4,55426.2,36909.2,13521.5,41358.7,44653.6,36628.3,30871.1,28956.5,37359.6,27430.3,20728.4,19908.6
17,0.2301,0.23,0.2299,0.2298,0.2297,0.2296,0.2295,0.2294,0.2293,0.2292,0.2302,0.2303,0.2304,0.2305,0.2306,0.2307,0.2308,0.2309,0.231,0.2311,6367.6,24880.1,46480.4,43904.9,42645.5,30987.4,72934.3,28902.4,26769.3,35582.7,801.2,11941.5,23666.8,38720.7,31566.7,33435.2,28945.4,29925.5,23884.7,19908.6
18,0.2302,0.2301,0.23,0.2299,0.2298,0.2297,0.2296,0.2295,0.2294,0.2293,0.2303,0.2304,0.2305,0.2306,0.2307,0.2308,0.2309,0.231,0.2311,0.2312,6578.4,24908.6,44416.2,50052.4,81066.2,33369.2,27463.3,25402.6,20608.7,30091.4,3533.3,18167.6,40058.3,37403.8,34142.6,31735.2,34307.3,24067.2,26694.7,28850.2
19,0.2302,0.2301,0.23,0.2299,0.2298,0.2297,0.2296,0.2295,0.2294,0.2293,0.2303,0.2304,0.2305,0.2306,0.2307,0.2308,0.2309,0.231,0.2311,0.2312,1452.8,15958.9,27013.8,46519.4,48790.2,41265.1,75572.3,25017.5,20997.3,30091.4,11395.6,39315.5,39086.5,37679.4,34049.6,33021.9,29632.2,24067.2,26880,28850.2
20,0.2308,0.2307,0.2306,0.2305,0.2304,0.2303,0.2302,0.2301,0.23,0.2299,0.2309,0.231,0.2311,0.2312,0.2313,0.2314,0.2315,0.2316,0.2317,0.2318,1549.8,19801.6,23265.9,44024.6,50903.3,76528.1,34872.6,20091.4,22927.2,28933.7,7505.5,42313.5,38207.7,39226.9,43784.5,17407,26377.7,27290.4,28986.2,29107.3
21,0.2306,0.2305,0.2304,0.2303,0.2302,0.2301,0.23,0.2299,0.2298,0.2297,0.2307,0.2308,0.2309,0.231,0.2311,0.2312,0.2313,0.2314,0.2315,0.2316,3533.3,16872,25641.3,43840.6,44987.2,75446.8,25074.6,31448,27793.7,33387.9,14256.9,23639.4,41116.9,42070.5,31900.9,33383.8,41310.7,13417.4,28873.8,33043.2
22,0.2306,0.2305,0.2304,0.2303,0.2302,0.2301,0.23,0.2299,0.2298,0.2297,0.2307,0.2308,0.2309,0.231,0.2311,0.2312,0.2313,0.2314,0.2315,0.2316,19001,26319.6,46332.7,44409.8,39561.3,76809.9,22743.6,24288,32443.4,20285.9,684.8,12035.4,43037.3,42905.5,36627,31015.7,45823.4,13417.4,29055.8,27105.5
23,0.2311,0.231,0.2309,0.2308,0.2307,0.2306,0.2305,0.2304,0.2303,0.2302,0.2312,0.2313,0.2314,0.2315,0.2316,0.2317,0.2318,0.2319,0.232,0.2321,22.7,7265.6,16851.4,42472.1,41893.3,23049.4,68081.2,31336,24920.3,20308.7,14773.7,34896.5,92203,31936.9,39759.4,33496.1,29279.2,31666.6,31101.5,21830.1
24,0.2311,0.231,0.2309,0.2308,0.2307,0.2306,0.2305,0.2304,0.2303,0.2302,0.2312,0.2313,0.2314,0.2315,0.2316,0.2317,0.2318,0.2319,0.232,0.2321,17383.9,24223,42497,43126.4,47096.6,72695.4,29171.1,24393,24732.9,27088.1,56489.2,16429.9,37319.4,24411.9,31876.8,31769.3,31308.3,35546.2,30990.7,22122.1
25,0.2312,0.2311,0.231,0.2309,0.2308,0.2307,0.2306,0.2305,0.2304,0.2303,0.2313,0.2314,0.2315,0.2316,0.2317,0.2318,0.2319,0.232,0.2321,0.2322,10666.1,25463.6,42331.9,41741.6,40979.2,31943.8,66506.3,28155.8,28938.9,22400.4,3533.2,13990.2,42447.7,38068.1,32045.6,31344.4,37898.7,24236.9,22122.1,27171.8
26,0.2312,0.2311,0.231,0.2309,0.2308,0.2307,0.2306,0.2305,0.2304,0.2303,0.2313,0.2314,0.2315,0.2316,0.2317,0.2318,0.2319,0.232,0.2321,0.2322,2665.7,14757.8,26723.5,49649.6,56115.1,73378.8,29272.3,31256.7,28780.4,22870.9,44370.4,24480.8,35858.1,39982.1,30674.4,35246,25359.6,24055.2,28884.7,27177.7
27,0.2315,0.2314,0.2313,0.2312,0.2311,0.231,0.2309,0.2308,0.2307,0.2306,0.2316,0.2317,0.2318,0.2319,0.232,0.2321,0.2322,0.2323,0.2324,0.2325,3241.3,12325.5,25099.3,46472.8,52913.4,77650.8,34348.9,28768.1,27752.5,20305,14337,23177.8,35825.5,39139.4,34081.8,38067.6,27359.2,68187.6,73420.8,4563.1
28,0.2318,0.2317,0.2316,0.2315,0.2314,0.2313,0.2312,0.2311,0.231,0.2309,0.2319,0.232,0.2321,0.2322,0.2323,0.2324,0.2325,0.2326,0.2327,0.2328,5944.1,13194.8,23247.2,45614.1,51036.9,85599.9,29163.5,27610.9,24896.9,19908.7,6168.9,28364.8,33401.4,38553.3,69435.1,82972.3,5035.6,28751.9,19931.2,32608.6
29,0.2318,0.2317,0.2316,0.2315,0.2314,0.2313,0.2312,0.2311,0.231,0.2309,0.2319,0.232,0.2321,0.2322,0.2323,0.2324,0.2325,0.2326,0.2327,0.2328,5051,21126.7,31637.6,40261.3,37821.7,25217.1,71810,39178.9,28742.9,10581.5,4945,24735.1,37391.6,40087.1,70042.1,78606.5,34721.1,26861.5,20112.3,35318.7
30,0.2321,0.232,0.2319,0.2318,0.2317,0.2316,0.2315,0.2314,0.2313,0.2312,0.2322,0.2323,0.2324,0.2325,0.2326,0.2327,0.2328,0.2329,0.233,0.2331,8274.6,20347.2,39941.4,37347.4,29943.3,76861.2,28804.7,22223.4,22915.2,28800.6,3491.6,23331.3,76486.1,57941,30991.5,31805,38247,27150,32942.2,26716.3
31,0.2322,0.2321,0.232,0.2319,0.2318,0.2317,0.2316,0.2315,0.2314,0.2313,0.2323,0.2324,0.2325,0.2326,0.2327,0.2328,0.2329,0.233,0.2331,0.2332,4706.1,23070.2,36151,26559.2,31767.5,74112.1,27174.4,24078,20888.6,28950.1,4250.9,43537.6,42362.1,44211.2,48271.8,36371.4,28855.3,35009.8,7729.8,30941.8
32,0.2326,0.2325,0.2324,0.2323,0.2322,0.2321,0.232,0.2319,0.2318,0.2317,0.2327,0.2328,0.2329,0.233,0.2331,0.2332,0.2333,0.2334,0.2335,0.2336,1792.3,9407.6,20124.1,37935.9,23815.2,31644.3,26340.4,25472.3,28982.6,741.1,11228,38683.1,39951.3,41019.8,38829.7,51852.9,36794.4,30027.3,27279.5,26624.2
33,0.2324,0.2323,0.2322,0.2321,0.232,0.2319,0.2318,0.2317,0.2316,0.2315,0.2325,0.2326,0.2327,0.2328,0.2329,0.233,0.2331,0.2332,0.2333,0.2334,1313.6,19340.7,46869.2,32692.6,36626.7,27419.9,31498.2,21816.8,64368.5,31116.4,6638.5,20770.3,44910.1,42670.1,42575.7,58943.9,29509.4,27666.7,33466.7,21412.8
34,0.2326,0.2325,0.2324,0.2323,0.2322,0.2321,0.232,0.2319,0.2318,0.2317,0.2327,0.2328,0.2329,0.233,0.2331,0.2332,0.2333,0.2334,0.2335,0.2336,2691.4,22425.6,40858.8,32393.6,75421,24706,31049,25306.3,30711.8,19908.4,6491.9,21134.1,43429,58454.6,49601.2,39715.3,33170.2,24207.2,27484.9,20198.5
35,0.2326,0.2325,0.2324,0.2323,0.2322,0.2321,0.232,0.2319,0.2318,0.2317,0.2327,0.2328,0.2329,0.233,0.2331,0.2332,0.2333,0.2334,0.2335,0.2336,280.4,12631.2,20607,35011.3,76426,25702.4,32872.1,25089,31399.6,19908.4,13050.6,43013.4,50180.6,91435.7,50421.3,35588.4,33170.2,21883.3,27304.5,20198.5
36,0.2322,0.2321,0.232,0.2319,0.2318,0.2317,0.2316,0.2315,0.2314,0.2313,0.2323,0.2324,0.2325,0.2326,0.2327,0.2328,0.2329,0.233,0.2331,0.2332,3858.7,9713.1,28746.5,32118.1,33208.7,24605.5,68157.3,26833.4,27600.4,28053.8,6113.8,163092.9,40386.9,43695.7,39282.7,31160.3,30697.5,85759.6,26716.3,29847.6
37,0.2327,0.2326,0.2325,0.2324,0.2323,0.2322,0.2321,0.232,0.2319,0.2318,0.2328,0.2329,0.233,0.2331,0.2332,0.2333,0.2334,0.2335,0.2336,0.2337,8931.3,32433.9,216712.4,32542.3,24011.2,30324.3,24974.1,31851.2,23826.6,29063.3,2411,27026.4,78027.9,43470,51241.3,35248.7,26095.4,29665.6,20198.4,11160.9
38,0.233,0.2329,0.2328,0.2327,0.2326,0.2325,0.2324,0.2323,0.2322,0.2321,0.2331,0.2332,0.2333,0.2334,0.2335,0.2336,0.2337,0.2338,0.2339,0.234,3271.9,9609.6,18857.4,5733.7,32776.4,26686.9,29657.7,19974.6,22561.9,62616.4,7646.3,41041.3,39681.2,40742.8,39178.3,41710.3,46029,28666.3,28176.6,57653
39,0.2322,0.2321,0.232,0.2319,0.2318,0.2317,0.2316,0.2315,0.2314,0.2313,0.2323,0.2324,0.2325,0.2326,0.2327,0.2328,0.2329,0.233,0.2331,0.2332,3229.6,19300.1,23017.9,39907.7,27026.3,55916.8,23013.8,47061.1,60132.1,39553.3,8452.4,43548.3,41763.6,45199.2,52525.1,44701,28991.9,30866.6,28527.3,26898.9
40,0.2327,0.2326,0.2325,0.2324,0.2323,0.2322,0.2321,0.232,0.2319,0.2318,0.2328,0.2329,0.233,0.2331,0.2332,0.2333,0.2334,0.2335,0.2336,0.2337,684.6,16154.5,45328,85531.3,74998.7,31781.3,43617.8,35773.2,30161.8,20289.3,13185.8,18424.4,20419,46277.6,42909.8,37905.6,29956,20124.7,21302.9,20572.2
41,0.233,0.2329,0.2328,0.2327,0.2326,0.2325,0.2324,0.2323,0.2322,0.2321,0.2331,0.2332,0.2333,0.2334,0.2335,0.2336,0.2337,0.2338,0.2339,0.234,5288.4,20423.2,45131.5,44887,42303.3,78429.2,73309.4,31444.6,26497.1,39423.8,3895.8,19816.4,21299.3,30836.2,33778.4,31877.6,26507.5,22712.8,29138.5,54519.5
42,0.2329,0.2328,0.2327,0.2326,0.2325,0.2324,0.2323,0.2322,0.2321,0.232,0.233,0.2331,0.2332,0.2333,0.2334,0.2335,0.2336,0.2337,0.2338,0.2339,4207.8,23399.8,44822.6,51044.8,77131,77024.7,31236.5,28218.8,39533,31420.6,3721,12021.1,22246.4,46759.5,29049.4,31161.6,31822.7,21042.3,22138,28848.7
43,0.2329,0.2328,0.2327,0.2326,0.2325,0.2324,0.2323,0.2322,0.2321,0.232,0.233,0.2331,0.2332,0.2333,0.2334,0.2335,0.2336,0.2337,0.2338,0.2339,884.5,17276.6,41090.1,49290.5,41418.8,77404.7,72539.8,30533.4,39603.8,31818.9,10157.7,14558,38513.6,48452.2,30830.2,26481,27906.3,20197.9,21957.8,28848.7
44,0.2329,0.2328,0.2327,0.2326,0.2325,0.2324,0.2323,0.2322,0.2321,0.232,0.233,0.2331,0.2332,0.2333,0.2334,0.2335,0.2336,0.2337,0.2338,0.2339,6704.7,42088.9,47462.6,51253.3,76105.5,75438.9,29188.7,30932.8,39314,31420.6,12863.8,8679.5,21404.2,42845,39942.6,27594.9,30443.2,20197.9,21957.8,28848.7
45,0.2328,0.2327,0.2326,0.2325,0.2324,0.2323,0.2322,0.2321,0.232,0.2319,0.2329,0.233,0.2331,0.2332,0.2333,0.2334,0.2335,0.2336,0.2337,0.2338,2714.8,46226.9,54759.5,70800.5,73309.4,31590.9,33516.4,32813.6,24701.6,31819.3,6374.8,11952.1,17921.8,21061,36260.2,45325.5,22663.3,29605.8,20378.2,21957.8
46,0.2327,0.2326,0.2325,0.2324,0.2323,0.2322,0.2321,0.232,0.2319,0.2318,0.2328,0.2329,0.233,0.2331,0.2332,0.2333,0.2334,0.2335,0.2336,0.2337,5102,40763.3,60161.1,75295.9,33213,71644,37421.1,28548.2,30158.8,20289.4,4396,15650.9,23781.5,47580.5,41829.5,30233.4,28893.1,20595.2,27725.9,19908.2
47,0.232,0.2319,0.2318,0.2317,0.2316,0.2315,0.2314,0.2313,0.2312,0.2311,0.2321,0.2322,0.2323,0.2324,0.2325,0.2326,0.2327,0.2328,0.2329,0.233,6631,41990.4,41588.8,48761.3,69346.2,31348.9,37051.3,41356.5,61961.4,36463.3,1532.4,7938,18282,39201.1,40565.9,40581.8,25088.3,27436.9,26641.6,24602.9
48,0.2315,0.2314,0.2313,0.2312,0.2311,0.231,0.2309,0.2308,0.2307,0.2306,0.2316,0.2317,0.2318,0.2319,0.232,0.2321,0.2322,0.2323,0.2324,0.2325,1502,25113,38248.8,31385.1,30233.5,35309.6,28353.4,27428,23103.9,29103.6,9453.2,9472.6,12853.5,15295.8,42507.6,35986.1,36855.5,27938.1,30406.9,20199.1
49,0.2315,0.2314,0.2313,0.2312,0.2311,0.231,0.2309,0.2308,0.2307,0.2306,0.2316,0.2317,0.2318,0.2319,0.232,0.2321,0.2322,0.2323,0.2324,0.2325,14528.9,41228.7,43955.8,45224.7,80031.9,33564.7,32388.1,29743.9,29533.9,41472,584.2,8076.1,15646.1,16023.8,39301.7,40803.9,32466,27774.9,22838.9,7548.3
50,0.2316,0.2315,0.2314,0.2313,0.2312,0.2311,0.231,0.2309,0.2308,0.2307,0.2317,0.2318,0.2319,0.232,0.2321,0.2322,0.2323,0.2324,0.2325,0.2326,6826.7,42656.7,45033.1,42163.8,34876.3,31955.8,75964.2,33001.4,27429.6,29533.9,3557,9783.3,18872.8,37114.4,35436.6,30019.9,30215.2,22548,7839.8,19908.1
51,0.2315,0.2314,0.2313,0.2312,0.2311,0.231,0.2309,0.2308,0.2307,0.2306,0.2316,0.2317,0.2318,0.2319,0.232,0.2321,0.2322,0.2323,0.2324,0.2325,1246.9,39497.5,47022,40684.3,31959.2,78162,38453.6,27611,29533.9,34724,4994.5,15772.1,23149.6,44512.5,37269,35191.9,29915.8,29045.8,22366.6,20259.1
52,0.2312,0.2311,0.231,0.2309,0.2308,0.2307,0.2306,0.2305,0.2304,0.2303,0.2313,0.2314,0.2315,0.2316,0.2317,0.2318,0.2319,0.232,0.2321,0.2322,1450,38966.9,45306.7,46457,74727.4,28493.4,47105.8,63681.4,48106,22214.9,4156.9,20048.4,19613.3,25624.4,38948.8,40849.7,28509.4,27009.3,22272,20251
53,0.2314,0.2313,0.2312,0.2311,0.231,0.2309,0.2308,0.2307,0.2306,0.2305,0.2315,0.2316,0.2317,0.2318,0.2319,0.232,0.2321,0.2322,0.2323,0.2324,3683.2,41806.7,43884.2,41984.4,33721.5,83157.5,33395.9,27977.5,37152.5,60343.5,1490.1,10693.5,21393.6,46642.8,40771.8,30528.1,32520.6,20432.5,26880.8,29117.5
54,0.2314,0.2313,0.2312,0.2311,0.231,0.2309,0.2308,0.2307,0.2306,0.2305,0.2315,0.2316,0.2317,0.2318,0.2319,0.232,0.2321,0.2322,0.2323,0.2324,684.7,22534,46081.5,39187.8,37426.9,79580.9,29995.9,31631,37545.3,60343.5,7715.6,24555.1,43051.6,46534.4,40187.1,31922.9,34480.6,29179.7,20415.7,22366.6
55,0.2312,0.2311,0.231,0.2309,0.2308,0.2307,0.2306,0.2305,0.2304,0.2303,0.2313,0.2314,0.2315,0.2316,0.2317,0.2318,0.2319,0.232,0.2321,0.2322,111.5,42558.2,46250.5,40780.7,31391.7,75100.6,31860.1,45777.2,61481.8,42230.5,11868.1,20770.2,34305.3,42467.5,39420.5,38187.8,31247.5,20561.8,21193,27007.7
56,0.2309,0.2308,0.2307,0.2306,0.2305,0.2304,0.2303,0.2302,0.2301,0.23,0.231,0.2311,0.2312,0.2313,0.2314,0.2315,0.2316,0.2317,0.2318,0.2319,178.2,8660.1,42487.6,43613,34326.4,74175.5,32703.8,43335.2,59543.8,44286.7,15329.5,25210.5,42458.4,42511.9,43960.5,39272.4,36121.3,26837.8,19908.4,25734.2
57,0.231,0.2309,0.2308,0.2307,0.2306,0.2305,0.2304,0.2303,0.2302,0.2301,0.2311,0.2312,0.2313,0.2314,0.2315,0.2316,0.2317,0.2318,0.2319,0.232,3964.2,44307.7,44060.5,36846,31843,33303.6,72704.6,29629.4,34661.6,62220.9,684.8,14797.1,24839.7,43973.4,33736.9,40597.4,29101.4,26852.8,32496.8,24024.5
58,0.2313,0.2312,0.2311,0.231,0.2309,0.2308,0.2307,0.2306,0.2305,0.2304,0.2314,0.2315,0.2316,0.2317,0.2318,0.2319,0.232,0.2321,0.2322,0.2323,2435.3,22001.5,46169,43532.5,34832.6,30682.4,74991.9,27646.8,22708.4,26795.9,5412.1,19396.5,22878.7,39413.1,45558.7,37124.8,24498.1,21224.3,27013.6,22306.4
59,0.231,0.2309,0.2308,0.2307,0.2306,0.2305,0.2304,0.2303,0.2302,0.2301,0.2311,0.2312,0.2313,0.2314,0.2315,0.2316,0.2317,0.2318,0.2319,0.232,2717.6,20640.9,44039.6,36362.3,33302.5,29654.2,74894.4,29541.7,41418.3,61928.7,6031,17960.9,25349.1,47245.1,43111.2,36925.4,29847.7,32474.8,30496.2,24024.5
60,0.2308,0.2307,0.2306,0.2305,0.2304,0.2303,0.2302,0.2301,0.23,0.2299,0.2309,0.231,0.2311,0.2312,0.2313,0.2314,0.2315,0.2316,0.2317,0.2318,5793.4,44664.3,44101.7,38196.3,30985.1,31415.2,68942.2,41540.1,70299.7,40409.4,684.8,22387,24870.1,47282.7,40297.9,38545,32619,20493.8,26971.8,25101.7
61,0.2301,0.23,0.2299,0.2298,0.2297,0.2296,0.2295,0.2294,0.2293,0.2292,0.2302,0.2303,0.2304,0.2305,0.2306,0.2307,0.2308,0.2309,0.231,0.2311,8666.8,43097,44515.1,41522.9,34929.2,75104.8,33097.5,20207.9,26953.1,37124.9,4941.1,12812.4,23372.3,51906.1,40850.4,31738.9,29135.1,30853.7,25183.2,27481
62,0.2301,0.23,0.2299,0.2298,0.2297,0.2296,0.2295,0.2294,0.2293,0.2292,0.2302,0.2303,0.2304,0.2305,0.2306,0.2307,0.2308,0.2309,0.231,0.2311,1317.8,9015.3,25951.2,38484.9,32594.4,68982.9,29678.5,35772.1,27417.6,44163,7462.1,26823.9,38854.8,41435.9,40069.1,37451.1,27244.7,30555.2,28615.2,20230
63,0.2297,0.2296,0.2295,0.2294,0.2293,0.2292,0.2291,0.229,0.2289,0.2288,0.2298,0.2299,0.23,0.2301,0.2302,0.2303,0.2304,0.2305,0.2306,0.2307,11298.3,41346.6,47803.7,36906.2,34826.4,74100.5,31296.6,43086.7,36240.9,28591.8,1278.1,13282.3,27857.2,39020,37082.5,27217.4,27365.5,27488.5,19763.4,28723.9
64,0.23,0.2299,0.2298,0.2297,0.2296,0.2295,0.2294,0.2293,0.2292,0.2291,0.2301,0.2302,0.2303,0.2304,0.2305,0.2306,0.2307,0.2308,0.2309,0.231,6815.3,41973.7,45575.8,48213.6,71352.7,31645.5,31124.5,27733.8,23250.9,32153.9,1437.3,9414.9,22354.9,36644,37987.4,31331.3,26936.5,29267.7,24059.5,23884.5
65,0.2294,0.2293,0.2292,0.2291,0.229,0.2289,0.2288,0.2287,0.2286,0.2285,0.2295,0.2296,0.2297,0.2298,0.2299,0.23,0.2301,0.2302,0.2303,0.2304,22.9,18534.1,38329.8,47026.3,72755.6,33123,39270.6,45449,68887.6,33613.8,7493.7,10109.8,23235.8,34329.9,47720.3,29018.5,27058.6,22106.3,30020.9,19879.3
66,0.2297,0.2296,0.2295,0.2294,0.2293,0.2292,0.2291,0.229,0.2289,0.2288,0.2298,0.2299,0.23,0.2301,0.2302,0.2303,0.2304,0.2305,0.2306,0.2307,11443.6,41767.2,44138.1,36866.1,36608.4,33585.6,63200.8,39444.5,20114.6,23327.5,3404.4,12247.6,23539.5,48668.4,42949.8,32932.4,20356.5,19908.9,26573.1,30204.1
67,0.2295,0.2294,0.2293,0.2292,0.2291,0.229,0.2289,0.2288,0.2287,0.2286,0.2296,0.2297,0.2298,0.2299,0.23,0.2301,0.2302,0.2303,0.2304,0.2305,1274.1,23308.6,44291,36926.6,32122.4,81284.6,26988.9,30133.9,52501.1,55115.3,7934.6,17974.8,23873,44790.7,52114.4,40140.3,29007,29935.4,27157.3,20202.7
68,0.2295,0.2294,0.2293,0.2292,0.2291,0.229,0.2289,0.2288,0.2287,0.2286,0.2296,0.2297,0.2298,0.2299,0.23,0.2301,0.2302,0.2303,0.2304,0.2305,16730.9,46696.2,40783.6,36896.5,30641,43192.1,73780.9,24810.3,22425.9,46810.8,46.9,7498.8,27901.3,41548.7,49625.5,35131.6,22468.1,23294.2,26695,27012.4
69,0.2292,0.2291,0.229,0.2289,0.2288,0.2287,0.2286,0.2285,0.2284,0.2283,0.2293,0.2294,0.2295,0.2296,0.2297,0.2298,0.2299,0.23,0.2301,0.2302,2394.1,50360.8,50744.4,25345.3,34586.2,33510.3,53605.7,42725.2,33832.4,32675.5,4123.6,19535.4,21317.9,46649.2,53852.4,43664.4,31524.2,27382.8,27058.6,19909.1
70,0.2291,0.229,0.2289,0.2288,0.2287,0.2286,0.2285,0.2284,0.2283,0.2282,0.2292,0.2293,0.2294,0.2295,0.2296,0.2297,0.2298,0.2299,0.23,0.2301,1326.4,53012.2,44156.8,42843.5,76269.6,39029.8,32097.7,57055,47169,35584,3088.1,31559.7,24685,44554.3,44729.7,42623.7,31731.8,28803.2,27771.6,20381.4
71,0.229,0.2289,0.2288,0.2287,0.2286,0.2285,0.2284,0.2283,0.2282,0.2281,0.2291,0.2292,0.2293,0.2294,0.2295,0.2296,0.2297,0.2298,0.2299,0.23,13015.8,15656.5,43579.9,44011.5,39528.9,77402.5,31854.5,46910.2,64540.6,51815.8,1337.5,21327,20685.6,43050.9,52986.5,41872,31594.2,27187.3,20848.7,20961.9
72,0.2289,0.2288,0.2287,0.2286,0.2285,0.2284,0.2283,0.2282,0.2281,0.228,0.229,0.2291,0.2292,0.2293,0.2294,0.2295,0.2296,0.2297,0.2298,0.2299,6088.6,20606.5,41777.8,48765.1,37895.2,77043,34821.9,47419.8,74041.6,63572.1,15161.7,100731.2,42399.5,45346.1,51715.1,35150.5,27380.2,27424.1,20203.9,27547.6
73,0.2286,0.2285,0.2284,0.2283,0.2282,0.2281,0.228,0.2279,0.2278,0.2277,0.2287,0.2288,0.2289,0.229,0.2291,0.2292,0.2293,0.2294,0.2295,0.2296,887.7,13534.6,36590,24780.6,35019.1,65519.9,50366.5,43512.9,59822.2,37845.6,17038,22601.3,58201.6,62442.8,107659.9,40016.9,29230.4,29672.4,29137.4,22094.3
74,0.229,0.2289,0.2288,0.2287,0.2286,0.2285,0.2284,0.2283,0.2282,0.2281,0.2291,0.2292,0.2293,0.2294,0.2295,0.2296,0.2297,0.2298,0.2299,0.23,6303.2,15236.4,38944.9,26738.9,33776.4,66785.9,30360.4,21452.7,31790.9,26976.3,86937.9,20852,40325.7,49927.5,38197.4,24875.9,22496.9,30113.1,21859.7,31221.5
75,0.229,0.2289,0.2288,0.2287,0.2286,0.2285,0.2284,0.2283,0.2282,0.2281,0.2291,0.2292,0.2293,0.2294,0.2295,0.2296,0.2297,0.2298,0.2299,0.23,1808.1,12583.6,37744.4,26923.5,34113.9,24753.3,29479.8,79744.2,37931,27743.6,7859.1,29058.3,54743,41460.4,38924.2,34221.7,20646,30113.1,28684.3,38165.9
76,0.2289,0.2288,0.2287,0.2286,0.2285,0.2284,0.2283,0.2282,0.2281,0.228,0.229,0.2291,0.2292,0.2293,0.2294,0.2295,0.2296,0.2297,0.2298,0.2299,14188.3,38425.6,23532.4,34160.4,26482.3,30020.2,82367.6,39678.5,28948,48705.7,2881,14224.3,30877.5,48132.7,53242.3,29669.5,40059,20351.3,30113.1,28684.3
77,0.229,0.2289,0.2288,0.2287,0.2286,0.2285,0.2284,0.2283,0.2282,0.2281,0.2291,0.2292,0.2293,0.2294,0.2295,0.2296,0.2297,0.2298,0.2299,0.23,1736.1,12608.9,38171.6,23444.3,31890.6,69103.9,30423.9,37690.5,37747.6,31646.2,5343.3,27076.7,52045.3,42223.7,42788.6,38026.6,27461.5,32148.9,28978.8,31341.3
78,0.2292,0.2291,0.229,0.2289,0.2288,0.2287,0.2286,0.2285,0.2284,0.2283,0.2293,0.2294,0.2295,0.2296,0.2297,0.2298,0.2299,0.23,0.2301,0.2302,3921.9,10133.9,40537.2,26022.9,35159.6,22932.6,29292.6,67877.5,27751.2,36436.8,3603.2,24542.7,50278.8,42466.9,44545.4,43788.7,26977.2,33231.7,26727.8,32691.8
79,0.2292,0.2291,0.229,0.2289,0.2288,0.2287,0.2286,0.2285,0.2284,0.2283,0.2293,0.2294,0.2295,0.2296,0.2297,0.2298,0.2299,0.23,0.2301,0.2302,1354,11779.8,33890.9,23518.4,34577.5,68547.6,32276.4,22678.7,32022.4,34033.6,3397.6,25654.1,43323,50634.6,40707.5,39440.7,31084.5,32286.1,26727.8,27044.9
80,0.2292,0.2291,0.229,0.2289,0.2288,0.2287,0.2286,0.2285,0.2284,0.2283,0.2293,0.2294,0.2295,0.2296,0.2297,0.2298,0.2299,0.23,0.2301,0.2302,6994.1,12597.9,38173.7,24923,33719.9,21821.1,30169.4,66148,29680.1,36459,675.4,21942,44741.9,46312.1,43699.4,45523.6,29493,32854.1,26730.8,19931.8
81,0.229,0.2289,0.2288,0.2287,0.2286,0.2285,0.2284,0.2283,0.2282,0.2281,0.2291,0.2292,0.2293,0.2294,0.2295,0.2296,0.2297,0.2298,0.2299,0.23,9340.1,9900.8,39350.6,28142.9,31749.2,20636.9,31206.7,68452.5,40742.4,38049.4,765.2,23282.4,48067.1,48135.7,40120.8,31858.2,29339.5,30295.9,28681.3,33775.4
82,0.2285,0.2284,0.2283,0.2282,0.2281,0.228,0.2279,0.2278,0.2277,0.2276,0.2286,0.2287,0.2288,0.2289,0.229,0.2291,0.2292,0.2293,0.2294,0.2295,930.1,6763.6,8394,20913.2,10414.3,15183.8,26269.6,55989.9,23858.7,14357.4,9011.6,44576,57552.2,40387.3,44625.1,29510.3,27095.3,20581,22904.3,27722.2
83,0.2286,0.2285,0.2284,0.2283,0.2282,0.2281,0.228,0.2279,0.2278,0.2277,0.2287,0.2288,0.2289,0.229,0.2291,0.2292,0.2293,0.2294,0.2295,0.2296,7080.5,8802.4,19514.9,9054.9,15308.1,27872.6,9766.1,28172.7,56090.6,22717,2660.9,44818.9,52012.8,44141.1,38177.1,31570.6,20876.2,23088,27722.2,1046.2
84,0.2287,0.2286,0.2285,0.2284,0.2283,0.2282,0.2281,0.228,0.2279,0.2278,0.2288,0.2289,0.229,0.2291,0.2292,0.2293,0.2294,0.2295,0.2296,0.2297,3599.1,17248.3,8121.1,12945.1,28324.5,12019.7,28206.5,16676.7,20552.8,55550.1,12009.5,44671,50923.2,40337,43770.7,31017.3,21197.6,27905.8,1341.3,27026.8
85,0.2293,0.2292,0.2291,0.229,0.2289,0.2288,0.2287,0.2286,0.2285,0.2284,0.2294,0.2295,0.2296,0.2297,0.2298,0.2299,0.23,0.2301,0.2302,0.2303,785,12650.7,13375,15919.1,29196.2,18672.6,24144.7,12122.7,24780,54078.8,5318.8,40864.2,51807.9,39923.4,41744.3,22566.8,14945.3,26915.1,28952.5,25790.6
86,0.2295,0.2294,0.2293,0.2292,0.2291,0.229,0.2289,0.2288,0.2287,0.2286,0.2296,0.2297,0.2298,0.2299,0.23,0.2301,0.2302,0.2303,0.2304,0.2305,72.9,5437.6,12287.6,13145.6,26897.5,13345.1,26210.5,56823.9,24467.1,7543,15778.5,45275.2,45641.2,52042,46605.8,32329.4,26951.4,26861.2,31485.4,30005.4
87,0.229,0.2289,0.2288,0.2287,0.2286,0.2285,0.2284,0.2283,0.2282,0.2281,0.2291,0.2292,0.2293,0.2294,0.2295,0.2296,0.2297,0.2298,0.2299,0.23,1674.3,10166.5,16138.3,24852.5,56127.5,28694.6,14949.9,31362.6,9837.4,21850.1,5738.1,41863.5,44938.3,46226.5,44179.7,46327.6,32194.1,30020.8,27064.6,36552.6
88,0.2289,0.2288,0.2287,0.2286,0.2285,0.2284,0.2283,0.2282,0.2281,0.228,0.229,0.2291,0.2292,0.2293,0.2294,0.2295,0.2296,0.2297,0.2298,0.2299,17722.2,11914.3,7191.3,16280.2,26552.1,14664.4,25287.9,53662.3,22419.2,23790.3,23,23970.4,50832.5,47636.4,64909.7,244361.6,33509.7,29829.2,29838,27064.6
89,0.2288,0.2287,0.2286,0.2285,0.2284,0.2283,0.2282,0.2281,0.228,0.2279,0.2289,0.229,0.2291,0.2292,0.2293,0.2294,0.2295,0.2296,0.2297,0.2298,5758.1,9047.5,18099.3,8486.8,12609.3,25309.3,11693.5,24350.4,62376.3,43270.5,1991.4,46417.4,50032.6,45537.8,45188,35666.8,242021.2,27284.2,29462.9,23037.2
90,0.2291,0.229,0.2289,0.2288,0.2287,0.2286,0.2285,0.2284,0.2283,0.2282,0.2292,0.2293,0.2294,0.2295,0.2296,0.2297,0.2298,0.2299,0.23,0.2301,1407.9,17975.1,11622.7,17392.2,28369.1,11802.1,26903.1,53915.3,21878.2,16687.6,7160.9,44815.1,46594.1,56943.1,38658.4,43027.4,23364.3,27275.1,37672,29804.7
91,0.2292,0.2291,0.229,0.2289,0.2288,0.2287,0.2286,0.2285,0.2284,0.2283,0.2293,0.2294,0.2295,0.2296,0.2297,0.2298,0.2299,0.23,0.2301,0.2302,5988.8,10920.9,18285.4,6367.3,14656.6,29669.9,9756.4,26850.5,51914.5,22029.1,1915.7,45176.8,53155.8,44981.7,41634.8,25765.7,29550.1,44413.3,29214.9,26756.4
92,0.2294,0.2293,0.2292,0.2291,0.229,0.2289,0.2288,0.2287,0.2286,0.2285,0.2295,0.2296,0.2297,0.2298,0.2299,0.23,0.2301,0.2302,0.2303,0.2304,1382.6,7093,20256.6,8203.9,59715.5,26970.9,25572.8,59035.6,20836.7,24950.9,12402.5,45109,53868.1,42728.8,43172.9,48229.8,29692.3,26756.4,21267.2,11076.9
93,0.2294,0.2293,0.2292,0.2291,0.229,0.2289,0.2288,0.2287,0.2286,0.2285,0.2295,0.2296,0.2297,0.2298,0.2299,0.23,0.2301,0.2302,0.2303,0.2304,5546.8,14675,16936,27733,15451.4,27550.2,53645.9,38969,42581.9,38024.6,4436.7,43011.7,46898,56696.3,45688.5,45277.6,29692.2,26939.4,21267.2,11076.9
94,0.2294,0.2293,0.2292,0.2291,0.229,0.2289,0.2288,0.2287,0.2286,0.2285,0.2295,0.2296,0.2297,0.2298,0.2299,0.23,0.2301,0.2302,0.2303,0.2304,3865.7,7380.5,17921,29583.6,16453.6,24986.2,56055.7,37199.1,44763.1,37734.1,14178.7,45956.4,44708.2,44631.2,57236.1,50465.4,34059.3,26939.4,21267.2,11999.9
95,0.2297,0.2296,0.2295,0.2294,0.2293,0.2292,0.2291,0.229,0.2289,0.2288,0.2298,0.2299,0.23,0.2301,0.2302,0.2303,0.2304,0.2305,0.2306,0.2307,1216.5,7406.9,12798.1,15252.2,28368.3,15414,24751,13954.2,22427.2,53881.3,15080.5,44334.7,62787.6,41160.2,42808.8,29608.7,12476.7,29480.3,8918.9,31874.3
96,0.2296,0.2295,0.2294,0.2293,0.2292,0.2291,0.229,0.2289,0.2288,0.2287,0.2297,0.2298,0.2299,0.23,0.2301,0.2302,0.2303,0.2304,0.2305,0.2306,4684.9,10004.4,16713.1,26878.7,15414,26601.9,11610.3,22751.8,53496.7,39580.8,775.3,22990.2,50637.6,49905.7,45392.9,30882.3,23699.4,12476.7,29480.3,8918.9
97,0.2296,0.2295,0.2294,0.2293,0.2292,0.2291,0.229,0.2289,0.2288,0.2287,0.2297,0.2298,0.2299,0.23,0.2301,0.2302,0.2303,0.2304,0.2305,0.2306,5786.5,8563,16468.7,7711.4,14822.4,27196.7,13695.9,22754.4,53679.1,39287,9831.5,46310.4,55084.1,49296.1,39389.3,31192.4,21299.2,12476.7,29480.3,8918.9
98,0.2295,0.2294,0.2293,0.2292,0.2291,0.229,0.2289,0.2288,0.2287,0.2286,0.2296,0.2297,0.2298,0.2299,0.23,0.2301,0.2302,0.2303,0.2304,0.2305,3352.6,4713.3,10127.4,12290.7,29204,11536.8,25584.5,54622.1,41419.3,44350.7,17231,45051.6,51328.3,43392.5,49338.8,42440.1,34944,23023.3,12293.8,29480.3
99,0.2294,0.2293,0.2292,0.2291,0.229,0.2289,0.2288,0.2287,0.2286,0.2285,0.2295,0.2296,0.2297,0.2298,0.2299,0.23,0.2301,0.2302,0.2303,0.2304,2163.2,8672.6,22089.9,6001.7,15741.2,25466.8,15267.3,70421.8,35932.2,46844.7,14456.3,46619.5,52046.2,41386.6,45673.3,39536.5,26939.5,27050.6,24045.6,11999.9
100,0.229,0.2289,0.2288,0.2287,0.2286,0.2285,0.2284,0.2283,0.2282,0.2281,0.2291,0.2292,0.2293,0.2294,0.2295,0.2296,0.2297,0.2298,0.2299,0.23,3822.2,6385.6,21354.4,28174.4,31432.9,69102.1,38371,73101.3,38860.5,30675.7,7680.3,43436.2,44750.2,49103.4,43918.8,40762.4,29351.2,28761.2,26824.6,38686.7
101,0.2293,0.2292,0.2291,0.229,0.2289,0.2288,0.2287,0.2286,0.2285,0.2284,0.2294,0.2295,0.2296,0.2297,0.2298,0.2299,0.23,0.2301,0.2302,0.2303,5119.6,10210.1,10625.2,38475.5,26936.5,35497.6,23818.8,29391.5,68607.3,35230.8,7721.6,42400.4,47199.5,48435.2,41563.5,29762.8,40960.7,20683,27041.7,38693.4
102,0.2294,0.2293,0.2292,0.2291,0.229,0.2289,0.2288,0.2287,0.2286,0.2285,0.2295,0.2296,0.2297,0.2298,0.2299,0.23,0.2301,0.2302,0.2303,0.2304,1399.6,11754.7,16198.1,29039.2,31894.8,22310.8,74083.7,24582.6,29332,24659.5,2698.6,43414.5,44909.7,40945.6,51133.2,47858.6,31838.1,26930.5,28085.7,15918.7
103,0.2293,0.2292,0.2291,0.229,0.2289,0.2288,0.2287,0.2286,0.2285,0.2284,0.2294,0.2295,0.2296,0.2297,0.2298,0.2299,0.23,0.2301,0.2302,0.2303,3752.3,9116.1,17154.1,24971.6,33296,71060.8,24582.6,27199.3,25044.3,41749,3301.4,22162.9,47011.3,52740.3,35367.8,37562.6,33850.7,27789.8,19931.8,24339.7
104,0.2291,0.229,0.2289,0.2288,0.2287,0.2286,0.2285,0.2284,0.2283,0.2282,0.2292,0.2293,0.2294,0.2295,0.2296,0.2297,0.2298,0.2299,0.23,0.2301,3744.2,8824.2,17367.5,27021.9,25014.8,29671.2,68911.2,43860,65040.8,37358.7,3579.5,52504.4,99918,48217.7,38688.2,44282,28774.6,20180.3,29971.9,27312.6
105,0.2292,0.2291,0.229,0.2289,0.2288,0.2287,0.2286,0.2285,0.2284,0.2283,0.2293,0.2294,0.2295,0.2296,0.2297,0.2298,0.2299,0.23,0.2301,0.2302,1849.3,18872.9,8912.9,37175.9,28281.1,67044.6,31707.3,24458.8,41929.5,62997.3,6924.5,49956.4,42336.4,57131.5,44180,31487.1,20474.6,36151.3,27607,19931.8
106,0.2293,0.2292,0.2291,0.229,0.2289,0.2288,0.2287,0.2286,0.2285,0.2284,0.2294,0.2295,0.2296,0.2297,0.2298,0.2299,0.23,0.2301,0.2302,0.2303,999.6,8840.1,19882.8,26995.6,37333.8,28951.7,66337.9,29778.4,24843.1,41929.5,29605.9,45458,43369.8,50178.6,36239.4,24536.1,36151.3,27312.6,19931.8,31155.6
107,0.2292,0.2291,0.229,0.2289,0.2288,0.2287,0.2286,0.2285,0.2284,0.2283,0.2293,0.2294,0.2295,0.2296,0.2297,0.2298,0.2299,0.23,0.2301,0.2302,4533.4,20400.3,8255.5,35013.6,31274.5,66406,29778.4,24458.8,42314.3,64657.6,3533.8,67059.6,45180.7,40962.7,51632.1,38162.5,26529.3,29860.8,27607,19931.8
108,0.2293,0.2292,0.2291,0.229,0.2289,0.2288,0.2287,0.2286,0.2285,0.2284,0.2294,0.2295,0.2296,0.2297,0.2298,0.2299,0.23,0.2301,0.2302,0.2303,857,8876.3,19476,26971.6,37133.4,27310.7,70363.2,27404.1,24843.1,42688.4,48412.6,45294.1,47354.6,51736.3,38541.5,26529.3,29860.8,27312.6,19931.8,31155.6
109,0.2291,0.229,0.2289,0.2288,0.2287,0.2286,0.2285,0.2284,0.2283,0.2282,0.2292,0.2293,0.2294,0.2295,0.2296,0.2297,0.2298,0.2299,0.23,0.2301,14295.3,13606.2,9454,37067.7,27638.1,31949.5,66475.2,43860,64268.9,37358.7,11930,49416.9,54853.6,48552.3,54491.1,49128.9,30370.9,20474.7,31568,27606.9
110,0.2292,0.2291,0.229,0.2289,0.2288,0.2287,0.2286,0.2285,0.2284,0.2283,0.2293,0.2294,0.2295,0.2296,0.2297,0.2298,0.2299,0.23,0.2301,0.2302,2077.7,8969.7,18982,27083.7,38204.8,26503.6,43766,104115.8,42101.6,27608,15530.6,55439.4,44644,52790,51511.2,29188.4,20474.7,31568,27606.9,19931.8
111,0.2292,0.2291,0.229,0.2289,0.2288,0.2287,0.2286,0.2285,0.2284,0.2283,0.2293,0.2294,0.2295,0.2296,0.2297,0.2298,0.2299,0.23,0.2301,0.2302,145800.3,6215.4,12752.1,26577,71608.6,23007.2,45167,58099,40465.5,26929.8,28732.5,32633.4,47629.6,62245.5,42961.1,43622.6,22828.2,31751.2,27606.9,19931.8
112,0.2292,0.2291,0.229,0.2289,0.2288,0.2287,0.2286,0.2285,0.2284,0.2283,0.2293,0.2294,0.2295,0.2296,0.2297,0.2298,0.2299,0.23,0.2301,0.2302,72750.5,5899.1,15792.4,25843.4,71608.6,22183.7,45167,59681.6,40171.1,23500.9,15078,55708.7,48562.6,62421.4,42895.7,46784.1,20474.7,31751.2,27606.9,19931.8
113,0.2291,0.229,0.2289,0.2288,0.2287,0.2286,0.2285,0.2284,0.2283,0.2282,0.2292,0.2293,0.2294,0.2295,0.2296,0.2297,0.2298,0.2299,0.23,0.2301,6464.9,17670.9,33176.3,37965.3,30388.4,73905.5,24824.2,29630.9,43370.1,61239,3623.1,28049.7,58429.9,51311.3,40855.1,35681.2,28009.2,26815.6,38389.6,33469.3
114,0.2293,0.2292,0.2291,0.229,0.2289,0.2288,0.2287,0.2286,0.2285,0.2284,0.2294,0.2295,0.2296,0.2297,0.2298,0.2299,0.23,0.2301,0.2302,0.2303,1487.4,9885.3,31911.2,37088.9,30180.2,36585.3,21819.4,29352.2,68992.9,27262.5,22885.3,22935.6,43403.1,49521.4,42157.5,29490.1,38572.8,20499.9,19931.8,31158.8
115,0.2294,0.2293,0.2292,0.2291,0.229,0.2289,0.2288,0.2287,0.2286,0.2285,0.2295,0.2296,0.2297,0.2298,0.2299,0.23,0.2301,0.2302,0.2303,0.2304,6865.4,11368.7,34091,33132.6,32228.7,64069.8,32348.5,24749.2,26835.9,22554.7,1337.4,29211.8,40387,38878.6,52148.1,49588.5,22703.2,20114.8,27791.6,7377.9
116,0.2292,0.2291,0.229,0.2289,0.2288,0.2287,0.2286,0.2285,0.2284,0.2283,0.2293,0.2294,0.2295,0.2296,0.2297,0.2298,0.2299,0.23,0.2301,0.2302,6793.4,11776.8,33445,24900.5,36864.7,26766.3,29396.7,65390.9,29500.7,40761,854.4,26568.8,45668.3,60134,40289.9,31582.9,29046.8,36682.4,21088.5,19931.8
117,0.2288,0.2287,0.2286,0.2285,0.2284,0.2283,0.2282,0.2281,0.228,0.2279,0.2289,0.229,0.2291,0.2292,0.2293,0.2294,0.2295,0.2296,0.2297,0.2298,10260.9,24954.1,45404.8,38668.8,29328.2,37308.2,74937.1,46890.1,68412.8,38552.9,7632.4,29311.5,50964.9,48426.6,44445,48524.2,27196.4,27726.7,20463.3,30919.7
118,0.2293,0.2292,0.2291,0.229,0.2289,0.2288,0.2287,0.2286,0.2285,0.2284,0.2294,0.2295,0.2296,0.2297,0.2298,0.2299,0.23,0.2301,0.2302,0.2303,1616.3,21256.7,27398.8,35534.4,34511.6,41710.7,72635.3,28246.1,33138.8,21150.1,6615.6,46779.7,56059.8,44180.3,36840.4,29503.8,45077.1,20499.9,27042.3,26074.4
119,0.2294,0.2293,0.2292,0.2291,0.229,0.2289,0.2288,0.2287,0.2286,0.2285,0.2295,0.2296,0.2297,0.2298,0.2299,0.23,0.2301,0.2302,0.2303,0.2304,348.3,11959.8,23999.3,39125.8,33968.7,35046.9,38434.9,73994.4,28155.3,22847,13503.4,49638.1,50385.3,43489.9,45366.8,47070.3,20683,20226.6,27785.7,30297.2
120,0.2294,0.2293,0.2292,0.2291,0.229,0.2289,0.2288,0.2287,0.2286,0.2285,0.2295,0.2296,0.2297,0.2298,0.2299,0.23,0.2301,0.2302,0.2303,0.2304,1266.8,22473.2,21541.1,38280.3,76394.9,32646.3,40957.4,29054.7,20317.6,20321.4,19490.7,26974.3,38719.3,51717.7,42755.5,47881.6,27080.4,20409.7,26681.2,24360.5
121,0.2294,0.2293,0.2292,0.2291,0.229,0.2289,0.2288,0.2287,0.2286,0.2285,0.2295,0.2296,0.2297,0.2298,0.2299,0.23,0.2301,0.2302,0.2303,0.2304,172.9,13674,27663,40591.9,30784.2,35212,29363.7,74972.8,26272.2,22748.2,8393.5,42320.1,40738.6,56773.5,45285.2,43384.4,20683,20226.6,26681.2,30177.7
122,0.229,0.2289,0.2288,0.2287,0.2286,0.2285,0.2284,0.2283,0.2282,0.2281,0.2291,0.2292,0.2293,0.2294,0.2295,0.2296,0.2297,0.2298,0.2299,0.23,1601.8,17701.6,18769.2,39402.6,74153.4,31033.5,36076.3,34995.6,29598.1,43593.4,7833,23196.3,42910.7,46285.9,43678.2,41255.8,37114.7,29998.5,20180.3,29972.4
123,0.2288,0.2287,0.2286,0.2285,0.2284,0.2283,0.2282,0.2281,0.228,0.2279,0.2289,0.229,0.2291,0.2292,0.2293,0.2294,0.2295,0.2296,0.2297,0.2298,1432.3,19888,29839.7,36485,31571.8,36846.6,78827.9,43485.6,75650.2,35908.1,11337.3,26432.2,49551.9,56107.8,40085.8,43406.7,32840,30202.7,20168.5,23279.2
124,0.2289,0.2288,0.2287,0.2286,0.2285,0.2284,0.2283,0.2282,0.2281,0.228,0.229,0.2291,0.2292,0.2293,0.2294,0.2295,0.2296,0.2297,0.2298,0.2299,5846.4,29945.8,21370.7,43198.4,33906.2,74764,32199.3,29398.6,43305.2,70492.3,6879.8,50639.4,45629.1,49995.5,40446.3,31361.7,30202.7,26387.2,23279.2,26824.6
125,0.2294,0.2293,0.2292,0.2291,0.229,0.2289,0.2288,0.2287,0.2286,0.2285,0.2295,0.2296,0.2297,0.2298,0.2299,0.23,0.2301,0.2302,0.2303,0.2304,10638.4,18956.3,21203.7,45560.9,38757.1,31553.4,40830.9,72519.9,32799.4,21407.9,4122.8,25171.2,45176.7,54276.2,40755.9,45668.1,22005.3,21068.5,29010.1,24360.5
126,0.2296,0.2295,0.2294,0.2293,0.2292,0.2291,0.229,0.2289,0.2288,0.2287,0.2297,0.2298,0.2299,0.23,0.2301,0.2302,0.2303,0.2304,0.2305,0.2306,23710.6,25864,41809.2,42211.2,37085.1,72845.6,30450.8,66748,30096.3,20203.5,3156.2,18079.5,41998,52338.6,52350.5,35602.6,29262.3,30510.2,24196.5,29240.1
127,0.2301,0.23,0.2299,0.2298,0.2297,0.2296,0.2295,0.2294,0.2293,0.2292,0.2302,0.2303,0.2304,0.2305,0.2306,0.2307,0.2308,0.2309,0.231,0.2311,5482.5,17986.6,23684.2,45126.5,42224.7,74870.1,30422.3,31215.8,27822.6,35832.1,612,21546,43500,57145.7,42429.5,32661.3,32134,26112.7,24950.3,26953
128,0.23,0.2299,0.2298,0.2297,0.2296,0.2295,0.2294,0.2293,0.2292,0.2291,0.2301,0.2302,0.2303,0.2304,0.2305,0.2306,0.2307,0.2308,0.2309,0.231,72.8,8934.2,25064.7,42540.8,40402,79543.9,32753.5,29667.6,32542.3,45351.7,17084.3,47032.6,50419.8,41477.7,43351,22516.3,20450.9,29669.6,32725.1,33955.3
129,0.2295,0.2294,0.2293,0.2292,0.2291,0.229,0.2289,0.2288,0.2287,0.2286,0.2296,0.2297,0.2298,0.2299,0.23,0.2301,0.2302,0.2303,0.2304,0.2305,11824.9,24079.9,40198.6,44054.1,79909.6,36072.3,48546.9,75110,40630.7,37565.5,68.1,13368.2,48696.5,52325.3,40023.8,34684,35091.5,33536.6,22794.9,21123.7
130,0.2296,0.2295,0.2294,0.2293,0.2292,0.2291,0.229,0.2289,0.2288,0.2287,0.2297,0.2298,0.2299,0.23,0.2301,0.2302,0.2303,0.2304,0.2305,0.2306,7917.4,24705.5,42736,40343.2,37697.8,76410.4,38733.5,46217.9,69037.7,47434.5,2871.4,21261.5,43206.5,54849.7,41310,39089.6,29222.3,22651.6,21123.7,27072.4
131,0.2295,0.2294,0.2293,0.2292,0.2291,0.229,0.2289,0.2288,0.2287,0.2286,0.2296,0.2297,0.2298,0.2299,0.23,0.2301,0.2302,0.2303,0.2304,0.2305,2994.4,15602.2,24389.2,44509.4,42751,40315.1,63194.7,60927.1,62991.4,43222.2,3042.7,22445.9,43881.3,52275.6,45187.4,33105.6,28477.6,20918.2,24450.2,27933.4
132,0.2294,0.2293,0.2292,0.2291,0.229,0.2289,0.2288,0.2287,0.2286,0.2285,0.2295,0.2296,0.2297,0.2298,0.2299,0.23,0.2301,0.2302,0.2303,0.2304,1425.6,30428.9,43140.9,41382.1,43890.7,62301.2,62140.6,58109.5,43516.2,29259.1,4859.3,22201.8,42490.3,43417.5,50787.3,36023.7,29281.1,28771.6,20735.7,24450.7
133,0.2295,0.2294,0.2293,0.2292,0.2291,0.229,0.2289,0.2288,0.2287,0.2286,0.2296,0.2297,0.2298,0.2299,0.23,0.2301,0.2302,0.2303,0.2304,0.2305,4144.4,22933.7,47722.8,43075.5,41326.6,39546,60238.8,58657.5,56121,43902.6,1294,22812.1,43761.3,51965.9,42593.2,32923.9,37178.4,20735.7,24450.7,27933.4
134,0.2292,0.2291,0.229,0.2289,0.2288,0.2287,0.2286,0.2285,0.2284,0.2283,0.2293,0.2294,0.2295,0.2296,0.2297,0.2298,0.2299,0.23,0.2301,0.2302,3829.8,23817.7,46682.6,46230.9,52446.6,72289.8,39800.4,31419.8,57870,38880.3,1360.1,24391.8,43786.2,49365.8,40608.9,33298.3,22154.8,20680.1,26727.8,19782
135,0.2293,0.2292,0.2291,0.229,0.2289,0.2288,0.2287,0.2286,0.2285,0.2284,0.2294,0.2295,0.2296,0.2297,0.2298,0.2299,0.23,0.2301,0.2302,0.2303,7718.5,25957.2,45731.6,56770.7,72773.3,46694.2,30966.1,34816.2,28386.7,59791.5,1337.4,26004.6,44433.8,43958.5,34890.9,26633.4,22297.8,26910.9,20076.3,27551.4
136,0.2295,0.2294,0.2293,0.2292,0.2291,0.229,0.2289,0.2288,0.2287,0.2286,0.2296,0.2297,0.2298,0.2299,0.23,0.2301,0.2302,0.2303,0.2304,0.2305,2944.1,24906.2,28159.1,49794.8,79011.4,34287.6,44636.4,36859,31506.7,36271.7,920.5,41180.3,37681.6,42288.4,40079.1,31212.4,20258.9,29459.4,26465.9,21878.7
137,0.2292,0.2291,0.229,0.2289,0.2288,0.2287,0.2286,0.2285,0.2284,0.2283,0.2293,0.2294,0.2295,0.2296,0.2297,0.2298,0.2299,0.23,0.2301,0.2302,4048.8,18019.8,32215.3,44095.9,55339.1,72882.4,51624.4,30444.5,66695.1,44899.3,4177.6,16624,41693.3,44794,42328,31033.5,29645.2,20091.9,26910.9,19782
138,0.2292,0.2291,0.229,0.2289,0.2288,0.2287,0.2286,0.2285,0.2284,0.2283,0.2293,0.2294,0.2295,0.2296,0.2297,0.2298,0.2299,0.23,0.2301,0.2302,4132.5,17174.4,24675.9,47971.4,57116,76750.4,32324.9,34410.4,44213.7,63745.9,4645.8,40143.8,49787.2,35836.3,40332.6,25634.6,29138.4,21799.6,27022.1,19782
139,0.2293,0.2292,0.2291,0.229,0.2289,0.2288,0.2287,0.2286,0.2285,0.2284,0.2294,0.2295,0.2296,0.2297,0.2298,0.2299,0.23,0.2301,0.2302,0.2303,3609.9,21849.7,27050.4,49747.4,43059.7,80890.9,28640,35342.9,30464.8,36923.3,4372.5,34105,40477.8,46219.4,32770.1,31476.9,21982.8,26910.9,19782,28859
140,0.2296,0.2295,0.2294,0.2293,0.2292,0.2291,0.229,0.2289,0.2288,0.2287,0.2297,0.2298,0.2299,0.23,0.2301,0.2302,0.2303,0.2304,0.2305,0.2306,216.9,20727.5,28956.6,46273,46200.8,38402.4,76620.9,27350.4,46729.9,26713.3,6062.9,35191.8,42989.8,33284.7,37916.8,24071.6,28028.7,30662.5,22327,26904.3
141,0.2295,0.2294,0.2293,0.2292,0.2291,0.229,0.2289,0.2288,0.2287,0.2286,0.2296,0.2297,0.2298,0.2299,0.23,0.2301,0.2302,0.2303,0.2304,0.2305,6768.6,22587.6,25946.2,46459.1,45294.7,79975.9,27207,47362.9,27099.6,25335.1,2204.8,40597.9,39469.8,35974.2,33663.7,33367.9,23579,28028.7,29649.8,23338.7
142,0.2292,0.2291,0.229,0.2289,0.2288,0.2287,0.2286,0.2285,0.2284,0.2283,0.2293,0.2294,0.2295,0.2296,0.2297,0.2298,0.2299,0.23,0.2301,0.2302,3947.3,17921.2,34070.1,45575.8,53806.6,75711,25518.1,33886.6,44937,63067.1,4154.7,19034.9,48194.2,35786.5,40329.9,26752.2,26978.1,20438.3,27081.7,19782
143,0.2292,0.2291,0.229,0.2289,0.2288,0.2287,0.2286,0.2285,0.2284,0.2283,0.2293,0.2294,0.2295,0.2296,0.2297,0.2298,0.2299,0.23,0.2301,0.2302,1337.5,25488.6,30737.4,43021.6,58293.5,77438.1,25518.1,35093.6,44751.8,62044.6,4217.7,19147.9,44207.3,40140,40646.6,26559.1,26978.1,20438.3,27081.7,22854.6
144,0.2295,0.2294,0.2293,0.2292,0.2291,0.229,0.2289,0.2288,0.2287,0.2286,0.2296,0.2297,0.2298,0.2299,0.23,0.2301,0.2302,0.2303,0.2304,0.2305,12704.1,19938.4,25905.8,51166.1,80891.7,39243.7,26913,46879.3,27007.4,25335.1,1406.6,15644.8,41544.6,37431.4,34680.4,32444.3,19965,28748.1,29355.5,22172.9
145,0.2297,0.2296,0.2295,0.2294,0.2293,0.2292,0.2291,0.229,0.2289,0.2288,0.2298,0.2299,0.23,0.2301,0.2302,0.2303,0.2304,0.2305,0.2306,0.2307,7055.7,30575.6,45497.1,43660.4,42644.1,35831.9,63950.7,41052.9,27206.9,35648.9,1361.4,14368.8,41132.8,39857.1,31825.2,30163,29839.9,22172.9,29976.9,6630.9
146,0.2296,0.2295,0.2294,0.2293,0.2292,0.2291,0.229,0.2289,0.2288,0.2287,0.2297,0.2298,0.2299,0.23,0.2301,0.2302,0.2303,0.2304,0.2305,0.2306,1315.9,18482.8,25157.3,48210.5,77623.2,31059.8,35551.4,25921.6,36035.7,28940.1,2084.5,20048.5,41598.7,41138.4,39675.6,28150,34165.7,26759.8,23366.9,29976.9
147,0.2297,0.2296,0.2295,0.2294,0.2293,0.2292,0.2291,0.229,0.2289,0.2288,0.2298,0.2299,0.23,0.2301,0.2302,0.2303,0.2304,0.2305,0.2306,0.2307,684.9,18313.7,24558.6,40720.4,46173.1,74972.1,31080.7,39673.5,21190.4,36961.7,7741.5,44113.9,41878,38657.1,31507.8,34037.1,26465.8,23366.9,29976.9,25828.2
148,0.2297,0.2296,0.2295,0.2294,0.2293,0.2292,0.2291,0.229,0.2289,0.2288,0.2298,0.2299,0.23,0.2301,0.2302,0.2303,0.2304,0.2305,0.2306,0.2307,14520.7,21425.6,48535.1,63459.5,45591.7,71122.5,26624.3,53820.8,56656.8,51137,179.6,12347.1,40877.6,44452.9,28515.7,34477.6,32919.9,23366.5,29976.9,25828.2
149,0.2297,0.2296,0.2295,0.2294,0.2293,0.2292,0.2291,0.229,0.2289,0.2288,0.2298,0.2299,0.23,0.2301,0.2302,0.2303,0.2304,0.2305,0.2306,0.2307,1302.8,16694.7,28092,61130.6,46095.3,76569.4,28472.5,49016.2,61398.6,51137,7099.7,43997.5,44260.3,42173.7,29127,32284.7,31028.6,23072.7,30270.5,19974.6
150,0.2297,0.2296,0.2295,0.2294,0.2293,0.2292,0.2291,0.229,0.2289,0.2288,0.2298,0.2299,0.23,0.2301,0.2302,0.2303,0.2304,0.2305,0.2306,0.2307,3438,16279.4,29139.3,56236.3,48376.5,76288.5,30198.6,39630.6,26918.9,50969,5050,27660.3,48897.4,42926.2,30446.1,32206.5,31621.3,28979.1,20085.7,26781.3
151,0.2298,0.2297,0.2296,0.2295,0.2294,0.2293,0.2292,0.2291,0.229,0.2289,0.2299,0.23,0.2301,0.2302,0.2303,0.2304,0.2305,0.2306,0.2307,0.2308,12374.7,27520.4,43566,46336.2,58544.2,28749,73801.9,27445.6,28943.3,19932.2,1337.4,16974.8,43509.2,38590.4,38412.9,33336.3,39040.2,23634.6,27074.8,27074
152,0.2298,0.2297,0.2296,0.2295,0.2294,0.2293,0.2292,0.2291,0.229,0.2289,0.2299,0.23,0.2301,0.2302,0.2303,0.2304,0.2305,0.2306,0.2307,0.2308,1518.4,23539.4,45789.1,46720.6,57679.3,31401.5,73801.9,27739.1,28943,26730.1,3994.4,23807.6,41335.3,38590.4,39933.9,35878,32709.9,23634.6,27074.8,20273.2
153,0.2301,0.23,0.2299,0.2298,0.2297,0.2296,0.2295,0.2294,0.2293,0.2292,0.2302,0.2303,0.2304,0.2305,0.2306,0.2307,0.2308,0.2309,0.231,0.2311,4155,27964.4,47003,42213.9,43848.2,72286.6,29512.4,48443.4,22538.6,19909.4,5208.6,25711.3,44223.6,41930.9,33380.1,35137.8,29586.9,34259.4,27100.9,21750.4
154,0.2299,0.2298,0.2297,0.2296,0.2295,0.2294,0.2293,0.2292,0.2291,0.229,0.23,0.2301,0.2302,0.2303,0.2304,0.2305,0.2306,0.2307,0.2308,0.2309,12217.9,24830.2,48355.6,44511.5,38623.3,48363.4,64099.7,24157.6,31639.5,33387,3336.7,18782.7,50470.6,42877.6,37354.3,33473.8,32639.2,27973.2,22463.3,33783.6
155,0.2296,0.2295,0.2294,0.2293,0.2292,0.2291,0.229,0.2289,0.2288,0.2287,0.2297,0.2298,0.2299,0.23,0.2301,0.2302,0.2303,0.2304,0.2305,0.2306,1039.5,24843.3,70102.3,74388,28169.2,30281.5,32968.5,29347,67874.8,61560.7,7821.5,23237.3,49918.1,51154.1,38121.1,36227.3,28860.5,32316.2,20019.2,21389.4
156,0.2299,0.2298,0.2297,0.2296,0.2295,0.2294,0.2293,0.2292,0.2291,0.229,0.23,0.2301,0.2302,0.2303,0.2304,0.2305,0.2306,0.2307,0.2308,0.2309,19771.2,24237,48405.6,52001,74050.8,46496.6,31022.3,27429.1,19622.5,23642.2,46.9,8191.8,24842.2,49544.4,43532.5,33504.9,30762.7,26831.3,29267.1,34525.6
157,0.2301,0.23,0.2299,0.2298,0.2297,0.2296,0.2295,0.2294,0.2293,0.2292,0.2302,0.2303,0.2304,0.2305,0.2306,0.2307,0.2308,0.2309,0.231,0.2311,18735.8,22807.5,47525,43141.3,42256.8,72353.4,29218.9,41820.9,20599.2,26695.5,730.1,12966.7,42818.3,51409.3,40201.5,33653.6,36621.8,27464.9,24028.2,28249.1
158,0.2301,0.23,0.2299,0.2298,0.2297,0.2296,0.2295,0.2294,0.2293,0.2292,0.2302,0.2303,0.2304,0.2305,0.2306,0.2307,0.2308,0.2309,0.231,0.2311,684.9,21065.2,28808.8,43506.9,40478.3,30772.1,68964.8,41432,20987.4,26695.5,7800.9,44017,42883.5,48326.3,38612.4,32457.9,34225.8,27758.1,23845.8,28249.1
159,0.2303,0.2302,0.2301,0.23,0.2299,0.2298,0.2297,0.2296,0.2295,0.2294,0.2304,0.2305,0.2306,0.2307,0.2308,0.2309,0.231,0.2311,0.2312,0.2313,356.1,15225.5,22659.1,44360.5,46694.7,71462.2,33252,29453,29299.4,41709.7,8116.9,44333.8,52324.6,41384.2,36838.6,37795.2,24028.2,21750.3,31084.3,33712.4
160,0.2303,0.2302,0.2301,0.23,0.2299,0.2298,0.2297,0.2296,0.2295,0.2294,0.2304,0.2305,0.2306,0.2307,0.2308,0.2309,0.231,0.2311,0.2312,0.2313,33926.2,27041,25168.6,42811.9,45000.1,60868.2,28164.5,30371.5,37945.5,82928.5,5025,42173.4,40966.7,49519.8,36510,40238.8,28962.6,28422.5,31078.4,26923.4
161,0.2304,0.2303,0.2302,0.2301,0.23,0.2299,0.2298,0.2297,0.2296,0.2295,0.2305,0.2306,0.2307,0.2308,0.2309,0.231,0.2311,0.2312,0.2313,0.2314,465.7,46344.2,21957.6,47843.3,87060.1,28728.8,31343.4,29375.9,27256.5,36961,16598,46558.1,41451.4,41362.4,39495.3,38509.7,36566.4,31667.1,21005.6,26996.5
162,0.2303,0.2302,0.2301,0.23,0.2299,0.2298,0.2297,0.2296,0.2295,0.2294,0.2304,0.2305,0.2306,0.2307,0.2308,0.2309,0.231,0.2311,0.2312,0.2313,33275.5,15412.5,26597.9,45521.2,40013.6,31046.7,72910.9,29575.6,37253.9,84867.5,4534.4,27925.5,53323.7,42670.1,36738.3,36622.7,37262.5,28422.5,24884,20712.7
163,0.2305,0.2304,0.2303,0.2302,0.2301,0.23,0.2299,0.2298,0.2297,0.2296,0.2306,0.2307,0.2308,0.2309,0.231,0.2311,0.2312,0.2313,0.2314,0.2315,15790,30793.3,72170.6,46393.3,79888.5,33068.5,29113.5,30753.1,20652.5,20086.3,4083,11840,47462,50559.9,37348.5,40167.8,28372.7,26923,34069.6,33092.5
164,0.2304,0.2303,0.2302,0.2301,0.23,0.2299,0.2298,0.2297,0.2296,0.2295,0.2305,0.2306,0.2307,0.2308,0.2309,0.231,0.2311,0.2312,0.2313,0.2314,13102.8,27260.7,42005.3,41300.6,43845,44516.5,72332.6,23572.3,27736.7,37371.4,3497.6,11006.1,18190.9,41400.6,36283.2,39011.7,32884.1,26822.2,26883.7,33776.7
165,0.2301,0.23,0.2299,0.2298,0.2297,0.2296,0.2295,0.2294,0.2293,0.2292,0.2302,0.2303,0.2304,0.2305,0.2306,0.2307,0.2308,0.2309,0.231,0.2311,522.6,20506.2,39886.8,44553.5,53450.1,76124.2,31533.3,61400.5,59401.4,32948,6320.5,17599.1,48807,48486.3,40946.2,32370.8,29610.3,24468.6,26517.4,30133.6
166,0.2292,0.2291,0.229,0.2289,0.2288,0.2287,0.2286,0.2285,0.2284,0.2283,0.2293,0.2294,0.2295,0.2296,0.2297,0.2298,0.2299,0.23,0.2301,0.2302,14748.1,49483.7,46640.6,56561,100274,29858.6,51905.4,60347.1,18757,20203.7,1407,14142.4,27205.6,46702.5,33704.2,36049.5,33562.8,31685.1,22836.8,21672.7
167,0.2289,0.2288,0.2287,0.2286,0.2285,0.2284,0.2283,0.2282,0.2281,0.228,0.229,0.2291,0.2292,0.2293,0.2294,0.2295,0.2296,0.2297,0.2298,0.2299,1981.3,38532.7,44731.5,55078.4,80299.9,31319,43811.3,64954.5,38215.1,40214.2,6857.8,24033.6,43057.9,34056.5,42344.4,31829.9,29232.4,29173.9,33817.5,24062.3
168,0.2291,0.229,0.2289,0.2288,0.2287,0.2286,0.2285,0.2284,0.2283,0.2282,0.2292,0.2293,0.2294,0.2295,0.2296,0.2297,0.2298,0.2299,0.23,0.2301,3299.8,20083.8,51662.2,51269.5,38986.6,37268.8,73555.3,27550.6,34900.5,61625.3,6342.1,23883.3,33561.6,41781.3,31839,31345.5,34722.6,24062.3,24354.1,26733.8
169,0.2292,0.2291,0.229,0.2289,0.2288,0.2287,0.2286,0.2285,0.2284,0.2283,0.2293,0.2294,0.2295,0.2296,0.2297,0.2298,0.2299,0.23,0.2301,0.2302,10224.9,47514.4,42258.6,47580,50282.2,60239.1,32327.9,31918,27367.3,32888,3454,22614.1,24891,47574.4,35757.6,40148.9,24540,25552.4,26733.8,20523.7
170,0.2289,0.2288,0.2287,0.2286,0.2285,0.2284,0.2283,0.2282,0.2281,0.228,0.229,0.2291,0.2292,0.2293,0.2294,0.2295,0.2296,0.2297,0.2298,0.2299,6762.3,31226,42443.3,59358.1,75097.9,32462.9,33071.4,71772.6,18753.1,33249.4,5226.9,20811.8,44995.1,42919.1,48035.7,33588,29347.9,30679.6,30978.3,24356.7
171,0.229,0.2289,0.2288,0.2287,0.2286,0.2285,0.2284,0.2283,0.2282,0.2281,0.2291,0.2292,0.2293,0.2294,0.2295,0.2296,0.2297,0.2298,0.2299,0.23,10973,27633.2,47508,42396.8,48529.4,78506.2,27550.6,24263.5,44281.1,59329.8,3528.7,24241.1,55487.6,39675.4,33460.1,37428.8,27230.5,31305.2,31181.6,30870.8
172,0.2296,0.2295,0.2294,0.2293,0.2292,0.2291,0.229,0.2289,0.2288,0.2287,0.2297,0.2298,0.2299,0.23,0.2301,0.2302,0.2303,0.2304,0.2305,0.2306,5166.6,24186.9,42399.6,43335.8,44204.7,53419.6,73986.5,34037.4,40176.5,20310.1,6231.7,13999,43701.5,43955.5,33079.4,24087.4,24675,26901.5,29445,26306.8
173,0.2298,0.2297,0.2296,0.2295,0.2294,0.2293,0.2292,0.2291,0.229,0.2289,0.2299,0.23,0.2301,0.2302,0.2303,0.2304,0.2305,0.2306,0.2307,0.2308,8491.9,25153.6,48364.2,46950.3,54579.8,76091.6,31216,30304,22714.9,30183.6,5708.2,26161.2,36336.9,38451.3,26925.9,37158.3,30715.6,20539.2,27075.1,22163.5
174,0.2302,0.2301,0.23,0.2299,0.2298,0.2297,0.2296,0.2295,0.2294,0.2293,0.2303,0.2304,0.2305,0.2306,0.2307,0.2308,0.2309,0.231,0.2311,0.2312,4716.1,26554,44926.4,51131.7,55811.6,77996.7,29176.6,38057.8,26063.4,26910.5,1507.1,19921.4,41591.1,27317.7,32464.1,31338.5,26701.2,33064.7,20748.2,25050.3
175,0.2298,0.2297,0.2296,0.2295,0.2294,0.2293,0.2292,0.2291,0.229,0.2289,0.2299,0.23,0.2301,0.2302,0.2303,0.2304,0.2305,0.2306,0.2307,0.2308,708.9,16373.5,19972,43193.2,49416.6,72856.3,31362.7,25871.2,30638.3,27011.6,8239.5,19817.6,41607,33237.1,32969.4,22836.4,33370.3,20245.4,27074.7,24350.1
176,0.2296,0.2295,0.2294,0.2293,0.2292,0.2291,0.229,0.2289,0.2288,0.2287,0.2297,0.2298,0.2299,0.23,0.2301,0.2302,0.2303,0.2304,0.2305,0.2306,46.9,14982,38945.5,43753.5,51206.1,67580.1,38029.4,31084.3,42208.3,20000.3,8442.6,19323.3,46808.6,28007.7,29995.2,26969.5,31930.7,20091.3,28962.9,20062.6
177,0.2295,0.2294,0.2293,0.2292,0.2291,0.229,0.2289,0.2288,0.2287,0.2286,0.2296,0.2297,0.2298,0.2299,0.23,0.2301,0.2302,0.2303,0.2304,0.2305,1712.7,23285.4,46095,38018.8,42424.5,46336.7,70442.7,47462.6,22594,32246.8,6178.1,28258.6,37146.2,47315.8,33246.1,28910.4,22828.1,29253.6,22093.3,28669.4
178,0.2295,0.2294,0.2293,0.2292,0.2291,0.229,0.2289,0.2288,0.2287,0.2286,0.2296,0.2297,0.2298,0.2299,0.23,0.2301,0.2302,0.2303,0.2304,0.2305,632.9,17615,24459.5,38007.4,43212.8,54740.2,73944.3,42705.8,26950.7,32540.8,10161,22568.9,37857.7,49995,33468.5,26883.8,22828.1,29253.6,22093.3,28669.4
179,0.2294,0.2293,0.2292,0.2291,0.229,0.2289,0.2288,0.2287,0.2286,0.2285,0.2295,0.2296,0.2297,0.2298,0.2299,0.23,0.2301,0.2302,0.2303,0.2304,4288.2,19303.8,45818.8,40062,44825.6,47532,84203.2,24629.8,32322.1,30809.4,4999.8,17073.1,43054.8,38602.4,38229.8,30407.4,26883.8,22828.1,29070.6,22093.3
180,0.2294,0.2293,0.2292,0.2291,0.229,0.2289,0.2288,0.2287,0.2286,0.2285,0.2295,0.2296,0.2297,0.2298,0.2299,0.23,0.2301,0.2302,0.2303,0.2304,1702.8,14734.6,45639.9,38641.5,44134,32133.5,84395.1,21926.2,32707.8,30818.3,13157.8,23729.3,46814,31965.9,54530.7,29817.4,27178,22534.7,29094.2,28612
181,0.2293,0.2292,0.2291,0.229,0.2289,0.2288,0.2287,0.2286,0.2285,0.2284,0.2294,0.2295,0.2296,0.2297,0.2298,0.2299,0.23,0.2301,0.2302,0.2303,5223.5,45434.6,43569.1,44593.8,54276.4,85739.5,28735.9,52416,65699.1,33640.9,1797.1,11910,23644.8,40777.9,44057.2,42073,26203.7,27178,22351.7,22284.5
182,0.2292,0.2291,0.229,0.2289,0.2288,0.2287,0.2286,0.2285,0.2284,0.2283,0.2293,0.2294,0.2295,0.2296,0.2297,0.2298,0.2299,0.23,0.2301,0.2302,24842.1,46252.2,46128,52042.1,85267.3,26902.2,37332.5,44526.5,55547.8,40442.3,798.8,7781,22260,45327.1,36323.3,46411.7,37946.4,26771.8,28192,19909.1
183,0.2296,0.2295,0.2294,0.2293,0.2292,0.2291,0.229,0.2289,0.2288,0.2287,0.2297,0.2298,0.2299,0.23,0.2301,0.2302,0.2303,0.2304,0.2305,0.2306,7695.5,21860.5,44518,42388.8,41573.4,38294.7,32661.8,30351.7,40482.7,26719.2,399.4,17582.1,30361.7,31401.7,30122,22579.6,21455.1,28612,22070.2,30394
184,0.2299,0.2298,0.2297,0.2296,0.2295,0.2294,0.2293,0.2292,0.2291,0.229,0.23,0.2301,0.2302,0.2303,0.2304,0.2305,0.2306,0.2307,0.2308,0.2309,2510.6,26314.8,53111.8,42311.6,38879.2,75627.8,29267.2,22129,29775.6,32586.6,7174,17386.2,39826.6,34088.4,47862.7,37247.7,24745.2,28985.8,22459.9,26714.1
185,0.23,0.2299,0.2298,0.2297,0.2296,0.2295,0.2294,0.2293,0.2292,0.2291,0.2301,0.2302,0.2303,0.2304,0.2305,0.2306,0.2307,0.2308,0.2309,0.231,13823.9,46552.4,41260.1,46100.2,46448.6,72669.5,33942.2,29035.9,20203.2,29094.7,1376.6,8472,15897.4,47658.2,36708.4,31834,28691.2,23651.9,26714.1,32888.2
186,0.2301,0.23,0.2299,0.2298,0.2297,0.2296,0.2295,0.2294,0.2293,0.2292,0.2302,0.2303,0.2304,0.2305,0.2306,0.2307,0.2308,0.2309,0.231,0.2311,13118,26245.6,46271.9,42689.9,43530.2,38173.1,68928.7,33404.4,53179.2,20202.7,1451.7,17099.8,44061.4,47853.2,32586,32024.5,22935.8,26603,33181.5,25965.3
187,0.23,0.2299,0.2298,0.2297,0.2296,0.2295,0.2294,0.2293,0.2292,0.2291,0.2301,0.2302,0.2303,0.2304,0.2305,0.2306,0.2307,0.2308,0.2309,0.231,3472.1,27730.2,54374.8,84451.5,33972.5,28883.7,31070.1,46367,35682.5,23316.2,4666.1,17162.3,44057.5,42894.7,42825.8,28892.5,32142.8,20749,28787.2,34189.5
188,0.2303,0.2302,0.2301,0.23,0.2299,0.2298,0.2297,0.2296,0.2295,0.2294,0.2304,0.2305,0.2306,0.2307,0.2308,0.2309,0.231,0.2311,0.2312,0.2313,2917.8,25923.9,46645.4,53873.8,73660.7,33929.7,29187.5,27094.6,27988.7,23303.1,6152.3,25675,38963.8,41414.1,35921.9,31964.9,35544.8,21639.5,24588.2,26752.6
189,0.2305,0.2304,0.2303,0.2302,0.2301,0.23,0.2299,0.2298,0.2297,0.2296,0.2306,0.2307,0.2308,0.2309,0.231,0.2311,0.2312,0.2313,0.2314,0.2315,1387.3,19503.3,47449.1,48144.5,37070.3,39981.7,70561.9,30353.8,30010.5,20102.1,8274.8,14117,40846.2,47235.9,40357.4,25132.4,27959.2,26752.6,28611.6,24419
190,0.2304,0.2303,0.2302,0.2301,0.23,0.2299,0.2298,0.2297,0.2296,0.2295,0.2305,0.2306,0.2307,0.2308,0.2309,0.231,0.2311,0.2312,0.2313,0.2314,4069.9,27863.7,49441.6,39054.1,45134.9,74644,26889.8,31753,20102.1,20910.1,3349,20985.7,32789.7,40842.8,47536.5,34914.4,32344.8,26659.7,27045.4,28318.8
191,0.2307,0.2306,0.2305,0.2304,0.2303,0.2302,0.2301,0.23,0.2299,0.2298,0.2308,0.2309,0.231,0.2311,0.2312,0.2313,0.2314,0.2315,0.2316,0.2317,11581.4,29913.4,46942.7,39432.8,38843.1,32603.2,70519.2,33107.8,26942.3,20201.7,846.8,16069.8,26444.5,45845.3,34739.5,38770.6,30219.2,25461.8,27487.7,20321.9
192,0.2309,0.2308,0.2307,0.2306,0.2305,0.2304,0.2303,0.2302,0.2301,0.23,0.231,0.2311,0.2312,0.2313,0.2314,0.2315,0.2316,0.2317,0.2318,0.2319,203.8,16159.7,26924.1,46876.2,43640.4,40516.3,71702.7,31142.7,40841.9,33016,7423.7,25462.4,48230,44033.7,39432.6,27177.3,29421.3,20029,29346.8,25168.1
193,0.2309,0.2308,0.2307,0.2306,0.2305,0.2304,0.2303,0.2302,0.2301,0.23,0.231,0.2311,0.2312,0.2313,0.2314,0.2315,0.2316,0.2317,0.2318,0.2319,10473.3,22758.8,44741.2,48596.8,41789.6,72476.1,28281.1,31568.9,29539.2,32916.1,1427.7,16059.3,41356.7,51959.9,37067.3,41803.6,31070,20210.8,29346.8,25168.1
194,0.2309,0.2308,0.2307,0.2306,0.2305,0.2304,0.2303,0.2302,0.2301,0.23,0.231,0.2311,0.2312,0.2313,0.2314,0.2315,0.2316,0.2317,0.2318,0.2319,3662.1,22839.2,47050.6,46633.4,39854.4,72849,29131.9,44139.7,38062.4,26191.5,3760.5,18381.7,52193.8,33105,41224.3,35715.4,33946.9,20210.8,29656.4,24874.3
195,0.2307,0.2306,0.2305,0.2304,0.2303,0.2302,0.2301,0.23,0.2299,0.2298,0.2308,0.2309,0.231,0.2311,0.2312,0.2313,0.2314,0.2315,0.2316,0.2317,1562.7,11339.9,31382,47214.8,40779,58343.8,32816.5,33126.4,60478.2,23037.2,10205.4,28961.7,53274,46816,33827.8,31582.7,32554.6,25169.2,21644.3,20029
196,0.2304,0.2303,0.2302,0.2301,0.23,0.2299,0.2298,0.2297,0.2296,0.2295,0.2305,0.2306,0.2307,0.2308,0.2309,0.231,0.2311,0.2312,0.2313,0.2314,1426.4,9882.9,28159.9,40823.9,42707.4,33970.8,71561.3,43179.4,66874.9,28843.6,29624,27537.1,44204.9,54512.9,33955.7,34045.7,28674.5,22835.3,26737.8,25616.4
197,0.2304,0.2303,0.2302,0.2301,0.23,0.2299,0.2298,0.2297,0.2296,0.2295,0.2305,0.2306,0.2307,0.2308,0.2309,0.231,0.2311,0.2312,0.2313,0.2314,836.2,12198.3,25471.9,42840.1,46201.7,34224.5,31674.5,75918.7,38812.1,65119.6,13604,47879.6,52569.6,42427.7,39577.1,30288.7,28674.5,20090.9,27036.6,25323.9
198,0.2302,0.2301,0.23,0.2299,0.2298,0.2297,0.2296,0.2295,0.2294,0.2293,0.2303,0.2304,0.2305,0.2306,0.2307,0.2308,0.2309,0.231,0.2311,0.2312,3610.2,26378.1,43814.1,42179.6,46797.2,75039.3,39862.6,68638.7,35553.4,30014.9,3399.2,23213.5,43257,45733.1,48371.5,33337,32672.9,30288.7,28674.5,19908.6
199,0.2301,0.23,0.2299,0.2298,0.2297,0.2296,0.2295,0.2294,0.2293,0.2292,0.2302,0.2303,0.2304,0.2305,0.2306,0.2307,0.2308,0.2309,0.231,0.2311,3268.5,27241.3,45413.8,44091.5,42761.7,73039.4,42259.4,61209.9,42417.4,28007.3,14589.1,26574,58677.7,38329,40183.8,32051.8,32659,26856.4,24202.7,24014.5
200,0.2303,0.2302,0.2301,0.23,0.2299,0.2298,0.2297,0.2296,0.2295,0.2294,0.2304,0.2305,0.2306,0.2307,0.2308,0.2309,0.231,0.2311,0.2312,0.2313,13671.1,23886.6,44495.5,47141.4,40842,75505,32449.7,28191,30041.1,36554.9,734.7,12627.5,47211,53016.1,39865.7,28169.5,36266.5,33347.3,19908.6,27033.6
201,0.2306,0.2305,0.2304,0.2303,0.2302,0.2301,0.23,0.2299,0.2298,0.2297,0.2307,0.2308,0.2309,0.231,0.2311,0.2312,0.2313,0.2314,0.2315,0.2316,3725.7,17257.8,25004.4,39626,47409.1,82081,34609.7,27097.9,31942.3,20492.1,5944,25209.7,51922.8,44477.2,39521.7,30702.6,27215.8,33300.9,25435.4,33314.3
202,0.231,0.2309,0.2308,0.2307,0.2306,0.2305,0.2304,0.2303,0.2302,0.2301,0.2311,0.2312,0.2313,0.2314,0.2315,0.2316,0.2317,0.2318,0.2319,0.232,10545,18874.8,27475.5,40855.6,41862.3,36410.3,58147,28869.6,27572.9,20090.8,4173.9,13364.7,45836.6,45162.2,38450.5,36413,22618.8,21602.6,31645.6,24623.4
203,0.2305,0.2304,0.2303,0.2302,0.2301,0.23,0.2299,0.2298,0.2297,0.2296,0.2306,0.2307,0.2308,0.2309,0.231,0.2311,0.2312,0.2313,0.2314,0.2315,15270.9,23499.1,40218.2,51226.7,81232.2,37263.8,28657.1,24620.3,29201.9,39666.6,3497.6,24953.1,52216.6,42464.7,35269.3,35417.1,29594.9,23212.4,25616.4,33651.8
204,0.2308,0.2307,0.2306,0.2305,0.2304,0.2303,0.2302,0.2301,0.23,0.2299,0.2309,0.231,0.2311,0.2312,0.2313,0.2314,0.2315,0.2316,0.2317,0.2318,1402.3,19926.5,21940.8,44914.3,50982.2,62365.3,32039.2,27851.5,24935.4,28865.8,5110.7,22022.5,46006.6,53931.2,34581.3,35744.7,40525,25833,22437,8319.9
205,0.2308,0.2307,0.2306,0.2305,0.2304,0.2303,0.2302,0.2301,0.23,0.2299,0.2309,0.231,0.2311,0.2312,0.2313,0.2314,0.2315,0.2316,0.2317,0.2318,3871,23190.1,43474.6,40718.5,45698,63871.9,32215.8,21006.9,24643.2,30801.9,4041.3,21057.8,43527.5,52757.3,32668.6,38462.1,35016,26287,22618.8,8319.9
206,0.231,0.2309,0.2308,0.2307,0.2306,0.2305,0.2304,0.2303,0.2302,0.2301,0.2311,0.2312,0.2313,0.2314,0.2315,0.2316,0.2317,0.2318,0.2319,0.232,984.8,14534.6,25726.1,41052.4,45363.8,43916.1,59852.7,31170.8,27736.5,20090.8,6950.1,46096.1,53211.2,41769.1,42699.1,24753,22618.5,8319.9,31642.7,31822.7
207,0.231,0.2309,0.2308,0.2307,0.2306,0.2305,0.2304,0.2303,0.2302,0.2301,0.2311,0.2312,0.2313,0.2314,0.2315,0.2316,0.2317,0.2318,0.2319,0.232,6528.4,18852.6,26499.2,41052.4,43363.8,41098.1,60561.2,29184.3,20393.9,20090.8,1236.3,28435.2,51324.4,39431.4,40339.6,37082.1,22618.5,27669,68359.8,24055.3
208,0.2309,0.2308,0.2307,0.2306,0.2305,0.2304,0.2303,0.2302,0.2301,0.23,0.231,0.2311,0.2312,0.2313,0.2314,0.2315,0.2316,0.2317,0.2318,0.2319,3476.7,19514.3,21885.5,43387.7,45712.8,69652.4,27056.2,22311.1,20483.1,31013.8,5046,26775.9,56178.7,39591.9,36855.6,36874.7,27069.8,22618.5,27487.2,66211.5
209,0.2311,0.231,0.2309,0.2308,0.2307,0.2306,0.2305,0.2304,0.2303,0.2302,0.2312,0.2313,0.2314,0.2315,0.2316,0.2317,0.2318,0.2319,0.232,0.2321,18565.1,23625.1,38074.6,45720.8,51892.7,74749,26868.3,27351.3,26546.9,22524.9,730,16728,59863.2,39153.5,31451.1,29013.1,33441.1,66393.2,24915.4,28836.5
210,0.2314,0.2313,0.2312,0.2311,0.231,0.2309,0.2308,0.2307,0.2306,0.2305,0.2315,0.2316,0.2317,0.2318,0.2319,0.232,0.2321,0.2322,0.2323,0.2324,1567.4,17941.6,23279,49040.7,83548.4,31278.3,38207.5,59523.3,42449.8,28787.9,3932.8,42127.1,44542.9,54860.1,77729,42602,26912.4,32465.6,29339.6,19994.2
211,0.2318,0.2317,0.2316,0.2315,0.2314,0.2313,0.2312,0.2311,0.231,0.2309,0.2319,0.232,0.2321,0.2322,0.2323,0.2324,0.2325,0.2326,0.2327,0.2328,1837.1,22330.7,28231.1,45640.8,42255,38356.3,56207.4,32648.8,29163.4,19908.7,48345.3,25959.4,39921.3,44161.6,38332.5,33947.2,32583.8,1579.4,30674.3,33358.4
212,0.2318,0.2317,0.2316,0.2315,0.2314,0.2313,0.2312,0.2311,0.231,0.2309,0.2319,0.232,0.2321,0.2322,0.2323,0.2324,0.2325,0.2326,0.2327,0.2328,13443.7,21097.8,45947.2,43167,39089.4,47508.7,63633.2,29861.3,32583.1,31687.8,4377.2,14078.4,45807.5,37347.2,39646.6,41257.8,38042.4,23366.4,26673.3,33064.4
213,0.2322,0.2321,0.232,0.2319,0.2318,0.2317,0.2316,0.2315,0.2314,0.2313,0.2323,0.2324,0.2325,0.2326,0.2327,0.2328,0.2329,0.233,0.2331,0.2332,482.6,14481.9,26824.3,47946.4,49313,68972.1,29522.1,28781.7,22438.8,19908.6,7701.4,46404.8,49220.7,32416.5,40406.2,38852.6,34138.2,52865.6,24179.8,3328.9
214,0.2321,0.232,0.2319,0.2318,0.2317,0.2316,0.2315,0.2314,0.2313,0.2312,0.2322,0.2323,0.2324,0.2325,0.2326,0.2327,0.2328,0.2329,0.233,0.2331,10500.1,28441.3,47245.3,42201.7,46639.9,74759.2,27340.6,21930.6,20304.2,28572.3,3378.4,17784.7,53970.3,42368.7,29512.1,33026.4,34675.5,31812.9,44422.8,24470.4
215,0.2318,0.2317,0.2316,0.2315,0.2314,0.2313,0.2312,0.2311,0.231,0.2309,0.2319,0.232,0.2321,0.2322,0.2323,0.2324,0.2325,0.2326,0.2327,0.2328,1947.8,18446.3,24627,46002.5,46628.8,65587.7,28924.3,26664.6,31142.3,32870.8,4506.7,37802.5,44371.6,38563.8,39234.6,32764,40430.3,30725.2,20403.2,26321.7
216,0.2313,0.2312,0.2311,0.231,0.2309,0.2308,0.2307,0.2306,0.2305,0.2304,0.2314,0.2315,0.2316,0.2317,0.2318,0.2319,0.232,0.2321,0.2322,0.2323,17342.7,24968,47149.9,45222,51671.4,67395,40500.3,57578.5,44098.3,20040.6,729.9,12774.2,44874.4,30793.1,55124.4,35638.5,53411.7,28533.3,27000.6,21829.7
217,0.2311,0.231,0.2309,0.2308,0.2307,0.2306,0.2305,0.2304,0.2303,0.2302,0.2312,0.2313,0.2314,0.2315,0.2316,0.2317,0.2318,0.2319,0.232,0.2321,25366,30332.9,48560,47400.3,75741.2,32041.6,41210.5,70737.7,28767.3,31529.6,167.8,12701.6,35554.9,33941.6,33617.8,39391.8,34224,33644.2,48879.7,26644.6
218,0.2304,0.2303,0.2302,0.2301,0.23,0.2299,0.2298,0.2297,0.2296,0.2295,0.2305,0.2306,0.2307,0.2308,0.2309,0.231,0.2311,0.2312,0.2313,0.2314,22079.6,27891.2,38768.3,53918.6,92996.3,32826.1,50901.7,60158.1,54727.2,31508.3,68,19121.6,37918.2,36320.1,25012.6,39326.9,26117.6,28560.3,20090.3,34192.4
219,0.2304,0.2303,0.2302,0.2301,0.23,0.2299,0.2298,0.2297,0.2296,0.2295,0.2305,0.2306,0.2307,0.2308,0.2309,0.231,0.2311,0.2312,0.2313,0.2314,28107.8,24916.3,43900.2,59707.7,89644.3,33131,31738.5,27858.6,26987.7,22160.5,46.8,7742.3,35751.8,39041.2,38509.3,33501.8,30292,7683.2,23987.1,21035.8
220,0.2303,0.2302,0.2301,0.23,0.2299,0.2298,0.2297,0.2296,0.2295,0.2294,0.2304,0.2305,0.2306,0.2307,0.2308,0.2309,0.231,0.2311,0.2312,0.2313,33966.3,23425.2,54420.4,91717.8,35923.6,34234.5,29496.7,20599.8,29230.5,45788.9,22.8,16113.6,45127,47266.5,33633.3,39403.2,30449,30753,7975.9,21207.3
221,0.2306,0.2305,0.2304,0.2303,0.2302,0.2301,0.23,0.2299,0.2298,0.2297,0.2307,0.2308,0.2309,0.231,0.2311,0.2312,0.2313,0.2314,0.2315,0.2316,14417.4,26870.8,42660,45977.8,53438.4,77172.5,38263.1,27758.8,31311.8,20808.5,14548.8,14874.8,34557.3,45144.7,22327.2,31654.6,30646.9,21328.6,32430.5,23508.3
222,0.231,0.2309,0.2308,0.2307,0.2306,0.2305,0.2304,0.2303,0.2302,0.2301,0.2311,0.2312,0.2313,0.2314,0.2315,0.2316,0.2317,0.2318,0.2319,0.232,884.7,18817.6,28590.2,47598.4,55402.9,79158.6,30696.4,31115.2,27654.4,20087.6,5388.9,45889.9,45275.1,29310.7,35928.5,35739.6,32998.5,19908.4,30853.8,41546.9
223,0.2315,0.2314,0.2313,0.2312,0.2311,0.231,0.2309,0.2308,0.2307,0.2306,0.2316,0.2317,0.2318,0.2319,0.232,0.2321,0.2322,0.2323,0.2324,0.2325,22197.9,27039.7,44596.1,51712.9,78437,24432.9,27092.5,27177.8,24608.9,10332.8,729.9,22068.2,26479,40205,50463.7,46797.1,30744.5,29179.3,26889,31109.6
224,0.2316,0.2315,0.2314,0.2313,0.2312,0.2311,0.231,0.2309,0.2308,0.2307,0.2317,0.2318,0.2319,0.232,0.2321,0.2322,0.2323,0.2324,0.2325,0.2326,7573.6,44365.4,43279.3,41514.2,48678.4,77820.1,24303.7,25092.6,27469.1,26547.9,3389.1,10527.6,28429.8,52280.1,44930,38391.4,28778.6,20444,30523.8,28062.8
225,0.2315,0.2314,0.2313,0.2312,0.2311,0.231,0.2309,0.2308,0.2307,0.2306,0.2316,0.2317,0.2318,0.2319,0.232,0.2321,0.2322,0.2323,0.2324,0.2325,3395.9,24666.5,41582.2,49314.5,77561.8,25915.6,26760.4,27257.6,27082.2,8393.9,28891.4,11247.2,25911.8,37886.6,49784,44930,29862.2,26857.2,27189,30523.8
226,0.2313,0.2312,0.2311,0.231,0.2309,0.2308,0.2307,0.2306,0.2305,0.2304,0.2314,0.2315,0.2316,0.2317,0.2318,0.2319,0.232,0.2321,0.2322,0.2323,1510.4,21882.3,42145.5,50451.6,78776.9,31186.6,26169.1,1593.1,27657.6,33724.5,6571.3,20650.9,38966.6,39386.9,33253.3,51886.3,54419.5,27149,27197.4,19939.4
227,0.231,0.2309,0.2308,0.2307,0.2306,0.2305,0.2304,0.2303,0.2302,0.2301,0.2311,0.2312,0.2313,0.2314,0.2315,0.2316,0.2317,0.2318,0.2319,0.232,18486.8,38542.2,40041,34308.9,45816.7,74367.3,29871.3,22419.5,32597.7,31027.4,22.8,10001.8,22722.2,43435.7,52203.5,28212.5,31552.2,26835.2,32744.2,36738.6
228,0.231,0.2309,0.2308,0.2307,0.2306,0.2305,0.2304,0.2303,0.2302,0.2301,0.2311,0.2312,0.2313,0.2314,0.2315,0.2316,0.2317,0.2318,0.2319,0.232,1188,18243.3,37172.4,34943.7,48688.9,71348,30853.1,20295.1,32695.1,31027.4,6596.3,21112.7,42469.2,52842.3,41541.4,28504.5,35329.1,26835.2,34038,36738.6
229,0.2311,0.231,0.2309,0.2308,0.2307,0.2306,0.2305,0.2304,0.2303,0.2302,0.2312,0.2313,0.2314,0.2315,0.2316,0.2317,0.2318,0.2319,0.232,0.2321,4106.6,22693,38127.2,41292,33089.5,42682,71312.3,37815.5,65701.1,40961.6,5796.7,22785.2,43149.5,50391.9,28424.6,31071.2,26835.2,38232.3,36738.6,29915.7
230,0.2309,0.2308,0.2307,0.2306,0.2305,0.2304,0.2303,0.2302,0.2301,0.23,0.231,0.2311,0.2312,0.2313,0.2314,0.2315,0.2316,0.2317,0.2318,0.2319,13000,20790.7,41381.3,66689.2,29665.8,38858.7,62375.4,47707.2,30735.7,33328.3,3474.6,24330.5,42307.2,40606.4,51108.2,37893.5,30740.6,33119.2,26835.2,31145.8
231,0.2311,0.231,0.2309,0.2308,0.2307,0.2306,0.2305,0.2304,0.2303,0.2302,0.2312,0.2313,0.2314,0.2315,0.2316,0.2317,0.2318,0.2319,0.232,0.2321,1592.7,22561.3,33200.6,38983.2,31700.2,32485.7,65015.7,36342.7,60322.9,42532.8,6060,24237,40897.2,45632.8,49965.6,35395.3,29441.7,31327.5,37740.2,23153.1
232,0.2312,0.2311,0.231,0.2309,0.2308,0.2307,0.2306,0.2305,0.2304,0.2303,0.2313,0.2314,0.2315,0.2316,0.2317,0.2318,0.2319,0.232,0.2321,0.2322,773.5,8685.1,23078.7,32779.1,37556,67428.5,31713,30277.5,38284.5,61870.3,19191.9,21689.2,42611.4,43141.2,49192.5,40564.7,32544.2,36920.2,23398.8,27307.7
233,0.2314,0.2313,0.2312,0.2311,0.231,0.2309,0.2308,0.2307,0.2306,0.2305,0.2315,0.2316,0.2317,0.2318,0.2319,0.232,0.2321,0.2322,0.2323,0.2324,15754.3,27116.9,47661.5,43063.8,42503.7,75542.4,29195.1,29396.1,21609,19908.9,1533.3,19067.3,42035.3,41006.5,44136.1,41873.7,31879.9,27194.4,28146.8,26722.2
234,0.2311,0.231,0.2309,0.2308,0.2307,0.2306,0.2305,0.2304,0.2303,0.2302,0.2312,0.2313,0.2314,0.2315,0.2316,0.2317,0.2318,0.2319,0.232,0.2321,1426.1,20593.6,38200.5,42881.8,44557.8,74042,28453.9,42539.7,69407.4,57390.2,7745.9,19870.5,40718.8,42166.1,49915.9,34581.8,31198.6,29931.1,109326.2,23644.9
235,0.2309,0.2308,0.2307,0.2306,0.2305,0.2304,0.2303,0.2302,0.2301,0.23,0.231,0.2311,0.2312,0.2313,0.2314,0.2315,0.2316,0.2317,0.2318,0.2319,27825.5,18611.5,42497.2,41321.5,45949.7,76304,32493.7,68977.1,59904.6,47544.9,12752,24053.4,45523.9,54102.8,44279.2,28784.2,29797.4,20232.7,19908.4,29752.2
236,0.2307,0.2306,0.2305,0.2304,0.2303,0.2302,0.2301,0.23,0.2299,0.2298,0.2308,0.2309,0.231,0.2311,0.2312,0.2313,0.2314,0.2315,0.2316,0.2317,17612,21447.7,50750,86377.8,34895.8,67459.8,53716.7,60729.2,34420,7236.7,1370.6,26192.2,47391.8,50094.4,35416,29255.9,38934.9,33003.1,22296.1,20050.9
237,0.2307,0.2306,0.2305,0.2304,0.2303,0.2302,0.2301,0.23,0.2299,0.2298,0.2308,0.2309,0.231,0.2311,0.2312,0.2313,0.2314,0.2315,0.2316,0.2317,1619.2,18204.2,38313.2,59041.1,83635,53119.3,31390,51716.3,73929.1,19232.1,4874.2,24268.4,45134.1,48836.2,29128.3,31423,35685.3,22419.3,21010.1,28573.1
238,0.2302,0.2301,0.23,0.2299,0.2298,0.2297,0.2296,0.2295,0.2294,0.2293,0.2303,0.2304,0.2305,0.2306,0.2307,0.2308,0.2309,0.231,0.2311,0.2312,16303.4,8928.9,15135.1,6061.5,34928.4,49879.1,25599.7,15909.7,71285.5,24443.6,3602.8,37541,50130.6,56101.2,39855.5,40094.2,35063.8,30669.2,27713.8,21013.1
239,0.23,0.2299,0.2298,0.2297,0.2296,0.2295,0.2294,0.2293,0.2292,0.2291,0.2301,0.2302,0.2303,0.2304,0.2305,0.2306,0.2307,0.2308,0.2309,0.231,8258.7,10212.2,18099.1,7071.5,25901.6,55664.8,36071.1,49280.6,17642.4,23339.1,1810.6,46227.1,43730.9,52346.3,45720.5,38962.6,37250.6,27005.2,27152,23721.8
240,0.2298,0.2297,0.2296,0.2295,0.2294,0.2293,0.2292,0.2291,0.229,0.2289,0.2299,0.23,0.2301,0.2302,0.2303,0.2304,0.2305,0.2306,0.2307,0.2308,14160.2,14827.1,7073.3,33854.2,3082.5,72114.7,16758.6,59868.1,23454.2,9774.5,3136.8,40594.5,44601.4,44237.7,53475.3,39371.1,33773.6,29907,34890.3,19968.8
241,0.2298,0.2297,0.2296,0.2295,0.2294,0.2293,0.2292,0.2291,0.229,0.2289,0.2299,0.23,0.2301,0.2302,0.2303,0.2304,0.2305,0.2306,0.2307,0.2308,16458.3,10495.9,6561.6,12363.7,7618.1,30586.7,44324,37980.5,51306.6,23233.4,3098,41714.1,42423.9,54710,40219.2,34048.1,37110.7,30618.5,21044.4,19968.8
242,0.2299,0.2298,0.2297,0.2296,0.2295,0.2294,0.2293,0.2292,0.2291,0.229,0.23,0.2301,0.2302,0.2303,0.2304,0.2305,0.2306,0.2307,0.2308,0.2309,68.1,4036.5,17820.7,6985.7,33413.1,45708.6,32779.6,6751.2,41331.5,48171.8,11014.5,44323.5,46190.9,40470.7,52042.3,43116.9,38881.1,21227,19968.8,31675.5
243,0.2298,0.2297,0.2296,0.2295,0.2294,0.2293,0.2292,0.2291,0.229,0.2289,0.2299,0.23,0.2301,0.2302,0.2303,0.2304,0.2305,0.2306,0.2307,0.2308,780,3278.3,8669,15631.4,6592.4,31496.7,5443.5,86829.2,48006.9,23618.7,33754.2,37897,42139.2,49653.7,58089.1,34635.9,29619.3,32644.7,21044.4,32591.9
244,0.2296,0.2295,0.2294,0.2293,0.2292,0.2291,0.229,0.2289,0.2288,0.2287,0.2297,0.2298,0.2299,0.23,0.2301,0.2302,0.2303,0.2304,0.2305,0.2306,20726.3,11612.9,5995.1,14345.2,4862.3,77210.2,7334.3,59832.2,50067.7,21612.5,1382.6,43811.1,37193.4,42194.3,63962.8,42796.8,31304.9,33357.6,29437,25867.5
245,0.2296,0.2295,0.2294,0.2293,0.2292,0.2291,0.229,0.2289,0.2288,0.2287,0.2297,0.2298,0.2299,0.23,0.2301,0.2302,0.2303,0.2304,0.2305,0.2306,11895.9,15867.3,4575.5,33871.3,4427.1,76897,8181.4,60668,47000.5,21755.7,4563.6,13764.9,39775,44890.9,62503.9,39687.7,31694.5,33064.1,29619.8,25867.5
246,0.2295,0.2294,0.2293,0.2292,0.2291,0.229,0.2289,0.2288,0.2287,0.2286,0.2296,0.2297,0.2298,0.2299,0.23,0.2301,0.2302,0.2303,0.2304,0.2305,13997.1,6723.3,16251,5296.9,72413,16282.7,60543.1,33551.3,22141.3,6211.7,1771.1,41227.6,44579.9,56836,37178.2,34306,33173.9,33186.2,27168.6,29437
247,0.2294,0.2293,0.2292,0.2291,0.229,0.2289,0.2288,0.2287,0.2286,0.2285,0.2295,0.2296,0.2297,0.2298,0.2299,0.23,0.2301,0.2302,0.2303,0.2304,868.3,4066.4,9385.2,11738.3,30305.7,42188.9,48417.3,53527.7,16650,25237.8,31267.8,43226.3,41925,42778.8,54143.1,30853.4,32748.6,29919.9,26877.4,20202.7
248,0.2294,0.2293,0.2292,0.2291,0.229,0.2289,0.2288,0.2287,0.2286,0.2285,0.2295,0.2296,0.2297,0.2298,0.2299,0.23,0.2301,0.2302,0.2303,0.2304,3592.9,9331.5,9325.6,13677.9,28308,53026,45777.7,46703.3,29841.3,25237.8,3612.8,42716,45873,66298.6,39202.5,30693.6,28477.1,35950.9,26877.4,19908.9
249,0.2293,0.2292,0.2291,0.229,0.2289,0.2288,0.2287,0.2286,0.2285,0.2284,0.2294,0.2295,0.2296,0.2297,0.2298,0.2299,0.23,0.2301,0.2302,0.2303,20757.3,19624.4,11113.2,7087.7,31138.4,62032.5,35640.6,26891.4,57807.7,12602.5,68.1,17920.1,40302.6,41044.5,52177.6,41943.4,31810.6,30358,29737.2,26899.9
250,0.2295,0.2294,0.2293,0.2292,0.2291,0.229,0.2289,0.2288,0.2287,0.2286,0.2296,0.2297,0.2298,0.2299,0.23,0.2301,0.2302,0.2303,0.2304,0.2305,3407,10533.3,14463.6,17804.7,12251.1,6674.2,32587.5,66205.4,33570.1,24982.6,8155.5,42690.5,52405.5,39819,43549.1,36494.5,31942.5,26899.9,19908.9,31378.3
251,0.2294,0.2293,0.2292,0.2291,0.229,0.2289,0.2288,0.2287,0.2286,0.2285,0.2295,0.2296,0.2297,0.2298,0.2299,0.23,0.2301,0.2302,0.2303,0.2304,6751,10025.8,21221.7,11151.3,14121.2,25504.9,70301.2,31474.2,31792.3,58201.3,4170,36491.2,41088.9,46337,33203,34138.9,23493.5,23131.2,26923.5,19908.9
252,0.2293,0.2292,0.2291,0.229,0.2289,0.2288,0.2287,0.2286,0.2285,0.2284,0.2294,0.2295,0.2296,0.2297,0.2298,0.2299,0.23,0.2301,0.2302,0.2303,46.9,4866.8,10719.9,12626.4,26899.3,67685.1,33712.9,34578,59944.3,10333.2,17812.2,48951.6,46497,41333.6,52048.4,43419.9,29781.1,21764.4,22948,26923.5
253,0.2292,0.2291,0.229,0.2289,0.2288,0.2287,0.2286,0.2285,0.2284,0.2283,0.2293,0.2294,0.2295,0.2296,0.2297,0.2298,0.2299,0.23,0.2301,0.2302,4222,13159.9,15367.6,26200.7,67391.1,31010.4,24647.7,58927.4,19441.3,8037.9,5502.3,49842.1,44751.7,59979.1,41131.3,36931.6,29621.2,29781.1,21876.1,22654.1
254,0.2294,0.2293,0.2292,0.2291,0.229,0.2289,0.2288,0.2287,0.2286,0.2285,0.2295,0.2296,0.2297,0.2298,0.2299,0.23,0.2301,0.2302,0.2303,0.2304,5321.5,7588.4,17954.1,10049.8,12561,25174.1,68859.9,29418.3,22957.1,49769.6,4672.8,47857.2,45175.6,38027.2,40497.3,31559.2,23988.1,22654.1,26923.5,26868.1
255,0.2293,0.2292,0.2291,0.229,0.2289,0.2288,0.2287,0.2286,0.2285,0.2284,0.2294,0.2295,0.2296,0.2297,0.2298,0.2299,0.23,0.2301,0.2302,0.2303,17774.7,17755.5,11433,12199.6,25174.1,73220,38134.7,22957.1,50790.5,19057.3,1337.4,17841,49220.5,42997.8,38027.2,40497.3,31559.2,27277.1,22654.1,26923.5
256,0.2287,0.2286,0.2285,0.2284,0.2283,0.2282,0.2281,0.228,0.2279,0.2278,0.2288,0.2289,0.229,0.2291,0.2292,0.2293,0.2294,0.2295,0.2296,0.2297,26602,18004.6,14191.2,29032,55327,24173.7,14653.6,77620,24537.5,31534.7,750.8,23224.8,43390.3,43022.9,43783.9,29469.5,39619.5,26875.3,32118.5,27316.5
257,0.2288,0.2287,0.2286,0.2285,0.2284,0.2283,0.2282,0.2281,0.228,0.2279,0.2289,0.229,0.2291,0.2292,0.2293,0.2294,0.2295,0.2296,0.2297,0.2298,1562.9,8325.2,17324.9,14327.8,25849.8,11525,24079,58261.7,79346.8,25268.5,15622.5,50498,63016.1,45990.2,39816.7,46067.9,29055.4,33223,20509.8,23128.3
258,0.2285,0.2284,0.2283,0.2282,0.2281,0.228,0.2279,0.2278,0.2277,0.2276,0.2286,0.2287,0.2288,0.2289,0.229,0.2291,0.2292,0.2293,0.2294,0.2295,1873.9,13080.1,21671.1,30846.3,17769.3,39618.5,53682.9,27888.6,13491.1,57701.8,15544.9,45397.1,42458,49488.3,54468.2,42635,29653.5,20387.7,19909.4,29022.5
259,0.2287,0.2286,0.2285,0.2284,0.2283,0.2282,0.2281,0.228,0.2279,0.2278,0.2288,0.2289,0.229,0.2291,0.2292,0.2293,0.2294,0.2295,0.2296,0.2297,5234.9,10297.5,21815.3,33564.2,14074.9,28159.5,9755.2,39877.5,49827.4,30602.1,3411.6,44272.5,44797.2,47173.7,58319,29142.1,23151.1,29022.5,33406.1,26465.7
260,0.2289,0.2288,0.2287,0.2286,0.2285,0.2284,0.2283,0.2282,0.2281,0.228,0.229,0.2291,0.2292,0.2293,0.2294,0.2295,0.2296,0.2297,0.2298,0.2299,6663.7,8212.6,22275.8,31196.1,17131.2,30267.3,7765.8,24262.3,53595.6,35951.8,3427.2,46358.6,43407.7,42727.7,49226.5,30912.9,42540.7,21019.5,31077,19969.3
261,0.2288,0.2287,0.2286,0.2285,0.2284,0.2283,0.2282,0.2281,0.228,0.2279,0.2289,0.229,0.2291,0.2292,0.2293,0.2294,0.2295,0.2296,0.2297,0.2298,23,9288.4,12342.4,26236.9,34289.1,9751.3,24244.5,53595.6,37697.8,13161.5,18435.1,47456.6,42069,42862.6,39275.1,55415.8,29501.1,33589.7,20836.1,31077
262,0.229,0.2289,0.2288,0.2287,0.2286,0.2285,0.2284,0.2283,0.2282,0.2281,0.2291,0.2292,0.2293,0.2294,0.2295,0.2296,0.2297,0.2298,0.2299,0.23,6094.2,20416.9,20530.2,23364.7,28719.9,14622.7,31675.3,55635,22293.3,7987.8,7728.5,49209.1,43642.8,64668.9,42291.4,36218.8,22823.2,30812.1,26790.9,42027.6
263,0.2289,0.2288,0.2287,0.2286,0.2285,0.2284,0.2283,0.2282,0.2281,0.228,0.229,0.2291,0.2292,0.2293,0.2294,0.2295,0.2296,0.2297,0.2298,0.2299,79290.7,14079.6,21508.2,17176.4,22025.9,34305.6,55635,20153.4,9416.2,35454.8,2029.3,48453.7,40234.6,42953.2,64024.2,32010.2,33667.3,21019.5,30628.7,26796.9
264,0.2286,0.2285,0.2284,0.2283,0.2282,0.2281,0.228,0.2279,0.2278,0.2277,0.2287,0.2288,0.2289,0.229,0.2291,0.2292,0.2293,0.2294,0.2295,0.2296,4219.5,7079.7,18747.8,39119.7,30403.1,29059.7,84705.8,25168.6,37812.4,23204.4,11035.7,42905.8,52587.2,69255.5,43345,39572.6,28646.7,26914.7,27137.4,24716.6
265,0.2278,0.2277,0.2276,0.2275,0.2274,0.2273,0.2272,0.2271,0.227,0.2269,0.2279,0.228,0.2281,0.2282,0.2283,0.2284,0.2285,0.2286,0.2287,0.2288,12232.9,20980.9,41745.6,45355.8,48689.5,66911.5,36254.5,36145.8,31500.6,52304.2,4127.8,63893.2,39970.4,34855.9,38145.5,33111.5,28991.1,20094,23857.7,27069.4
266,0.2277,0.2276,0.2275,0.2274,0.2273,0.2272,0.2271,0.227,0.2269,0.2268,0.2278,0.2279,0.228,0.2281,0.2282,0.2283,0.2284,0.2285,0.2286,0.2287,20294.3,23296,39359.2,45731,51236.2,79195.2,31657.2,32875.9,41712.2,60719.6,113.5,23245.8,82636.4,38619.3,33677.1,33174.8,21970.2,27422.6,19909.7,24154
267,0.2282,0.2281,0.228,0.2279,0.2278,0.2277,0.2276,0.2275,0.2274,0.2273,0.2283,0.2284,0.2285,0.2286,0.2287,0.2288,0.2289,0.229,0.2291,0.2292,3169.2,8617.6,25088.9,46251.3,40435.3,32266.5,74350.9,33281.5,30889.7,20335.6,4822.2,35364.8,39176.1,35263.8,33947.5,39272,23043.8,25804.6,8654.3,20205.4
268,0.2281,0.228,0.2279,0.2278,0.2277,0.2276,0.2275,0.2274,0.2273,0.2272,0.2282,0.2283,0.2284,0.2285,0.2286,0.2287,0.2288,0.2289,0.229,0.2291,8798.7,21839,45678.2,51877.9,84746,32334.8,29196.3,34194.9,23475.7,26576.9,833.4,21102.7,32169.2,38059.3,30883.6,29030.1,32665.2,21607.4,25324.5,33635.7
269,0.2278,0.2277,0.2276,0.2275,0.2274,0.2273,0.2272,0.2271,0.227,0.2269,0.2279,0.228,0.2281,0.2282,0.2283,0.2284,0.2285,0.2286,0.2287,0.2288,5390.7,20533.9,42765.6,42961.3,53234,76116.2,34503.1,34662.6,32348.1,45812.7,1919.9,18454.4,47507.8,37568.2,42255.7,21725.8,29334,20094,20477.8,28988.5
270,0.2279,0.2278,0.2277,0.2276,0.2275,0.2274,0.2273,0.2272,0.2271,0.227,0.228,0.2281,0.2282,0.2283,0.2284,0.2285,0.2286,0.2287,0.2288,0.2289,4114.7,13508,23155.5,39425.6,43622.4,46256.7,73388.5,37025.1,35747.7,24090.2,3854.2,9518.8,37317.1,36610.9,38215,30002.9,23566.4,20662,28988.5,23314.1
271,0.2281,0.228,0.2279,0.2278,0.2277,0.2276,0.2275,0.2274,0.2273,0.2272,0.2282,0.2283,0.2284,0.2285,0.2286,0.2287,0.2288,0.2289,0.229,0.2291,685.1,8999.6,17991.9,44261,55358.3,74883.7,31371.9,31983.3,27480.4,35260.4,13619.7,40208.4,44079.9,56833.3,39464.4,32791.1,29132.3,23642.5,23434.1,20958
272,0.2281,0.228,0.2279,0.2278,0.2277,0.2276,0.2275,0.2274,0.2273,0.2272,0.2282,0.2283,0.2284,0.2285,0.2286,0.2287,0.2288,0.2289,0.229,0.2291,1275.9,16890.8,21166.6,45723.2,55292.5,73146.1,29612.8,31307.5,28043.4,28411.9,5688.6,22512.7,42222.7,55410.9,40562.7,30511,22274.8,30491,23434.1,21253.9
273,0.2279,0.2278,0.2277,0.2276,0.2275,0.2274,0.2273,0.2272,0.2271,0.227,0.228,0.2281,0.2282,0.2283,0.2284,0.2285,0.2286,0.2287,0.2288,0.2289,6185.4,25602.5,45235.1,54216.4,80597.8,29493.8,30043.4,28414.9,31240.9,31152.2,1538.7,19643.5,40328,42743.9,40327.2,50966.7,30792.4,28675.4,22274.8,23458.4
274,0.228,0.2279,0.2278,0.2277,0.2276,0.2275,0.2274,0.2273,0.2272,0.2271,0.2281,0.2282,0.2283,0.2284,0.2285,0.2286,0.2287,0.2288,0.2289,0.229,2207,25627,69605,43599,42695.5,72457.5,32847.1,20163.1,26007.2,29557.6,55391.4,18039.4,44761.6,58959.8,35324.2,33170.3,29129.6,22274.8,23458.2,30288.6
275,0.2281,0.228,0.2279,0.2278,0.2277,0.2276,0.2275,0.2274,0.2273,0.2272,0.2282,0.2283,0.2284,0.2285,0.2286,0.2287,0.2288,0.2289,0.229,0.2291,5649.5,12573.1,44436.7,54851.9,24820.4,31954.2,71056.1,30995.9,23732.6,37120.1,4237.8,25174.2,41997.6,37666.1,41364.3,48442.9,30666.8,30309.7,30288.6,27112.7
276,0.2282,0.2281,0.228,0.2279,0.2278,0.2277,0.2276,0.2275,0.2274,0.2273,0.2283,0.2284,0.2285,0.2286,0.2287,0.2288,0.2289,0.229,0.2291,0.2292,1552.5,46055,13100.2,46545.9,57082.7,67152.4,28364.1,29236.7,33329.8,34806.8,6651.6,19594.3,41408,45415.7,56272.7,24493.4,32084.2,30432.9,21253.9,27329
277,0.228,0.2279,0.2278,0.2277,0.2276,0.2275,0.2274,0.2273,0.2272,0.2271,0.2281,0.2282,0.2283,0.2284,0.2285,0.2286,0.2287,0.2288,0.2289,0.229,709.3,19078.4,45727.6,33380.6,31815.7,73474.5,30382.9,26549.9,61093.4,34829,17620.6,26217,45150.2,40072.3,60416.2,31003.8,26939.4,22274.8,30165.3,30432.9
278,0.2278,0.2277,0.2276,0.2275,0.2274,0.2273,0.2272,0.2271,0.227,0.2269,0.2279,0.228,0.2281,0.2282,0.2283,0.2284,0.2285,0.2286,0.2287,0.2288,4778.2,22593.3,34068.9,42511.8,37220.7,30537.3,74129.2,35156.5,97775.5,41617.7,3756,24328.4,41938.6,45494.7,67786.1,30071.7,31359.2,27051.3,20477.8,29388.5
279,0.2278,0.2277,0.2276,0.2275,0.2274,0.2273,0.2272,0.2271,0.227,0.2269,0.2279,0.228,0.2281,0.2282,0.2283,0.2284,0.2285,0.2286,0.2287,0.2288,7668.5,25071,34665.1,42506.6,36841.6,27996,72401.2,34881.5,96559.7,41617.7,2039.7,24608.5,41617.9,50174.7,65146.4,28958.6,32340.3,33668.9,20477.8,29244.3
280,0.228,0.2279,0.2278,0.2277,0.2276,0.2275,0.2274,0.2273,0.2272,0.2271,0.2281,0.2282,0.2283,0.2284,0.2285,0.2286,0.2287,0.2288,0.2289,0.229,10868.2,46069.4,43811.7,46014.3,53081.6,69239.6,26573.7,34396.9,25922.4,36609.1,2860.1,10809.6,26468.2,40217.6,57374.8,35375.4,22966.2,31510.6,30019.6,23434.1
281,0.2283,0.2282,0.2281,0.228,0.2279,0.2278,0.2277,0.2276,0.2275,0.2274,0.2284,0.2285,0.2286,0.2287,0.2288,0.2289,0.229,0.2291,0.2292,0.2293,5602.6,24646.1,44979.1,43483.2,56572.2,85393.2,26299.3,26299.4,31598.9,19541.3,3092,21666.1,43253.2,57285.7,30889.6,31851.7,31760.6,27748.7,25691.6,22874.9
282,0.2283,0.2282,0.2281,0.228,0.2279,0.2278,0.2277,0.2276,0.2275,0.2274,0.2284,0.2285,0.2286,0.2287,0.2288,0.2289,0.229,0.2291,0.2292,0.2293,10920.8,41002.9,42824,44621.6,56529.8,78745.8,28349.7,28805.1,20439.5,19955,68.3,8686.5,19708.4,39081.2,51389.1,35787.8,32950.7,29372.7,19825,23170.5
283,0.2283,0.2282,0.2281,0.228,0.2279,0.2278,0.2277,0.2276,0.2275,0.2274,0.2284,0.2285,0.2286,0.2287,0.2288,0.2289,0.229,0.2291,0.2292,0.2293,10828.3,23458.4,42824,43191.5,54717.5,78745.8,28349.7,28805.1,20439.5,21894,46,7265.7,21896.2,39266.8,48359,35787.8,32017,29576.1,19825,23170.5
284,0.2286,0.2285,0.2284,0.2283,0.2282,0.2281,0.228,0.2279,0.2278,0.2277,0.2287,0.2288,0.2289,0.229,0.2291,0.2292,0.2293,0.2294,0.2295,0.2296,974.7,17450.4,25351.6,42202.3,51691.1,73630.7,24323.3,24279.8,26612.7,21388.5,10310,24344,44209.1,45511.8,33598.9,30595.3,28126.6,29596.5,23749.8,19561
285,0.2287,0.2286,0.2285,0.2284,0.2283,0.2282,0.2281,0.228,0.2279,0.2278,0.2288,0.2289,0.229,0.2291,0.2292,0.2293,0.2294,0.2295,0.2296,0.2297,19891,40988.6,45254.2,55716.7,86613.7,30466.5,22505.3,21415.9,26991.8,21539.4,685,6183.2,24963.1,39044.7,30084.2,45473.9,30148.5,31623.9,23051.7,29216.4
286,0.2293,0.2292,0.2291,0.229,0.2289,0.2288,0.2287,0.2286,0.2285,0.2284,0.2294,0.2295,0.2296,0.2297,0.2298,0.2299,0.23,0.2301,0.2302,0.2303,127.7,14957,23667.9,53916.5,79573.1,41354.4,30087.1,29471.5,23987.7,22600.2,11896.5,45087.4,38565.1,46029.8,31993.3,32812.5,44052.6,28944.3,22031.7,25287.1
287,0.2291,0.229,0.2289,0.2288,0.2287,0.2286,0.2285,0.2284,0.2283,0.2282,0.2292,0.2293,0.2294,0.2295,0.2296,0.2297,0.2298,0.2299,0.23,0.2301,88.6,22971.8,40007.4,44264,52963.5,71785.2,21734.3,24422,27479.1,20613.5,6760,23885.7,41629.2,29964.6,49583.8,32370.5,32591.5,28671.4,34135.5,22957.3
288,0.229,0.2289,0.2288,0.2287,0.2286,0.2285,0.2284,0.2283,0.2282,0.2281,0.2291,0.2292,0.2293,0.2294,0.2295,0.2296,0.2297,0.2298,0.2299,0.23,15280.8,21871.3,44288.1,53402,78191,21734.3,32116.7,52651.3,33711,20465.7,3323.2,17817.7,42354.4,33793.1,29940.6,52640.6,32370.5,29829.3,29687.5,33841.1
289,0.2291,0.229,0.2289,0.2288,0.2287,0.2286,0.2285,0.2284,0.2283,0.2282,0.2292,0.2293,0.2294,0.2295,0.2296,0.2297,0.2298,0.2299,0.23,0.2301,12991.1,21271.2,40676.3,43371.6,52898.1,78485.5,19816.8,32501,47583.2,33416.4,1438.1,16059.9,41615.2,31807.6,49583.8,32370.5,35648.9,28671.4,33841.1,21942.5
290,0.2291,0.229,0.2289,0.2288,0.2287,0.2286,0.2285,0.2284,0.2283,0.2282,0.2292,0.2293,0.2294,0.2295,0.2296,0.2297,0.2298,0.2299,0.23,0.2301,3321.9,23926.3,40676.3,43371.6,52898.1,78634.2,26635.4,32116.6,61064.6,33416.4,2324.4,23673.7,42611.3,31807.6,49583.8,32370.5,34884.2,29687.5,33841.1,21942.5
291,0.2291,0.229,0.2289,0.2288,0.2287,0.2286,0.2285,0.2284,0.2283,0.2282,0.2292,0.2293,0.2294,0.2295,0.2296,0.2297,0.2298,0.2299,0.23,0.2301,4702,9854.8,25164.4,54201.3,81603.4,21615.5,24049.6,29769.9,63004.1,33416.4,14884.5,32191.7,41313.5,31191.7,28464.2,34734.2,51373,29687.5,28564.7,21647.7
292,0.2291,0.229,0.2289,0.2288,0.2287,0.2286,0.2285,0.2284,0.2283,0.2282,0.2292,0.2293,0.2294,0.2295,0.2296,0.2297,0.2298,0.2299,0.23,0.2301,2521.4,24747.5,42147.1,52037.5,74448.7,35809.6,24130.9,29769.9,63004.1,33416.4,5390.2,25048.7,42570.2,32332.2,50276.6,34734.2,32591.5,29687.5,28564.7,21647.7
293,0.229,0.2289,0.2288,0.2287,0.2286,0.2285,0.2284,0.2283,0.2282,0.2281,0.2291,0.2292,0.2293,0.2294,0.2295,0.2296,0.2297,0.2298,0.2299,0.23,4002.6,22871,45043.4,38763.4,35548,24235.2,29769.9,60680.7,33943.9,27281.4,3903.3,20086.2,46140,39962.5,28772.5,50276.6,34877.8,38846,29687.5,28564.7
294,0.2291,0.229,0.2289,0.2288,0.2287,0.2286,0.2285,0.2284,0.2283,0.2282,0.2292,0.2293,0.2294,0.2295,0.2296,0.2297,0.2298,0.2299,0.23,0.2301,28381.6,43917.5,43101.9,41130.8,51414,79292.5,30709.5,21206,61064.6,33560,44.9,12658.5,25525.8,34341.6,53398.9,34877.8,37710.3,29687.5,28564.7,21647.7
295,0.2291,0.229,0.2289,0.2288,0.2287,0.2286,0.2285,0.2284,0.2283,0.2282,0.2292,0.2293,0.2294,0.2295,0.2296,0.2297,0.2298,0.2299,0.23,0.2301,8564.3,22958.8,39643.1,42847.9,51414,72048.4,23864.6,29589.7,61065.1,33560,5774.6,14958.7,44869.9,34134.8,31521,62885.7,31307.2,29687.5,28748,21647.7
296,0.2285,0.2284,0.2283,0.2282,0.2281,0.228,0.2279,0.2278,0.2277,0.2276,0.2286,0.2287,0.2288,0.2289,0.229,0.2291,0.2292,0.2293,0.2294,0.2295,212.6,7074.9,21802.9,50682.9,67463.1,38459.6,33854.9,63989.5,37878.9,31254.4,11232.8,18955.2,39185.1,35467.9,30713.2,29823.7,67314.7,29829.1,26367.3,19672.3
297,0.228,0.2279,0.2278,0.2277,0.2276,0.2275,0.2274,0.2273,0.2272,0.2271,0.2281,0.2282,0.2283,0.2284,0.2285,0.2286,0.2287,0.2288,0.2289,0.229,5296.1,13775,39847,48068.1,87570.4,21686.6,26216.6,45314.9,65931.4,28927.8,263.4,46888.5,37879.1,38314.4,32547.1,75263.9,31074,32510.9,26433,27706.3
298,0.2281,0.228,0.2279,0.2278,0.2277,0.2276,0.2275,0.2274,0.2273,0.2272,0.2282,0.2283,0.2284,0.2285,0.2286,0.2287,0.2288,0.2289,0.229,0.2291,15586.1,23864.7,33927.3,38037.9,41365.6,75251.2,22314.2,24178.2,45315.5,65635.8,1189.2,17371.5,41120.7,39293.5,36798.8,35462.3,29917.9,51472.6,35874.1,26285.8
299,0.2285,0.2284,0.2283,0.2282,0.2281,0.228,0.2279,0.2278,0.2277,0.2276,0.2286,0.2287,0.2288,0.2289,0.229,0.2291,0.2292,0.2293,0.2294,0.2295,2122.3,18759.8,34909.9,39584.3,44292,31846.1,74235.2,28022.6,30926.2,23065,5344.9,16669.5,42213.2,54677.4,32415.7,36261.4,26186,26221.3,26108.4,19673.2
300,0.2285,0.2284,0.2283,0.2282,0.2281,0.228,0.2279,0.2278,0.2277,0.2276,0.2286,0.2287,0.2288,0.2289,0.229,0.2291,0.2292,0.2293,0.2294,0.2295,11557.7,37537.3,41616.1,41132.2,44676.4,31846.1,73908.5,26447.3,21077.2,23613.2,1578.3,6520.1,19785,28863.2,35195.4,66599.5,26186,28121.5,29018.4,19673.2
301,0.2286,0.2285,0.2284,0.2283,0.2282,0.2281,0.228,0.2279,0.2278,0.2277,0.2287,0.2288,0.2289,0.229,0.2291,0.2292,0.2293,0.2294,0.2295,0.2296,13842.8,36255.4,40770.9,55025.8,87235.9,44373.3,30612,28774,19736.4,19780,28266,7878,15620.7,34882,58387.5,28479.5,28285.9,31221.1,19673.2,6761
302,0.2287,0.2286,0.2285,0.2284,0.2283,0.2282,0.2281,0.228,0.2279,0.2278,0.2288,0.2289,0.229,0.2291,0.2292,0.2293,0.2294,0.2295,0.2296,0.2297,3576.2,28327.7,39755.4,37398.5,58689.5,82928.9,27185.7,23175.7,20007,28608.3,180.7,19913.7,45021.7,38799.4,31051,64437.3,32180.5,27410.5,26391.6,20495.1
303,0.2285,0.2284,0.2283,0.2282,0.2281,0.228,0.2279,0.2278,0.2277,0.2276,0.2286,0.2287,0.2288,0.2289,0.229,0.2291,0.2292,0.2293,0.2294,0.2295,23,20753.9,43212.2,41456.3,51371.2,76815.6,24077.9,26661,29676.4,31059.5,2787.8,26662.4,40036.1,37124.2,60281.5,38938.2,29531.6,28573.1,21737.8,26216.8
304,0.2284,0.2283,0.2282,0.2281,0.228,0.2279,0.2278,0.2277,0.2276,0.2275,0.2285,0.2286,0.2287,0.2288,0.2289,0.229,0.2291,0.2292,0.2293,0.2294,30874.1,44527.5,50484.2,81864.4,40870.8,30479.9,28742.8,22003.4,25552.1,21893.4,2134.5,6410.3,24460.6,42041.3,37509,61632.9,29353.2,35504.3,22937.7,21442.6
305,0.229,0.2289,0.2288,0.2287,0.2286,0.2285,0.2284,0.2283,0.2282,0.2281,0.2291,0.2292,0.2293,0.2294,0.2295,0.2296,0.2297,0.2298,0.2299,0.23,13915.5,23411.4,47709.6,41311.6,52902.8,72415.7,30260.6,28597.1,20195.9,20399.4,341.2,13761.7,39164.4,46366.5,32945.8,54101.2,29434,30807.7,28801.8,35100.9
306,0.2292,0.2291,0.229,0.2289,0.2288,0.2287,0.2286,0.2285,0.2284,0.2283,0.2293,0.2294,0.2295,0.2296,0.2297,0.2298,0.2299,0.23,0.2301,0.2302,6138.9,23187.7,51934.4,39877.3,52892.8,76803.3,31022.1,33843.1,52764.7,30727.8,867.8,22885.1,42879.9,65419.4,34670,34124.6,31263.8,35395.6,20543.2,19727.7
307,0.2296,0.2295,0.2294,0.2293,0.2292,0.2291,0.229,0.2289,0.2288,0.2287,0.2297,0.2298,0.2299,0.23,0.2301,0.2302,0.2303,0.2304,0.2305,0.2306,1113.9,20452.1,40687.6,43483,53185.4,75775.6,30319.2,34139.7,37431.4,20235.1,9910.7,29388.2,42362.1,50436.2,52079.2,29134.1,20749,2405.8,26202.2,54189.1
308,0.2295,0.2294,0.2293,0.2292,0.2291,0.229,0.2289,0.2288,0.2287,0.2286,0.2296,0.2297,0.2298,0.2299,0.23,0.2301,0.2302,0.2303,0.2304,0.2305,20284.7,39298.4,47267.3,42590.8,49499.3,73831.5,29193.3,30857.5,19527.5,23909.4,65.5,7485.3,19078.4,43761.1,44760.9,33836.7,33224.1,29723.5,21573.1,26199.2
309,0.2293,0.2292,0.2291,0.229,0.2289,0.2288,0.2287,0.2286,0.2285,0.2284,0.2294,0.2295,0.2296,0.2297,0.2298,0.2299,0.23,0.2301,0.2302,0.2303,572.6,19085.5,33885.6,42747.6,46181.9,77746.5,21434.6,26170.5,40680.1,50326.6,3324.4,18178.3,42572.4,39082.5,43561.9,37143.3,35257.3,27536,29108.3,20566
310,0.2291,0.229,0.2289,0.2288,0.2287,0.2286,0.2285,0.2284,0.2283,0.2282,0.2292,0.2293,0.2294,0.2295,0.2296,0.2297,0.2298,0.2299,0.23,0.2301,14021.4,35302.4,41122.5,40280.6,44900.1,64728.3,30681.1,25667.6,61344.4,41850.7,1568.4,18141.3,29718.8,41403.1,37880.4,34226.4,32200.6,26425.8,37258.7,20543.2
311,0.2292,0.2291,0.229,0.2289,0.2288,0.2287,0.2286,0.2285,0.2284,0.2283,0.2293,0.2294,0.2295,0.2296,0.2297,0.2298,0.2299,0.23,0.2301,0.2302,3099.5,18560.3,34878.4,38520.6,33235.9,40120.3,63781.9,32430.4,23918.7,61161.3,4769,27868.6,44325.5,47428.4,41673.4,31096.1,26425.8,38274.4,20543.2,29565.3
312,0.2291,0.229,0.2289,0.2288,0.2287,0.2286,0.2285,0.2284,0.2283,0.2282,0.2292,0.2293,0.2294,0.2295,0.2296,0.2297,0.2298,0.2299,0.23,0.2301,3061.7,15771.1,35067.9,37420.5,41848,72644.7,30712.8,25958.5,60244.7,39719.7,6190.9,25708.2,44797.7,44931.3,42719.3,34226.4,29669,26425.9,38274.7,20543.2
313,0.2291,0.229,0.2289,0.2288,0.2287,0.2286,0.2285,0.2284,0.2283,0.2282,0.2292,0.2293,0.2294,0.2295,0.2296,0.2297,0.2298,0.2299,0.23,0.2301,5750.9,16708.5,32395,37390.2,33202.9,40220.2,67930,27443.1,19825.7,62876.8,1282,26805.1,39261.5,42811.2,48930.5,31903.2,32770.9,26242.5,31470.9,20543.2
314,0.2288,0.2287,0.2286,0.2285,0.2284,0.2283,0.2282,0.2281,0.228,0.2279,0.2289,0.229,0.2291,0.2292,0.2293,0.2294,0.2295,0.2296,0.2297,0.2298,5366.9,13486.3,37982.4,37355.9,40809.3,38967.8,71158.9,25654,34196.2,24559.8,1434.1,20774.8,43844.1,36510.3,39409.3,31791.2,32170.6,38059.7,26869.6,24244.4
315,0.229,0.2289,0.2288,0.2287,0.2286,0.2285,0.2284,0.2283,0.2282,0.2281,0.2291,0.2292,0.2293,0.2294,0.2295,0.2296,0.2297,0.2298,0.2299,0.23,203.1,10507.9,39199,37077.4,47133.5,65752.1,40929.8,19440.6,26810.9,25453.9,3663.1,21758.5,40699.2,40487,40513.6,49087.8,33152.6,24295.9,19724.9,17821
316,0.229,0.2289,0.2288,0.2287,0.2286,0.2285,0.2284,0.2283,0.2282,0.2281,0.2291,0.2292,0.2293,0.2294,0.2295,0.2296,0.2297,0.2298,0.2299,0.23,1988.3,11796.3,36950,37501,48748.1,68611.1,28439.9,27922,35344.6,26862.9,13124.7,25757.2,47049.7,40342.7,44118,39054.6,30404.4,24506.2,26549.5,36988.3
317,0.2293,0.2292,0.2291,0.229,0.2289,0.2288,0.2287,0.2286,0.2285,0.2284,0.2294,0.2295,0.2296,0.2297,0.2298,0.2299,0.23,0.2301,0.2302,0.2303,5574.6,17525.4,36241.1,42189.9,40022.1,74389,25069,27647.8,19947.8,28401.2,3128.9,16076.6,20840.9,40302.5,48447.6,51201.7,42442.9,22125.4,29002.8,26577.7
318,0.2295,0.2294,0.2293,0.2292,0.2291,0.229,0.2289,0.2288,0.2287,0.2286,0.2296,0.2297,0.2298,0.2299,0.23,0.2301,0.2302,0.2303,0.2304,0.2305,8923.8,23729.6,43024.6,41811.5,50986.5,71318.8,30329.4,26653,19551.5,20519.9,3294.9,9099,18619.6,35746.1,41822.5,53896.7,33408.2,19644.5,19388.3,9974.6
319,0.2295,0.2294,0.2293,0.2292,0.2291,0.229,0.2289,0.2288,0.2287,0.2286,0.2296,0.2297,0.2298,0.2299,0.23,0.2301,0.2302,0.2303,0.2304,0.2305,12578.4,21597.8,43024.6,43588.8,49208.8,70536.1,30623.4,26650.9,19551,21540.7,1883.1,12152.1,21954.4,30621.1,41908.7,51595.5,33408.2,23967.3,19571.2,9974.3
320,0.229,0.2289,0.2288,0.2287,0.2286,0.2285,0.2284,0.2283,0.2282,0.2281,0.2291,0.2292,0.2293,0.2294,0.2295,0.2296,0.2297,0.2298,0.2299,0.23,1115.7,17321.8,39176,50538.3,78399.9,32701.6,32900.5,31113.1,35268.3,20131.6,5080.4,21710.1,34790.1,40187,26457.5,55911.1,22739.8,29374.5,22669.9,35392.1
321,0.2286,0.2285,0.2284,0.2283,0.2282,0.2281,0.228,0.2279,0.2278,0.2277,0.2287,0.2288,0.2289,0.229,0.2291,0.2292,0.2293,0.2294,0.2295,0.2296,1277.1,18104.8,40939.5,47909.1,49451.2,72157.3,34852.1,49054.1,32786.9,41364.8,4794.2,22026.3,41219.9,37938.4,37107.2,62066.8,29480.4,26255.7,19256.9,20361.2
322,0.2285,0.2284,0.2283,0.2282,0.2281,0.228,0.2279,0.2278,0.2277,0.2276,0.2286,0.2287,0.2288,0.2289,0.229,0.2291,0.2292,0.2293,0.2294,0.2295,699,20408.9,40103.7,51208.1,84631.1,49182.9,30814.5,37789.6,59390.3,16960.5,2284.6,12853.7,46425.6,38888.3,31640.1,34482.3,58121.8,19735.2,19256.9,26511.9
323,0.2284,0.2283,0.2282,0.2281,0.228,0.2279,0.2278,0.2277,0.2276,0.2275,0.2285,0.2286,0.2287,0.2288,0.2289,0.229,0.2291,0.2292,0.2293,0.2294,3452.7,20476.8,45001.5,56041.8,92356.9,28329.9,38688,63321.4,42964.3,30671.9,3266.1,20489.1,40574.7,39786.4,32397.3,29275.6,36732.6,58138.2,19735.2,19256.9
324,0.2286,0.2285,0.2284,0.2283,0.2282,0.2281,0.228,0.2279,0.2278,0.2277,0.2287,0.2288,0.2289,0.229,0.2291,0.2292,0.2293,0.2294,0.2295,0.2296,3190.9,22138.7,41492.4,40192.8,39628.4,56503.8,94186.1,37328.1,43206.5,48073.3,2090.1,14535.9,42527.4,30038,34826.7,61341.1,21465.2,19256.9,26511.9,20361.2
325,0.2288,0.2287,0.2286,0.2285,0.2284,0.2283,0.2282,0.2281,0.228,0.2279,0.2289,0.229,0.2291,0.2292,0.2293,0.2294,0.2295,0.2296,0.2297,0.2298,4735.8,21690.1,41410.8,45649.1,56047.3,83675.6,28040.7,28599.6,38024.7,48858.5,1338.3,21815,41736.3,30361.9,23878.2,53971.3,31281.9,20656.4,21928.9,29976.4
326,0.2287,0.2286,0.2285,0.2284,0.2283,0.2282,0.2281,0.228,0.2279,0.2278,0.2288,0.2289,0.229,0.2291,0.2292,0.2293,0.2294,0.2295,0.2296,0.2297,4943.3,19718.9,44743.9,54282.4,83675.6,30607.8,29364.1,37545.8,43765.4,44846.5,4579.9,20532.8,32831.5,33241.5,30876.4,23878.2,54276.3,26400.5,20839.6,26003.3
327,0.2286,0.2285,0.2284,0.2283,0.2282,0.2281,0.228,0.2279,0.2278,0.2277,0.2287,0.2288,0.2289,0.229,0.2291,0.2292,0.2293,0.2294,0.2295,0.2296,1158.5,21178.8,42040,41613.7,49220.9,71461.9,41532.6,42219.4,48379.6,49682.4,5168.1,18462.9,39717.6,25995,31258.1,31372.8,26182.9,51288.9,30266.3,21058.7
328,0.2285,0.2284,0.2283,0.2282,0.2281,0.228,0.2279,0.2278,0.2277,0.2276,0.2286,0.2287,0.2288,0.2289,0.229,0.2291,0.2292,0.2293,0.2294,0.2295,21445.1,24802.1,45065.4,50865.2,85049.3,41784.4,29744.2,29928.7,51385.5,42145,1541.7,8287,15887,39453.9,25041.7,61368.1,31273.2,22414.7,22149.8,30266.3
329,0.2286,0.2285,0.2284,0.2283,0.2282,0.2281,0.228,0.2279,0.2278,0.2277,0.2287,0.2288,0.2289,0.229,0.2291,0.2292,0.2293,0.2294,0.2295,0.2296,1529.9,24708.1,41924,44496.4,50274.3,72405.2,40330.8,28682.2,30772.3,51376.5,7195.3,16793.4,39395.8,28870.8,29946.8,31273.2,53935.8,28735.8,30449.9,3214.4
330,0.2291,0.229,0.2289,0.2288,0.2287,0.2286,0.2285,0.2284,0.2283,0.2282,0.2292,0.2293,0.2294,0.2295,0.2296,0.2297,0.2298,0.2299,0.23,0.2301,699,22580,46515.8,55942.6,84923.2,40132.3,28850.4,29304.9,29517.1,20015.4,10136.9,20661.8,34778.6,29151.7,57309.1,29745.2,30863.3,20422.5,35801.3,23093.1
331,0.2289,0.2288,0.2287,0.2286,0.2285,0.2284,0.2283,0.2282,0.2281,0.228,0.229,0.2291,0.2292,0.2293,0.2294,0.2295,0.2296,0.2297,0.2298,0.2299,1396.5,26998.4,40971.4,43562.6,52910.6,76328.4,30051.5,24993.7,26959.9,39190.6,3780.1,14898.7,33987.2,28862.9,26557.7,29179.7,53273.9,26457.3,30679.9,21438.6
332,0.2289,0.2288,0.2287,0.2286,0.2285,0.2284,0.2283,0.2282,0.2281,0.228,0.229,0.2291,0.2292,0.2293,0.2294,0.2295,0.2296,0.2297,0.2298,0.2299,1651.9,23548.3,50134.5,71232,40974.9,28795.5,33068.2,34820.1,26779.4,32372,4145.8,18055.9,18318.9,29867.8,31199.8,31602.8,60095.5,33278.9,24020.8,21438.6
333,0.2287,0.2286,0.2285,0.2284,0.2283,0.2282,0.2281,0.228,0.2279,0.2278,0.2288,0.2289,0.229,0.2291,0.2292,0.2293,0.2294,0.2295,0.2296,0.2297,1504.3,20767.2,39478.6,42997.7,53468,74856.5,28783.9,36618.9,40859,28952.3,4331.1,24640.1,42946.4,29023.6,33298.8,58517.3,28984.1,20258.4,28196.5,30532.4
334,0.2285,0.2284,0.2283,0.2282,0.2281,0.228,0.2279,0.2278,0.2277,0.2276,0.2286,0.2287,0.2288,0.2289,0.229,0.2291,0.2292,0.2293,0.2294,0.2295,1633.8,21885.6,38015.3,47485.1,83787.2,36590,32070.4,42459.5,42196.2,48981.5,4718.2,19760.5,20645.1,38898,33975.2,28958.1,35354.7,56252.2,20433.2,20074.8
335,0.2284,0.2283,0.2282,0.2281,0.228,0.2279,0.2278,0.2277,0.2276,0.2275,0.2285,0.2286,0.2287,0.2288,0.2289,0.229,0.2291,0.2292,0.2293,0.2294,3182.7,19990.2,41713.1,54078,88560.3,30042.2,46264.5,39876,43232.3,37667.5,3794.3,23727.8,44536.2,31510.4,59832.9,36928.8,29213.6,30420.6,20229.2,20544.7
336,0.2284,0.2283,0.2282,0.2281,0.228,0.2279,0.2278,0.2277,0.2276,0.2275,0.2285,0.2286,0.2287,0.2288,0.2289,0.229,0.2291,0.2292,0.2293,0.2294,6933.2,24873.4,42216.8,58796.5,96410.6,30706.7,31809.2,51446.7,42851.1,37667.5,4503.3,10542.1,22707.2,36542.3,33696.2,37259.3,56656.8,22891.8,20045.4,27092.1
