timestamp,bid_price_0,bid_price_1,bid_price_2,bid_price_3,bid_price_4,bid_price_5,bid_price_6,bid_price_7,bid_price_8,bid_price_9,ask_price_0,ask_price_1,ask_price_2,ask_price_3,ask_price_4,ask_price_5,ask_price_6,ask_price_7,ask_price_8,ask_price_9,bid_size_0,bid_size_1,bid_size_2,bid_size_3,bid_size_4,bid_size_5,bid_size_6,bid_size_7,bid_size_8,bid_size_9,ask_size_0,ask_size_1,ask_size_2,ask_size_3,ask_size_4,ask_size_5,ask_size_6,ask_size_7,ask_size_8,ask_size_9
0,0.00381,0.0038,0.00379,0.00378,0.00377,0.00376,0.00375,0.00374,0.00373,0.00372,0.00382,0.00383,0.00384,0.00385,0.00386,0.00387,0.00388,0.00389,0.0039,0.00391,152263.1,1769880.4,2722611.2,1212148.6,1151002.2,1042759.3,610475.7,303152.2,605199.9,565999.2,1062545.2,2860222.9,710551.9,737786.9,657568.5,391421.2,372496.2,591252.2,879150,741313.7
1,0.0038,0.00379,0.00378,0.00377,0.00376,0.00375,0.00374,0.00373,0.00372,0.00371,0.00381,0.00382,0.00383,0.00384,0.00385,0.00386,0.00387,0.00388,0.00389,0.0039,726848.3,3252039.5,2227134.9,1198083.5,1013252.6,595377.7,303152.2,650122.8,565999.2,580514.1,233118.3,1450865.4,2755646.8,905325.1,541502.7,658150.2,333934.1,372496.2,548177,879150
2,0.0038,0.00379,0.00378,0.00377,0.00376,0.00375,0.00374,0.00373,0.00372,0.00371,0.00381,0.00382,0.00383,0.00384,0.00385,0.00386,0.00387,0.00388,0.00389,0.0039,967268.7,2718746,2473196.2,1198083.5,1023824.5,584777.6,347955,605199.9,565999.2,580514.1,128105.2,1450865.4,2344667.1,649871.5,530391.6,658150.2,290636.3,338848.8,644655,879150
3,0.0038,0.00379,0.00378,0.00377,0.00376,0.00375,0.00374,0.00373,0.00372,0.00371,0.00381,0.00382,0.00383,0.00384,0.00385,0.00386,0.00387,0.00388,0.00389,0.0039,967268.7,2484167.6,2152260.8,1198086.1,1013252.6,595377.7,347955,605199.9,565999.2,580514.1,157468.1,1450865.4,2286497.1,649871.5,530391.6,658150.2,290636.3,415682.4,567821.4,879150
4,0.0038,0.00379,0.00378,0.00377,0.00376,0.00375,0.00374,0.00373,0.00372,0.00371,0.00381,0.00382,0.00383,0.00384,0.00385,0.00386,0.00387,0.00388,0.00389,0.0039,911025.4,2657302.1,2158929.8,1198094.4,998194.8,610475.7,347955,605199.9,565999.2,580514.1,95318.7,1450957.3,2286526.1,649871.5,530391.6,658150.2,290636.3,415682.4,567821.4,879150
5,0.0038,0.00379,0.00378,0.00377,0.00376,0.00375,0.00374,0.00373,0.00372,0.00371,0.00382,0.00383,0.00384,0.00385,0.00386,0.00387,0.00388,0.00389,0.0039,0.00391,1157155.3,2223809.6,2579554.3,1198094.4,998194.8,610475.7,347955,605199.9,565999.2,580514.1,1503972.9,2655289.1,646554.8,685243.8,658150.2,390891.2,415682.4,559288.1,879150,353318.7
6,0.00381,0.0038,0.00379,0.00378,0.00377,0.00376,0.00375,0.00374,0.00373,0.00372,0.00382,0.00383,0.00384,0.00385,0.00386,0.00387,0.00388,0.00389,0.0039,0.00391,152263.1,1123244.4,2291724,2474329.7,1198094.4,998194.8,610475.7,303152.2,650122.8,565999.2,624714.4,2764811.1,690378.8,685243.8,658150.2,390891.2,415682.4,559288.1,879150,741313.7
7,0.00381,0.0038,0.00379,0.00378,0.00377,0.00376,0.00375,0.00374,0.00373,0.00372,0.00382,0.00383,0.00384,0.00385,0.00386,0.00387,0.00388,0.00389,0.0039,0.00391,533713.5,1527240.2,2530658.3,2206741,1198094.4,1212194.8,396475.7,258349.4,695045.7,565999.2,787711.3,3024068,690186.3,685243.8,658150.2,390891.2,372496.2,602363.3,879150,353318.7
8,0.0038,0.00379,0.00378,0.00377,0.00376,0.00375,0.00374,0.00373,0.00372,0.00371,0.00381,0.00382,0.00383,0.00384,0.00385,0.00386,0.00387,0.00388,0.00389,0.0039,638185.1,2430149.7,2670833.7,1395476.1,1212194.8,385875.6,224175,695045.7,611042.9,580514.1,1194817.7,2327763.1,2132394,641867.3,530391.6,658150.2,434189,372496.2,563975.6,879150
9,0.0038,0.00379,0.00378,0.00377,0.00376,0.00375,0.00374,0.00373,0.00372,0.00371,0.00381,0.00382,0.00383,0.00384,0.00385,0.00386,0.00387,0.00388,0.00389,0.0039,226370.1,1545609.5,3070583.4,1601153.2,1006181.6,422682.9,482977.8,695045.7,611042.9,580514.1,1194817.7,2023098.6,1448925.4,641867.3,530391.6,701560.2,390891.2,372496.2,563975.6,1267145
10,0.00379,0.00378,0.00377,0.00376,0.00375,0.00374,0.00373,0.00372,0.00371,0.0037,0.0038,0.00381,0.00382,0.00383,0.00384,0.00385,0.00386,0.00387,0.00388,0.00389,1581548,2970594.1,1683666.8,1166201.5,520982.2,619255.4,695045.7,611042.9,580514.1,470388.8,154952.2,1604921.1,2106841.4,1469300.3,478490.8,653751.2,459514.2,290636.3,630678.2,563975.6
11,0.00379,0.00378,0.00377,0.00376,0.00375,0.00374,0.00373,0.00372,0.00371,0.0037,0.0038,0.00381,0.00382,0.00383,0.00384,0.00385,0.00386,0.00387,0.00388,0.00389,1589795.9,2606829.3,2039377.2,1166201.5,536080.2,604117,695045.7,611042.9,580514.1,470388.8,150593.9,1609264.4,2106841.4,1425941.3,478490.8,653751.2,459514.2,290636.3,635365.7,682443.6
12,0.00379,0.00378,0.00377,0.00376,0.00375,0.00374,0.00373,0.00372,0.00371,0.0037,0.0038,0.00381,0.00382,0.00383,0.00384,0.00385,0.00386,0.00387,0.00388,0.00389,1852945.5,2926660.4,1716168.7,1166201.5,520982.2,619255.4,695045.7,611042.9,580514.1,470388.8,153185.6,1604921.1,2306841.4,1240451.3,478490.8,653751.2,459514.2,290636.3,635365.7,559288.1
13,0.00379,0.00378,0.00377,0.00376,0.00375,0.00374,0.00373,0.00372,0.00371,0.0037,0.0038,0.00381,0.00382,0.00383,0.00384,0.00385,0.00386,0.00387,0.00388,0.00389,1870662.7,3776637.2,1701699.9,1166201.5,520982.2,619255.4,695045.7,611042.9,580514.1,470388.8,115637.4,1655105.1,2306841.4,1240451.3,478490.8,653751.2,459514.2,290636.3,635365.7,559288.1
14,0.0038,0.00379,0.00378,0.00377,0.00376,0.00375,0.00374,0.00373,0.00372,0.00371,0.00381,0.00382,0.00383,0.00384,0.00385,0.00386,0.00387,0.00388,0.00389,0.0039,1322542,2529896.9,2723231.6,1203163,1006181.6,546680.3,472349.4,695045.7,611042.9,580514.1,981393.1,2621192.8,1453274.3,673635.5,610228.5,459514.2,333934.1,635365.7,559288.1,1267145
15,0.0038,0.00379,0.00378,0.00377,0.00376,0.00375,0.00374,0.00373,0.00372,0.00371,0.00381,0.00382,0.00383,0.00384,0.00385,0.00386,0.00387,0.00388,0.00389,0.0039,152528.8,2268619.6,2748495.3,1419858.6,916944.6,760680.3,392757.8,605199.9,565999.2,580514.1,1137702.3,2862616.9,1434269.2,673635.5,610228.5,459514.2,333934.1,635365.7,559288.1,1267145
16,0.0038,0.00379,0.00378,0.00377,0.00376,0.00375,0.00374,0.00373,0.00372,0.00371,0.00381,0.00382,0.00383,0.00384,0.00385,0.00386,0.00387,0.00388,0.00389,0.0039,47250,2087124.8,3307777.9,1693566.6,916944.6,894730.5,258349.4,605199.9,565999.2,580514.1,1316267.1,2862616.9,1434269.2,673635.5,610228.5,459514.2,333934.1,558532.1,636121.7,1002305.5
17,0.0038,0.00379,0.00378,0.00377,0.00376,0.00375,0.00374,0.00373,0.00372,0.00371,0.00381,0.00382,0.00383,0.00384,0.00385,0.00386,0.00387,0.00388,0.00389,0.0039,1177050.7,3594109.9,2358052.2,1222476.9,400468.4,766235.2,258349.4,605199.9,565999.2,580514.1,59444.1,1470609.2,2577582.5,740688.5,530391.6,642660.4,333934.1,553844.6,636121.7,1002305.5
18,0.0038,0.00379,0.00378,0.00377,0.00376,0.00375,0.00374,0.00373,0.00372,0.00371,0.00381,0.00382,0.00383,0.00384,0.00385,0.00386,0.00387,0.00388,0.00389,0.0039,1397966.9,3125213.2,1939268.8,1222476.9,489597.4,766235.2,213546.6,560277,565999.2,580514.1,47250,1681733.5,2402970,740688.5,530391.6,642660.4,290636.3,630678.2,559288.1,922114.8
19,0.00381,0.0038,0.00379,0.00378,0.00377,0.00376,0.00375,0.00374,0.00373,0.00372,0.00382,0.00383,0.00384,0.00385,0.00386,0.00387,0.00388,0.00389,0.0039,0.00391,257393.9,1850291.9,2954485,1805259.5,1222476.9,524628,470744.5,258349.4,560277,565999.2,672626.5,3114653.6,784535.7,726658.3,642660.4,390977.7,553844.6,679196.9,879150,741313.7
20,0.00381,0.0038,0.00379,0.00378,0.00377,0.00376,0.00375,0.00374,0.00373,0.00372,0.00382,0.00383,0.00384,0.00385,0.00386,0.00387,0.00388,0.00389,0.0039,0.00391,1167786.6,1845861.6,2514118.7,1735564.7,698961.1,749199.9,504827.8,213546.6,560277,565999.2,609381.7,3044567.4,1309103.4,726658.3,642660.4,390977.7,558532.1,679196.9,879150,741313.7
21,0.00382,0.00381,0.0038,0.00379,0.00378,0.00377,0.00376,0.00375,0.00374,0.00373,0.00383,0.00384,0.00385,0.00386,0.00387,0.00388,0.00389,0.0039,0.00391,0.00392,106118.1,1370350.8,3183514.4,2058651.1,880262.6,689876.9,675962.8,470744.5,480602.7,560277,1177457.4,3194724.4,713242.3,762878.9,590390.2,400314.4,679196.9,879150,741313.7,776605.8
22,0.00382,0.00381,0.0038,0.00379,0.00378,0.00377,0.00376,0.00375,0.00374,0.00373,0.00383,0.00384,0.00385,0.00386,0.00387,0.00388,0.00389,0.0039,0.00391,0.00392,295953.2,1764538.7,2564854.4,1782744.4,969035.8,725736.1,606939.6,415461,480602.7,560277,1177445,2405090.8,770905.4,762878.9,590390.2,400314.4,636121.7,879150,396173.6,1164600.8
23,0.00382,0.00381,0.0038,0.00379,0.00378,0.00377,0.00376,0.00375,0.00374,0.00373,0.00383,0.00384,0.00385,0.00386,0.00387,0.00388,0.00389,0.0039,0.00391,0.00392,253253.2,1644310.5,2620925.6,1792695.4,969035.8,770182.4,606939.6,370777.6,480602.7,560277,1177345.6,3169045,775888.7,762878.9,590390.2,395626.9,636121.7,879150,396173.6,1164600.8
24,0.00382,0.00381,0.0038,0.00379,0.00378,0.00377,0.00376,0.00375,0.00374,0.00373,0.00383,0.00384,0.00385,0.00386,0.00387,0.00388,0.00389,0.0039,0.00391,0.00392,1294184.8,3148482.5,2052275.6,1712993.8,340327.2,727130,322745.4,637123.4,480602.7,560277,47250,1867435.8,2914261.8,767596.3,509694.7,587808.9,401972.1,955983.6,396173.6,480382.9
25,0.00382,0.00381,0.0038,0.00379,0.00378,0.00377,0.00376,0.00375,0.00374,0.00373,0.00384,0.00385,0.00386,0.00387,0.00388,0.00389,0.0039,0.00391,0.00392,0.00393,2015254.1,3264657.1,1630100.9,1712993.8,473313.3,682683.7,278180.9,486580.2,480602.7,560277,1921363.5,3062450.7,806469.4,509694.7,587808.9,401972.1,955983.6,396173.6,480382.9,1197054.8
26,0.00383,0.00382,0.00381,0.0038,0.00379,0.00378,0.00377,0.00376,0.00375,0.00374,0.00384,0.00385,0.00386,0.00387,0.00388,0.00389,0.0039,0.00391,0.00392,0.00393,131704.2,2101402.3,2679026.5,1448919.3,1712993.8,509311.4,646708.4,278180.9,486580.2,480602.7,1042284.3,3192140.8,701145.9,509694.7,587808.9,483493.2,879150,353318.7,357227.4,1362847.1
27,0.00382,0.00381,0.0038,0.00379,0.00378,0.00377,0.00376,0.00375,0.00374,0.00373,0.00383,0.00384,0.00385,0.00386,0.00387,0.00388,0.00389,0.0039,0.00391,0.00392,2316803.1,2969627.7,2013180.9,1712993.8,509311.4,591717.4,333318.2,486580.2,480602.7,560277,153006.9,1720320.4,3142595.7,801835.7,509694.7,587808.9,483493.2,879150,353318.7,399973
28,0.00382,0.00381,0.0038,0.00379,0.00378,0.00377,0.00376,0.00375,0.00374,0.00373,0.00383,0.00384,0.00385,0.00386,0.00387,0.00388,0.00389,0.0039,0.00391,0.00392,1062049.2,2119983.1,2519575,1784327.6,420654,621144.2,348377.6,531263.6,480602.7,560277,1186531.8,2411580.8,2281399.4,801835.7,509694.7,587808.9,483493.2,879150,353318.7,399973
29,0.00382,0.00381,0.0038,0.00379,0.00378,0.00377,0.00376,0.00375,0.00374,0.00373,0.00383,0.00384,0.00385,0.00386,0.00387,0.00388,0.00389,0.0039,0.00391,0.00392,1031375.6,1959781,2404396.2,1695788.6,509427.2,557815.8,367309.9,575947,480602.7,560277,853474,1765680.8,2490574.5,801835.7,509694.7,587808.9,415192.9,955983.6,353318.7,523128.5
30,0.00382,0.00381,0.0038,0.00379,0.00378,0.00377,0.00376,0.00375,0.00374,0.00373,0.00383,0.00384,0.00385,0.00386,0.00387,0.00388,0.00389,0.0039,0.00391,0.00392,1026948.7,2263087.2,2002372.8,1829797.9,509427.2,557815.8,367309.9,575947,480602.7,560277,1163792.6,2356526.8,1776771.6,801835.7,509694.7,587808.9,415192.9,955983.6,396173.6,480382.9
31,0.00382,0.00381,0.0038,0.00379,0.00378,0.00377,0.00376,0.00375,0.00374,0.00373,0.00383,0.00384,0.00385,0.00386,0.00387,0.00388,0.00389,0.0039,0.00391,0.00392,503752.4,3007169.4,2719397.5,1128675.5,429100.4,626800.4,377882.7,575947,480602.7,560277,1186814.5,2357680.8,1777730.6,801835.7,509694.7,587808.9,492026.5,879150,396173.6,745222.4
32,0.00382,0.00381,0.0038,0.00379,0.00378,0.00377,0.00376,0.00375,0.00374,0.00373,0.00383,0.00384,0.00385,0.00386,0.00387,0.00388,0.00389,0.0039,0.00391,0.00392,1026948.7,2334204.5,2783523.1,1195882.3,429100.4,626800.4,288753.7,665313.8,480602.7,560277,1186715.6,2387039,1777684.7,801835.7,509694.7,582782.6,467694.6,879150,396173.6,745222.4
33,0.00381,0.0038,0.00379,0.00378,0.00377,0.00376,0.00375,0.00374,0.00373,0.00372,0.00382,0.00383,0.00384,0.00385,0.00386,0.00387,0.00388,0.00389,0.0039,0.00391,2288832.7,2784839.1,1302809.1,837938.9,733212.9,333318.2,575947,525405.5,560277,297468.7,162887.4,1787088.5,2936396.6,1382995.2,657551.4,509694.7,471028.9,367469.9,922114.8,353318.7
34,0.00381,0.0038,0.00379,0.00378,0.00377,0.00376,0.00375,0.00374,0.00373,0.00372,0.00382,0.00383,0.00384,0.00385,0.00386,0.00387,0.00388,0.00389,0.0039,0.00391,2012422.9,2837472.7,1315586.9,762863.1,504193.4,562377.6,620630.4,480602.7,560277,297468.7,269267.3,1697249.3,2304126.3,1301288.1,657551.4,590763.2,390600.6,410545.1,879150,353318.7
35,0.00381,0.0038,0.00379,0.00378,0.00377,0.00376,0.00375,0.00374,0.00373,0.00372,0.00382,0.00383,0.00384,0.00385,0.00386,0.00387,0.00388,0.00389,0.0039,0.00391,1702373.2,3859162.6,1312516.2,762863.1,504193.4,517813.1,665313.8,480602.7,560277,297468.7,164565.1,1697249.3,2586337,1234235.1,605742.7,590763.2,390600.6,431370,879150,353318.7
36,0.00381,0.0038,0.00379,0.00378,0.00377,0.00376,0.00375,0.00374,0.00373,0.00372,0.00382,0.00383,0.00384,0.00385,0.00386,0.00387,0.00388,0.00389,0.0039,0.00391,1702373.2,3859256.6,1312516.2,762863.1,504193.4,517813.1,665313.8,480602.7,560277,297468.7,164565.1,1697334.8,2588246,1234235.1,605742.7,590763.2,390600.6,431370,879150,353318.7
37,0.00381,0.0038,0.00379,0.00378,0.00377,0.00376,0.00375,0.00374,0.00373,0.00372,0.00382,0.00383,0.00384,0.00385,0.00386,0.00387,0.00388,0.00389,0.0039,0.00391,1807375.7,3629674.7,1673539.4,762863.1,504193.4,517813.1,665313.8,480602.7,560277,297468.7,164565.1,1697334.8,2588269,1234235.1,605742.7,590763.2,433786.8,388294.8,879150,353318.7
38,0.00381,0.0038,0.00379,0.00378,0.00377,0.00376,0.00375,0.00374,0.00373,0.00372,0.00382,0.00383,0.00384,0.00385,0.00386,0.00387,0.00388,0.00389,0.0039,0.00391,1047774.6,2293758.7,2672195.7,967114.3,459747.1,562377.6,354284.6,525405.5,560277,297468.7,997199.3,2400075.4,2090940.2,1234235.1,605742.7,472046.2,433786.8,388294.8,879150,353318.7
39,0.00381,0.0038,0.00379,0.00378,0.00377,0.00376,0.00375,0.00374,0.00373,0.00372,0.00382,0.00383,0.00384,0.00385,0.00386,0.00387,0.00388,0.00389,0.0039,0.00391,1047774.6,2293758.7,2736761,967972.6,459747.1,562377.6,264917.8,615011.1,560277,297468.7,1060414.6,2866642,1373431.2,1234235.1,605742.7,472046.2,433786.8,388294.8,879150,353318.7
40,0.0038,0.00379,0.00378,0.00377,0.00376,0.00375,0.00374,0.00373,0.00372,0.00371,0.00381,0.00382,0.00383,0.00384,0.00385,0.00386,0.00387,0.00388,0.00389,0.0039,2118981,3840243.4,897606.6,858383.6,523955.6,590135.6,615011.1,560277,297468.7,580514.1,162887.4,1551567,2252302.8,1483341.4,1040171.9,605742.7,515344,390600.6,645772,879150
41,0.0038,0.00379,0.00378,0.00377,0.00376,0.00375,0.00374,0.00373,0.00372,0.00371,0.00381,0.00382,0.00383,0.00384,0.00385,0.00386,0.00387,0.00388,0.00389,0.0039,1587024.1,3416122.9,1206455.6,795837.4,464331.7,649918.6,570208.3,605199.9,297468.7,580514.1,167255.7,1660716.8,2440694.8,1434165.5,1040171.9,730278.6,390977.7,467434.2,564250.9,879150
42,0.0038,0.00379,0.00378,0.00377,0.00376,0.00375,0.00374,0.00373,0.00372,0.00371,0.00381,0.00382,0.00383,0.00384,0.00385,0.00386,0.00387,0.00388,0.00389,0.0039,953521.5,2281528.4,1744334.8,865364.5,383277,615196,224175.9,695045.7,297468.7,580514.1,1063542.5,1643120.9,2090814.9,1232887.5,1040171.9,628561.5,390977.7,367469.9,564250.9,879150
43,0.0038,0.00379,0.00378,0.00377,0.00376,0.00375,0.00374,0.00373,0.00372,0.00371,0.00381,0.00382,0.00383,0.00384,0.00385,0.00386,0.00387,0.00388,0.00389,0.0039,47250,1972067.5,3380815.5,653174.2,472537.4,773371.1,580322.3,650122.8,342512.4,580514.1,1109295.9,2220500,2040067.6,1212994.3,1083694.6,571735.5,390977.7,367469.9,564250.9,1002305.5
44,0.0038,0.00379,0.00378,0.00377,0.00376,0.00375,0.00374,0.00373,0.00372,0.00371,0.00381,0.00382,0.00383,0.00384,0.00385,0.00386,0.00387,0.00388,0.00389,0.0039,47250,2414077.1,2912314.4,604355,472537.4,728687.7,580322.3,695045.7,297468.7,625679.2,1117829.2,1603286.3,2611755.2,1199773.6,1083694.6,571735.5,390977.7,367469.9,548113.5,1002305.5
45,0.00379,0.00378,0.00377,0.00376,0.00375,0.00374,0.00373,0.00372,0.00371,0.0037,0.0038,0.00381,0.00382,0.00383,0.00384,0.00385,0.00386,0.00387,0.00388,0.00389,1219372.8,3054636.2,1230858.9,670703.1,728687.7,580322.3,695045.7,342512.4,580514.1,470388.8,51671,1596455.9,2299017.6,1755173,894706.2,1083694.6,571735.5,390977.7,625624.1,548113.5
46,0.00379,0.00378,0.00377,0.00376,0.00375,0.00374,0.00373,0.00372,0.00371,0.0037,0.0038,0.00381,0.00382,0.00383,0.00384,0.00385,0.00386,0.00387,0.00388,0.00389,1635279.3,3028933.4,1210393,670703.1,728687.7,580322.3,695045.7,342512.4,580514.1,470388.8,49943,1661116.7,2481635.7,1122111.4,894706.2,1164725.8,490609.6,390977.7,625624.1,548113.5
47,0.00379,0.00378,0.00377,0.00376,0.00375,0.00374,0.00373,0.00372,0.00371,0.0037,0.0038,0.00381,0.00382,0.00383,0.00384,0.00385,0.00386,0.00387,0.00388,0.00389,1635279.3,2608002.1,1261919,670703.1,718086.8,590951.6,650122.8,387556.1,580514.1,470388.8,49943,1706936.3,2459688.7,1122111.4,894706.2,1164725.8,490609.6,390977.7,625624.1,671269
48,0.00379,0.00378,0.00377,0.00376,0.00375,0.00374,0.00373,0.00372,0.00371,0.0037,0.0038,0.00381,0.00382,0.00383,0.00384,0.00385,0.00386,0.00387,0.00388,0.00389,1572639.7,2310484,1036728.5,472537.4,762770.2,546148.8,650122.8,342512.4,625679.2,470388.8,51613.5,1023874,2160180.2,1089229.3,894706.2,1164725.8,490609.6,390977.7,625624.1,671269
49,0.00379,0.00378,0.00377,0.00376,0.00375,0.00374,0.00373,0.00372,0.00371,0.0037,0.0038,0.00381,0.00382,0.00383,0.00384,0.00385,0.00386,0.00387,0.00388,0.00389,1154186.9,2288842.6,988048.9,477931.6,702987.2,606091.5,695045.7,342512.4,580514.1,470388.8,14423.3,1011881,1754544.2,939229.3,894706.2,1164725.8,490609.6,467811.3,548790.5,548113.5
50,0.00379,0.00378,0.00377,0.00376,0.00375,0.00374,0.00373,0.00372,0.00371,0.0037,0.0038,0.00381,0.00382,0.00383,0.00384,0.00385,0.00386,0.00387,0.00388,0.00389,835356.4,2728200.1,1101988.1,481056.6,702987.2,606091.5,650122.8,387556.1,580514.1,470388.8,30025.3,1208653.4,1944505.7,934541.8,894706.2,1164725.8,490609.6,467811.3,548790.5,548113.5
51,0.00379,0.00378,0.00377,0.00376,0.00375,0.00374,0.00373,0.00372,0.00371,0.0037,0.0038,0.00381,0.00382,0.00383,0.00384,0.00385,0.00386,0.00387,0.00388,0.00389,835458.3,2879935.2,765560.2,481056.6,702987.2,606091.9,650122.8,387556.1,580514.1,470388.8,30025.3,1393987.4,1876985.7,934541.8,894706.2,1164725.8,490609.6,467811.3,548790.5,548113.5
52,0.00379,0.00378,0.00377,0.00376,0.00375,0.00374,0.00373,0.00372,0.00371,0.0037,0.0038,0.00381,0.00382,0.00383,0.00384,0.00385,0.00386,0.00387,0.00388,0.00389,1213441.1,2757767.9,1084193.7,481056.6,718087.4,590952,650122.8,387556.1,580514.1,470388.8,30097.2,1574929.2,1691683.7,934541.8,894706.2,1164725.8,490609.6,390977.7,625624.1,671269
53,0.00379,0.00378,0.00377,0.00376,0.00375,0.00374,0.00373,0.00372,0.00371,0.0037,0.0038,0.00381,0.00382,0.00383,0.00384,0.00385,0.00386,0.00387,0.00388,0.00389,1152330.6,2560255,1084193.7,472537.4,718087.4,590952,650122.8,387556.1,580514.1,470388.8,30097.2,1529241.5,1691683.7,934541.8,894706.2,1164725.8,490609.6,390977.7,625624.1,671269
54,0.00379,0.00378,0.00377,0.00376,0.00375,0.00374,0.00373,0.00372,0.00371,0.0037,0.0038,0.00381,0.00382,0.00383,0.00384,0.00385,0.00386,0.00387,0.00388,0.00389,833434.9,2735486.9,1072297.9,383277,792485.7,606092.6,650122.8,387556.1,580514.1,470388.8,30097.2,1575529.2,1701676.7,934541.8,894706.2,1164725.8,490609.6,390977.7,625624.1,671269
55,0.00379,0.00378,0.00377,0.00376,0.00375,0.00374,0.00373,0.00372,0.00371,0.0037,0.0038,0.00381,0.00382,0.00383,0.00384,0.00385,0.00386,0.00387,0.00388,0.00389,833492.5,1808623.1,1120741.2,390992,792485.7,606092.6,650122.8,387556.1,580514.1,470388.8,30097.2,1580096.1,1701676.7,934541.8,894706.2,1164725.8,490609.6,467811.3,548790.5,671269
56,0.00379,0.00378,0.00377,0.00376,0.00375,0.00374,0.00373,0.00372,0.00371,0.0037,0.0038,0.00381,0.00382,0.00383,0.00384,0.00385,0.00386,0.00387,0.00388,0.00389,1803160.3,2197419.5,1102805.8,390992,792485.7,606093.2,650122.8,387556.1,580514.1,470388.8,14495.2,1567614.6,1701676.7,934541.8,894706.2,1164725.8,490609.6,390977.7,625624.1,671269
57,0.00378,0.00377,0.00376,0.00375,0.00374,0.00373,0.00372,0.00371,0.0037,0.00369,0.00379,0.0038,0.00381,0.00382,0.00383,0.00384,0.00385,0.00386,0.00387,0.00388,1881006.4,2610615.7,790498.4,717049.2,513341.3,734010.7,342512.4,670844.3,470388.8,709564.3,60501,974194.1,1793716.5,1114254.4,855196.7,917629,492086.5,459514.2,626315.5,548790.5
58,0.00378,0.00377,0.00376,0.00375,0.00374,0.00373,0.00372,0.00371,0.0037,0.00369,0.00379,0.0038,0.00381,0.00382,0.00383,0.00384,0.00385,0.00386,0.00387,0.00388,1863444.5,2437011,766443.1,710510,513341.3,734010.7,342512.4,670844.3,470388.8,709564.3,60501,974170.3,1745051.8,1114254.4,855196.7,999142.7,411055.3,459514.2,626315.5,548790.5
59,0.00378,0.00377,0.00376,0.00375,0.00374,0.00373,0.00372,0.00371,0.0037,0.00369,0.00379,0.0038,0.00381,0.00382,0.00383,0.00384,0.00385,0.00386,0.00387,0.00388,810612.5,2290976.1,2299409,722030.7,514861.7,734010.7,342512.4,670844.3,470388.8,709564.3,233327.2,1621000.6,1776123.8,908312.5,887835.6,955506.6,411055.3,359264.2,626315.5,671946
60,0.00378,0.00377,0.00376,0.00375,0.00374,0.00373,0.00372,0.00371,0.0037,0.00369,0.00379,0.0038,0.00381,0.00382,0.00383,0.00384,0.00385,0.00386,0.00387,0.00388,1189980.9,2119611.1,1953896.8,632532.2,604599.5,684549.8,342512.4,716009.4,470388.8,709564.3,67267.9,1060336.8,2039273.7,908312.5,887835.6,955506.6,411055.3,359264.2,626315.5,671946
61,0.00378,0.00377,0.00376,0.00375,0.00374,0.00373,0.00372,0.00371,0.0037,0.00369,0.00379,0.0038,0.00381,0.00382,0.00383,0.00384,0.00385,0.00386,0.00387,0.00388,1209354,2871737.1,1968461.1,632532.2,604599.5,684550.8,342512.4,716009.4,470388.8,709564.3,67267.9,1060336.8,2039273.7,920604.6,844085.6,999142.7,411055.3,359264.2,626315.5,671946
62,0.00378,0.00377,0.00376,0.00375,0.00374,0.00373,0.00372,0.00371,0.0037,0.00369,0.00379,0.0038,0.00381,0.00382,0.00383,0.00384,0.00385,0.00386,0.00387,0.00388,1948972.4,1768452,2142142.2,722030.7,528482.9,669368.8,346311.8,716009.4,470388.8,709564.3,67267.9,1060336.8,1982682.7,920604.6,844085.6,999142.7,411055.3,359264.2,626315.5,671946
63,0.00378,0.00377,0.00376,0.00375,0.00374,0.00373,0.00372,0.00371,0.0037,0.00369,0.00379,0.0038,0.00381,0.00382,0.00383,0.00384,0.00385,0.00386,0.00387,0.00388,1885879.2,1222274.8,2315971.7,722030.7,528482.9,669368.8,391355.5,670844.3,470388.8,709564.3,67267.9,1060326.7,1927389.7,920604.6,844085.6,999142.7,411055.3,359264.2,626315.5,671946
64,0.00378,0.00377,0.00376,0.00375,0.00374,0.00373,0.00372,0.00371,0.0037,0.00369,0.00379,0.0038,0.00381,0.00382,0.00383,0.00384,0.00385,0.00386,0.00387,0.00388,1885879.2,1652840.9,2246688.8,722030.7,513341.3,684551.1,391355.5,625679.2,515676,709564.3,67267.9,1060326.7,1741348.7,920604.6,844085.6,999142.7,411055.3,359264.2,626315.5,671946
65,0.00378,0.00377,0.00376,0.00375,0.00374,0.00373,0.00372,0.00371,0.0037,0.00369,0.00379,0.0038,0.00381,0.00382,0.00383,0.00384,0.00385,0.00386,0.00387,0.00388,2129357.2,1930618.8,1965638.9,632532.2,603079.1,425628.2,342512.4,625679.2,606250.4,709564.3,51614.9,1060326.7,1741348.7,920604.6,844085.6,999142.7,411055.3,359264.2,626315.5,671946
66,0.00378,0.00377,0.00376,0.00375,0.00374,0.00373,0.00372,0.00371,0.0037,0.00369,0.00379,0.0038,0.00381,0.00382,0.00383,0.00384,0.00385,0.00386,0.00387,0.00388,753626.5,2182831.6,2080744.1,700791.2,522762.6,721294.8,342512.4,625679.2,606250.4,709564.3,767667.2,1041401.1,1697524.3,920604.6,887835.6,430938.9,411055.3,436097.8,549481.9,936785.5
67,0.00378,0.00377,0.00376,0.00375,0.00374,0.00373,0.00372,0.00371,0.0037,0.00369,0.00379,0.0038,0.00381,0.00382,0.00383,0.00384,0.00385,0.00386,0.00387,0.00388,1138488.1,2825271.8,1658083,700791.2,522762.6,721294.8,477643.5,625679.2,470388.8,709564.3,930766,1747806.1,1133785.1,920604.6,844085.6,474575,411055.3,436097.8,549481.9,936785.5
68,0.00378,0.00377,0.00376,0.00375,0.00374,0.00373,0.00372,0.00371,0.0037,0.00369,0.00379,0.0038,0.00381,0.00382,0.00383,0.00384,0.00385,0.00386,0.00387,0.00388,2517520.1,3371396.1,1132743.9,723333.1,433024.8,761640.4,432599.8,625679.2,470388.8,709564.3,51614.9,1218993.5,1939241.7,910890.7,844085.6,474575,411055.3,359264.2,626315.5,671946
69,0.00378,0.00377,0.00376,0.00375,0.00374,0.00373,0.00372,0.00371,0.0037,0.00369,0.00379,0.0038,0.00381,0.00382,0.00383,0.00384,0.00385,0.00386,0.00387,0.00388,2468273.1,3078664.5,1132283.5,723333.1,537772.1,791381,342512.4,580514.1,470388.8,709564.3,51614.9,1218993.5,1939241.7,910890.7,844085.6,474575,411055.3,359264.2,626315.5,671946
70,0.00378,0.00377,0.00376,0.00375,0.00374,0.00373,0.00372,0.00371,0.0037,0.00369,0.00379,0.0038,0.00381,0.00382,0.00383,0.00384,0.00385,0.00386,0.00387,0.00388,2501319.6,2904496.9,1434074.2,723333.1,582574.9,746458.1,342512.4,580514.1,470388.8,709564.3,51614.9,1218993.5,1939241.7,910890.7,844085.6,474575,411055.3,359264.2,626315.5,671946
71,0.00378,0.00377,0.00376,0.00375,0.00374,0.00373,0.00372,0.00371,0.0037,0.00369,0.00379,0.0038,0.00381,0.00382,0.00383,0.00384,0.00385,0.00386,0.00387,0.00388,2468273.1,3212876,1124749.7,723333.1,567433.2,761640.4,342512.4,580514.1,470388.8,709564.3,49607.8,1215733.7,1850269.7,899779.6,844085.6,474575,411055.3,436097.8,560593,548790.5
72,0.00378,0.00377,0.00376,0.00375,0.00374,0.00373,0.00372,0.00371,0.0037,0.00369,0.00379,0.0038,0.00381,0.00382,0.00383,0.00384,0.00385,0.00386,0.00387,0.00388,2619759.6,2526851.3,1252925,723333.1,567433.2,761640.4,342512.4,580514.1,470388.8,709564.3,48009.7,1215733.7,1850269.7,899779.6,844085.6,474575,411055.3,436097.8,560593,548790.5
73,0.00379,0.00378,0.00377,0.00376,0.00375,0.00374,0.00373,0.00372,0.00371,0.0037,0.0038,0.00381,0.00382,0.00383,0.00384,0.00385,0.00386,0.00387,0.00388,0.00389,1063857.4,2226705.2,2886694.9,1049088.3,723334.1,522630.4,806563.3,342512.4,580514.1,470388.8,1030604.6,1953813.8,899779.6,844085.6,430938.9,411055.3,479507.8,560593,548790.5,936108.5
74,0.00378,0.00377,0.00376,0.00375,0.00374,0.00373,0.00372,0.00371,0.0037,0.00369,0.00379,0.0038,0.00381,0.00382,0.00383,0.00384,0.00385,0.00386,0.00387,0.00388,2360725.7,2900487.5,878795.7,723334.1,567433.2,761640.4,342512.4,580514.1,470388.8,709564.3,51693.9,1237054.1,1852981.2,899779.6,844085.6,430938.9,454578,436097.8,560593,548790.5
75,0.00378,0.00377,0.00376,0.00375,0.00374,0.00373,0.00372,0.00371,0.0037,0.00369,0.00379,0.0038,0.00381,0.00382,0.00383,0.00384,0.00385,0.00386,0.00387,0.00388,2680374.9,2784887.6,878795.7,723337.2,567433.2,761640.4,342512.4,580514.1,470388.8,709564.3,51693.9,1237035.9,1852981.2,910890.7,844085.6,474575,411055.3,436097.8,549481.9,548790.5
76,0.00378,0.00377,0.00376,0.00375,0.00374,0.00373,0.00372,0.00371,0.0037,0.00369,0.00379,0.0038,0.00381,0.00382,0.00383,0.00384,0.00385,0.00386,0.00387,0.00388,1030940.7,2735731.9,2241377.2,671562.5,657175.1,750981.1,353200.3,580514.1,470388.8,709564.3,196459.4,1903556,1143135,910890.7,844085.6,474575,411055.3,436097.8,549481.9,548790.5
77,0.00378,0.00377,0.00376,0.00375,0.00374,0.00373,0.00372,0.00371,0.0037,0.00369,0.00379,0.0038,0.00381,0.00382,0.00383,0.00384,0.00385,0.00386,0.00387,0.00388,1030940.7,2993420.2,2312837.8,671562.5,567433.2,706058.2,398244,580514.1,470388.8,709564.3,196459.4,1898529.6,1143135,899779.6,844085.6,474575,411055.3,436097.8,549481.9,564927.9
78,0.00378,0.00377,0.00376,0.00375,0.00374,0.00373,0.00372,0.00371,0.0037,0.00369,0.00379,0.0038,0.00381,0.00382,0.00383,0.00384,0.00385,0.00386,0.00387,0.00388,1035362.4,3780958.7,1779682.7,748003.1,567433.2,717072,387556.1,580514.1,470388.8,709564.3,121263.6,1302821.4,1689230,899779.6,844085.6,430938.9,454578,436097.8,549481.9,564927.9
79,0.00378,0.00377,0.00376,0.00375,0.00374,0.00373,0.00372,0.00371,0.0037,0.00369,0.00379,0.0038,0.00381,0.00382,0.00383,0.00384,0.00385,0.00386,0.00387,0.00388,2596691.9,2655859.2,1327956.2,748014.8,477827.6,814746.7,387556.1,580514.1,470388.8,709564.3,28531.2,1198774.1,1839230,899779.6,844085.6,430938.9,454578,436097.8,549481.9,564927.9
80,0.00378,0.00377,0.00376,0.00375,0.00374,0.00373,0.00372,0.00371,0.0037,0.00369,0.00379,0.0038,0.00381,0.00382,0.00383,0.00384,0.00385,0.00386,0.00387,0.00388,2381344.9,2978962.7,1334924.8,748014.8,522630.4,814746.7,342512.4,580514.1,470388.8,709564.3,22212.4,1188371.9,1839230,899779.6,844085.6,430938.9,454578,359264.2,626315.5,564927.9
81,0.00378,0.00377,0.00376,0.00375,0.00374,0.00373,0.00372,0.00371,0.0037,0.00369,0.00379,0.0038,0.00381,0.00382,0.00383,0.00384,0.00385,0.00386,0.00387,0.00388,1146789.1,3038053.7,1649570.7,748025.1,477827.6,859669.6,342512.4,580514.1,470388.8,709564.3,171639.8,1693649.2,1293135,899779.6,844085.6,430938.9,454578,359264.2,626315.5,564927.9
82,0.00378,0.00377,0.00376,0.00375,0.00374,0.00373,0.00372,0.00371,0.0037,0.00369,0.00379,0.0038,0.00381,0.00382,0.00383,0.00384,0.00385,0.00386,0.00387,0.00388,1136776.6,3295746.8,1952314.5,748038.8,477827.6,814746.7,387556.1,580514.1,470388.8,709564.3,217906.7,1647696.5,1293135,899779.6,844085.6,430938.9,454578,359264.2,626315.5,564927.9
83,0.00378,0.00377,0.00376,0.00375,0.00374,0.00373,0.00372,0.00371,0.0037,0.00369,0.00379,0.0038,0.00381,0.00382,0.00383,0.00384,0.00385,0.00386,0.00387,0.00388,1136776.6,3938653.7,1637861.6,748038.8,477827.6,814746.7,387556.1,580514.1,470388.8,709564.3,244969.6,1647696.5,1293135,899779.6,844085.6,430938.9,454578,359264.2,626315.5,564927.9
84,0.00378,0.00377,0.00376,0.00375,0.00374,0.00373,0.00372,0.00371,0.0037,0.00369,0.00379,0.0038,0.00381,0.00382,0.00383,0.00384,0.00385,0.00386,0.00387,0.00388,1141248.2,3784146.2,1787577.3,748038.8,477827.6,814746.7,387556.1,580514.1,470388.8,709564.3,227612.1,1684849.9,1292952.6,899779.6,844085.6,430938.9,454578,436097.8,549481.9,564927.9
85,0.00378,0.00377,0.00376,0.00375,0.00374,0.00373,0.00372,0.00371,0.0037,0.00369,0.00379,0.0038,0.00381,0.00382,0.00383,0.00384,0.00385,0.00386,0.00387,0.00388,1141190.8,2883662,1915581.9,748051.9,477827.6,814746.7,387556.1,580514.1,470388.8,709564.3,181629,1730822.9,1292952.6,899779.6,844085.6,430938.9,454578,359264.2,626315.5,564927.9
86,0.00378,0.00377,0.00376,0.00375,0.00374,0.00373,0.00372,0.00371,0.0037,0.00369,0.00379,0.0038,0.00381,0.00382,0.00383,0.00384,0.00385,0.00386,0.00387,0.00388,2245454.3,3791859.3,929084.3,748051.9,492969.3,790869.1,387556.1,580514.1,470388.8,709564.3,49656.6,1209247.6,1828189.6,899779.6,844085.6,430938.9,411055.3,402674.2,626315.5,564927.9
87,0.00378,0.00377,0.00376,0.00375,0.00374,0.00373,0.00372,0.00371,0.0037,0.00369,0.00379,0.0038,0.00381,0.00382,0.00383,0.00384,0.00385,0.00386,0.00387,0.00388,2467148.3,3377435.3,947687.1,748051.9,537772.1,790869.1,342512.4,580514.1,470388.8,709564.3,49656.6,1209247.6,1828189.6,899779.6,844085.6,430938.9,411055.3,402674.2,626315.5,564927.9
88,0.00378,0.00377,0.00376,0.00375,0.00374,0.00373,0.00372,0.00371,0.0037,0.00369,0.00379,0.0038,0.00381,0.00382,0.00383,0.00384,0.00385,0.00386,0.00387,0.00388,2417366.7,2759331.8,1560183.4,748051.9,503600.1,825132.7,342512.4,580514.1,470388.8,709564.3,49656.6,1209221.3,1828189.6,899779.6,844085.6,430938.9,411055.3,402674.2,549481.9,641761.5
89,0.00378,0.00377,0.00376,0.00375,0.00374,0.00373,0.00372,0.00371,0.0037,0.00369,0.00379,0.0038,0.00381,0.00382,0.00383,0.00384,0.00385,0.00386,0.00387,0.00388,2573480.2,2899403.3,1419430.1,748051.9,503600.1,825132.7,342512.4,580514.1,470388.8,709564.3,49656.6,1209221.3,1811225.6,899779.6,844085.6,430938.9,411055.3,402674.2,549481.9,641761.5
90,0.00378,0.00377,0.00376,0.00375,0.00374,0.00373,0.00372,0.00371,0.0037,0.00369,0.00379,0.0038,0.00381,0.00382,0.00383,0.00384,0.00385,0.00386,0.00387,0.00388,2573480.2,2527309.4,1419482,748051.9,503600.1,825132.7,342512.4,580514.1,470388.8,709564.3,49656.6,1209221.3,1811225.6,899779.6,844085.6,430938.9,411055.3,402674.2,626315.5,564927.9
91,0.00378,0.00377,0.00376,0.00375,0.00374,0.00373,0.00372,0.00371,0.0037,0.00369,0.00379,0.0038,0.00381,0.00382,0.00383,0.00384,0.00385,0.00386,0.00387,0.00388,2573480.2,3201283.4,1118280.1,748051.9,503600.1,780209.8,387556.1,580514.1,470388.8,709564.3,49656.6,1209221.3,1811225.6,899779.6,844085.6,430938.9,411055.3,402674.2,626315.5,564927.9
92,0.00378,0.00377,0.00376,0.00375,0.00374,0.00373,0.00372,0.00371,0.0037,0.00369,0.00379,0.0038,0.00381,0.00382,0.00383,0.00384,0.00385,0.00386,0.00387,0.00388,1087782.4,2579010.6,2346211.9,815008.5,503600.1,780209.8,387556.1,580514.1,470388.8,709564.3,300012.5,1191822.8,1808855.6,899779.6,844085.6,430938.9,411055.3,402674.2,626315.5,688083.4
93,0.00378,0.00377,0.00376,0.00375,0.00374,0.00373,0.00372,0.00371,0.0037,0.00369,0.00379,0.0038,0.00381,0.00382,0.00383,0.00384,0.00385,0.00386,0.00387,0.00388,1087782.4,2729010.6,2214305.5,859019.6,433024.8,716205.6,432599.8,670844.3,470388.8,709564.3,991836.7,1235913,1601670.5,899779.6,844085.6,430938.9,454578,359264.2,626315.5,688083.4
94,0.00377,0.00376,0.00375,0.00374,0.00373,0.00372,0.00371,0.0037,0.00369,0.00368,0.00378,0.00379,0.0038,0.00381,0.00382,0.00383,0.00384,0.00385,0.00386,0.00387,2614190,2024017.1,698107.9,715148.2,878544.7,528800.8,670844.3,470388.8,709564.3,564203.3,122188.6,1276308.3,1164783.9,1601670.5,902812.4,924256.4,209595.6,454578,359264.2,626315.5
95,0.00377,0.00376,0.00375,0.00374,0.00373,0.00372,0.00371,0.0037,0.00369,0.00368,0.00378,0.00379,0.0038,0.00381,0.00382,0.00383,0.00384,0.00385,0.00386,0.00387,2655358.3,1886484.3,809052.3,715148.2,619621.8,573844.5,670844.3,470388.8,709564.3,564203.3,211516.3,1229765.5,1886285.1,940793.9,913923.5,924256.4,253231.7,411055.3,618746.5,626315.5
96,0.00377,0.00376,0.00375,0.00374,0.00373,0.00372,0.00371,0.0037,0.00369,0.00368,0.00379,0.0038,0.00381,0.00382,0.00383,0.00384,0.00385,0.00386,0.00387,0.00388,2920194,2180554.4,735796.7,759951,619621.8,387556.1,625679.2,515676,709564.3,564203.3,1270123.7,1823043.4,1090793.9,913923.5,924256.4,312720.6,411055.3,662156.5,626315.5,413791.8
97,0.00377,0.00376,0.00375,0.00374,0.00373,0.00372,0.00371,0.0037,0.00369,0.00368,0.00378,0.00379,0.0038,0.00381,0.00382,0.00383,0.00384,0.00385,0.00386,0.00387,2034015.8,2617056.4,807597,849556.6,619621.8,475379.5,625679.2,470388.8,709564.3,564203.3,153085.9,1227589.2,1886285.1,940793.9,913923.5,924256.4,356356.7,411055.3,618746.5,626315.5
98,0.00378,0.00377,0.00376,0.00375,0.00374,0.00373,0.00372,0.00371,0.0037,0.00369,0.00379,0.0038,0.00381,0.00382,0.00383,0.00384,0.00385,0.00386,0.00387,0.00388,153085.9,1878693.5,3322844.4,778156.7,730104.1,863362.4,387556.1,580514.1,470388.8,709564.3,1048373,1937006.1,984654.2,926215.6,924256.4,312720.6,454578,618746.5,626315.5,413791.8
99,0.00378,0.00377,0.00376,0.00375,0.00374,0.00373,0.00372,0.00371,0.0037,0.00369,0.00379,0.0038,0.00381,0.00382,0.00383,0.00384,0.00385,0.00386,0.00387,0.00388,140049.5,1756889.1,3020530.4,778156.7,774906.9,818439.5,297468.7,670844.3,470388.8,709564.3,1048343.2,1937006.1,984654.2,926215.6,924256.4,312720.6,454578,618746.5,626315.5,413791.8
100,0.00378,0.00377,0.00376,0.00375,0.00374,0.00373,0.00372,0.00371,0.0037,0.00369,0.00379,0.0038,0.00381,0.00382,0.00383,0.00384,0.00385,0.00386,0.00387,0.00388,140049.5,2480098.4,2012523.8,778156.7,785538.1,807779.8,297468.7,670844.3,470388.8,709564.3,1048482.3,1981458.2,940793.9,926215.6,924256.4,312720.6,411055.3,662156.5,626315.5,413791.8
101,0.00378,0.00377,0.00376,0.00375,0.00374,0.00373,0.00372,0.00371,0.0037,0.00369,0.00379,0.0038,0.00381,0.00382,0.00383,0.00384,0.00385,0.00386,0.00387,0.00388,140049.5,2995202.8,2270076.4,778156.7,774906.9,818439.5,297468.7,670844.3,470388.8,709564.3,1048482.3,1980942.2,940793.9,926215.6,924256.4,312720.6,454578,618746.5,626315.5,413791.8
102,0.00378,0.00377,0.00376,0.00375,0.00374,0.00373,0.00372,0.00371,0.0037,0.00369,0.00379,0.0038,0.00381,0.00382,0.00383,0.00384,0.00385,0.00386,0.00387,0.00388,183095,3252649.8,2139801.9,649788.8,785538.1,807779.8,297468.7,670844.3,470388.8,709564.3,1048474.2,1936490.1,984417.8,926215.6,924256.4,312720.6,411055.3,662156.5,626315.5,413791.8
103,0.00378,0.00377,0.00376,0.00375,0.00374,0.00373,0.00372,0.00371,0.0037,0.00369,0.00379,0.0038,0.00381,0.00382,0.00383,0.00384,0.00385,0.00386,0.00387,0.00388,133999.7,3252612.9,2139784,649788.8,774906.9,818439.5,297468.7,670844.3,470388.8,709564.3,1048474.2,1936490.1,985451.8,926215.6,924256.4,312720.6,411055.3,662156.5,626315.5,413791.8
104,0.00378,0.00377,0.00376,0.00375,0.00374,0.00373,0.00372,0.00371,0.0037,0.00369,0.00379,0.0038,0.00381,0.00382,0.00383,0.00384,0.00385,0.00386,0.00387,0.00388,133999.7,3038967.1,1708657.5,778156.7,774906.9,604439.5,297468.7,670844.3,470388.8,709564.3,1048474.2,1936472.1,995553.2,915104.5,924256.4,312720.6,411055.3,662156.5,626315.5,413791.8
105,0.00378,0.00377,0.00376,0.00375,0.00374,0.00373,0.00372,0.00371,0.0037,0.00369,0.00379,0.0038,0.00381,0.00382,0.00383,0.00384,0.00385,0.00386,0.00387,0.00388,138436.5,2733099.4,1708657.5,778156.7,774906.9,604439.5,297468.7,670844.3,470388.8,709564.3,1030916.8,1954178.5,995553.2,915104.5,924256.4,312720.6,411055.3,662156.5,626315.5,413791.8
106,0.00378,0.00377,0.00376,0.00375,0.00374,0.00373,0.00372,0.00371,0.0037,0.00369,0.00379,0.0038,0.00381,0.00382,0.00383,0.00384,0.00385,0.00386,0.00387,0.00388,138436.5,3867564,1517497.5,649788.8,774906.9,604439.5,297468.7,670844.3,470388.8,709564.3,1029604.4,1954178.5,995553.2,915104.5,924256.4,312720.6,411055.3,662156.5,626315.5,290636.3
107,0.00378,0.00377,0.00376,0.00375,0.00374,0.00373,0.00372,0.00371,0.0037,0.00369,0.00379,0.0038,0.00381,0.00382,0.00383,0.00384,0.00385,0.00386,0.00387,0.00388,138357.1,3600103.8,1397461.3,778156.7,759765.2,619621.8,297468.7,670844.3,470388.8,709564.3,1029604.4,1954095.5,995553.2,915104.5,924256.4,312720.6,411055.3,662156.5,626315.5,290636.3
108,0.00378,0.00377,0.00376,0.00375,0.00374,0.00373,0.00372,0.00371,0.0037,0.00369,0.00379,0.0038,0.00381,0.00382,0.00383,0.00384,0.00385,0.00386,0.00387,0.00388,138357.1,3095353.8,1389425.2,778156.7,785538.1,593779.8,297468.7,670844.3,470388.8,709564.3,983617.3,1850062.4,1145553.2,915104.5,924256.4,312720.6,411055.3,662156.5,626315.5,290636.3
109,0.00378,0.00377,0.00376,0.00375,0.00374,0.00373,0.00372,0.00371,0.0037,0.00369,0.00379,0.0038,0.00381,0.00382,0.00383,0.00384,0.00385,0.00386,0.00387,0.00388,1206038.4,2663080.4,1365465.9,649788.8,785536.8,576715.7,342512.4,625679.2,470388.8,709564.3,435865.1,1204363.9,1791300.2,915104.5,924256.4,312720.6,411055.3,662156.5,626315.5,290636.3
110,0.00378,0.00377,0.00376,0.00375,0.00374,0.00373,0.00372,0.00371,0.0037,0.00369,0.00379,0.0038,0.00381,0.00382,0.00383,0.00384,0.00385,0.00386,0.00387,0.00388,982485.4,3341574.9,1668714,649788.8,774906.1,587374.9,387556.1,580514.1,470388.8,709564.3,983490.5,1204214.6,1791300.2,915104.5,924256.4,312720.6,411055.3,662156.5,626315.5,290636.3
111,0.00378,0.00377,0.00376,0.00375,0.00374,0.00373,0.00372,0.00371,0.0037,0.00369,0.00379,0.0038,0.00381,0.00382,0.00383,0.00384,0.00385,0.00386,0.00387,0.00388,982485.4,3647627.5,1668706,649788.8,774906.1,587374.9,387556.1,580514.1,470388.8,709564.3,983490.5,1204214.6,1791300.2,915104.5,924256.4,312720.6,411055.3,662156.5,626315.5,290636.3
112,0.00378,0.00377,0.00376,0.00375,0.00374,0.00373,0.00372,0.00371,0.0037,0.00369,0.00379,0.0038,0.00381,0.00382,0.00383,0.00384,0.00385,0.00386,0.00387,0.00388,982485.4,3389556.1,1366992.9,649788.8,785536.8,576715.7,387556.1,580514.1,470388.8,709564.3,983490.5,1850369.5,1145553.2,915104.5,924256.4,312720.6,411055.3,662156.5,626315.5,290636.3
113,0.00378,0.00377,0.00376,0.00375,0.00374,0.00373,0.00372,0.00371,0.0037,0.00369,0.00379,0.0038,0.00381,0.00382,0.00383,0.00384,0.00385,0.00386,0.00387,0.00388,982485.4,3646708.6,1672376.9,694472.2,740734,576715.7,387556.1,580514.1,470388.8,709564.3,983490.5,1850369.5,1145553.2,915104.5,924256.4,312720.6,411055.3,618746.5,669613.3,290636.3
114,0.00378,0.00377,0.00376,0.00375,0.00374,0.00373,0.00372,0.00371,0.0037,0.00369,0.00379,0.0038,0.00381,0.00382,0.00383,0.00384,0.00385,0.00386,0.00387,0.00388,2523715.4,2688433.6,1523380.9,553064.2,725593.1,476364,387556.1,580514.1,470388.8,709564.3,161463.7,1208658.8,2130794.9,915104.5,924256.4,429220.1,411055.3,618746.5,592779.7,367469.9
115,0.00379,0.00378,0.00377,0.00376,0.00375,0.00374,0.00373,0.00372,0.00371,0.0037,0.0038,0.00381,0.00382,0.00383,0.00384,0.00385,0.00386,0.00387,0.00388,0.00389,1103935,2080644.2,2601606.6,940891.3,563666.6,522630.4,566209.8,297468.7,580514.1,470388.8,897625.5,2193014.4,959196.5,844085.6,510432,411055.3,618746.5,549481.9,367469.9,591188.7
116,0.00379,0.00378,0.00377,0.00376,0.00375,0.00374,0.00373,0.00372,0.00371,0.0037,0.0038,0.00381,0.00382,0.00383,0.00384,0.00385,0.00386,0.00387,0.00388,0.00389,1090478.6,2335985.6,2352460.7,836786.8,518983.2,446852.9,439620.3,565939.8,580514.1,470388.8,75274.4,1421969.2,2035224,856377.7,510432,530358.5,359264.2,549481.9,367469.9,612013.6
117,0.00379,0.00378,0.00377,0.00376,0.00375,0.00374,0.00373,0.00372,0.00371,0.0037,0.0038,0.00381,0.00382,0.00383,0.00384,0.00385,0.00386,0.00387,0.00388,0.00389,1086090.2,2340408.2,2835938.2,861015,563666.6,402050.1,484543.2,565939.8,580514.1,470388.8,958711.3,1404238.8,1696944.4,856377.7,510432,411055.3,359264.2,549481.9,367469.9,612013.6
118,0.00379,0.00378,0.00377,0.00376,0.00375,0.00374,0.00373,0.00372,0.00371,0.0037,0.0038,0.00381,0.00382,0.00383,0.00384,0.00385,0.00386,0.00387,0.00388,0.00389,1086090.2,2340408.2,2579457.9,771886,563666.6,491655.7,484543.2,565939.8,580514.1,470388.8,958711.3,1404238.8,1696944.4,856377.7,510432,411055.3,359264.2,549481.9,367469.9,612013.6
119,0.00379,0.00378,0.00377,0.00376,0.00375,0.00374,0.00373,0.00372,0.00371,0.0037,0.0038,0.00381,0.00382,0.00383,0.00384,0.00385,0.00386,0.00387,0.00388,0.00389,1090465.7,2333128.5,2582341.2,771886,563666.6,491655.7,484543.2,565939.8,580514.1,470388.8,986750.1,1979964.1,1096904.4,856377.7,510432,411055.3,359264.2,549481.9,367469.9,612013.6
120,0.0038,0.00379,0.00378,0.00377,0.00376,0.00375,0.00374,0.00373,0.00372,0.00371,0.00381,0.00382,0.00383,0.00384,0.00385,0.00386,0.00387,0.00388,0.00389,0.0039,157740.5,2310243.3,2959193.6,1766991,613779.6,608350,536458.5,394697.4,565939.8,580514.1,1155644.3,2193980.1,856377.7,510432,530358.5,459906.7,549481.9,367469.9,568938.4,1002305.5
121,0.0038,0.00379,0.00378,0.00377,0.00376,0.00375,0.00374,0.00373,0.00372,0.00371,0.00381,0.00382,0.00383,0.00384,0.00385,0.00386,0.00387,0.00388,0.00389,0.0039,1001777.6,2475375,2525398.6,1723083.3,683978.7,537963.7,491655.7,439620.3,565939.8,580514.1,1136440.5,2147384.7,900924.4,429220.1,610128.4,459906.7,290636.3,290636.3,645772,879150
122,0.0038,0.00379,0.00378,0.00377,0.00376,0.00375,0.00374,0.00373,0.00372,0.00371,0.00381,0.00382,0.00383,0.00384,0.00385,0.00386,0.00387,0.00388,0.00389,0.0039,997418.5,2593424.8,1904606.4,1720226.2,658344.1,608350,491655.7,394697.4,565939.8,580514.1,1136440.5,2147430.2,921138.1,429220.1,610128.4,459906.7,290636.3,367469.9,568938.4,879150
123,0.0038,0.00379,0.00378,0.00377,0.00376,0.00375,0.00374,0.00373,0.00372,0.00371,0.00381,0.00382,0.00383,0.00384,0.00385,0.00386,0.00387,0.00388,0.00389,0.0039,109153.2,2576322.8,1851039.3,1846171.3,673404.5,548566.1,536458.5,394697.4,565939.8,580514.1,1142094.8,2155083.2,876591.4,429220.1,610128.4,459906.7,290636.3,290636.3,645772,922114.8
124,0.00379,0.00378,0.00377,0.00376,0.00375,0.00374,0.00373,0.00372,0.00371,0.0037,0.0038,0.00381,0.00382,0.00383,0.00384,0.00385,0.00386,0.00387,0.00388,0.00389,1057336.5,3765993,2076478.9,620188.8,563666.6,536458.5,439620.3,565939.8,580514.1,470388.8,166455.3,1331139.1,2066586.1,876591.4,429220.1,610128.4,459906.7,290636.3,625615.5,612013.6
125,0.00379,0.00378,0.00377,0.00376,0.00375,0.00374,0.00373,0.00372,0.00371,0.0037,0.0038,0.00381,0.00382,0.00383,0.00384,0.00385,0.00386,0.00387,0.00388,0.00389,984959.5,3462650.9,2068441.7,613779.6,518983.2,581261.3,439620.3,565939.8,580514.1,470388.8,166455.3,1331139.1,2066586.1,876591.4,429220.1,610128.4,459906.7,295323.8,625615.5,607326.1
126,0.00379,0.00378,0.00377,0.00376,0.00375,0.00374,0.00373,0.00372,0.00371,0.0037,0.0038,0.00381,0.00382,0.00383,0.00384,0.00385,0.00386,0.00387,0.00388,0.00389,877779.5,3460880.4,2376798.1,628840,503882.7,581261.3,439620.3,565939.8,580514.1,470388.8,212317.2,1837605.7,1482177.1,876591.4,429220.1,610128.4,459906.7,295323.8,625615.5,607326.1
127,0.00379,0.00378,0.00377,0.00376,0.00375,0.00374,0.00373,0.00372,0.00371,0.0037,0.0038,0.00381,0.00382,0.00383,0.00384,0.00385,0.00386,0.00387,0.00388,0.00389,910738.5,3460766.8,2287562.9,718153.7,503882.7,581261.3,439620.3,565939.8,580514.1,470388.8,212317.2,1837605.7,1482177.1,876591.4,429220.1,610128.4,459906.7,295323.8,591968.1,641084.5
128,0.00379,0.00378,0.00377,0.00376,0.00375,0.00374,0.00373,0.00372,0.00371,0.0037,0.0038,0.00381,0.00382,0.00383,0.00384,0.00385,0.00386,0.00387,0.00388,0.00389,873353.5,2837371.1,2072545.5,771159.1,518986.6,536458.5,484543.2,565939.8,580514.1,470388.8,1095542,1820095.2,1143897.5,876591.4,429220.1,610128.4,459906.7,295323.8,591968.1,641084.5
129,0.00379,0.00378,0.00377,0.00376,0.00375,0.00374,0.00373,0.00372,0.00371,0.0037,0.0038,0.00381,0.00382,0.00383,0.00384,0.00385,0.00386,0.00387,0.00388,0.00389,873353.5,3004420.9,1910413.8,771159.1,518986.6,446852.9,529466.1,610983.5,580514.1,470388.8,1049441.7,1892113.2,1143731,876591.4,429220.1,610128.4,459906.7,295323.8,668801.7,564250.9
130,0.00379,0.00378,0.00377,0.00376,0.00375,0.00374,0.00373,0.00372,0.00371,0.0037,0.0038,0.00381,0.00382,0.00383,0.00384,0.00385,0.00386,0.00387,0.00388,0.00389,927620.9,3600488.2,2142938.2,703093.3,518986.6,491655.7,529466.1,565939.8,580514.1,470388.8,166462.6,1909487.9,1482010.6,876591.4,429220.1,610128.4,459906.7,295323.8,591968.1,641084.5
131,0.00379,0.00378,0.00377,0.00376,0.00375,0.00374,0.00373,0.00372,0.00371,0.0037,0.0038,0.00381,0.00382,0.00383,0.00384,0.00385,0.00386,0.00387,0.00388,0.00389,871961.4,2686969.1,2296762,703093.3,508384.2,502288,529466.1,565939.8,580514.1,470388.8,183818.5,1892113.2,1482010.6,876591.4,429220.1,610128.4,459906.7,295323.8,668801.7,564250.9
132,0.00379,0.00378,0.00377,0.00376,0.00375,0.00374,0.00373,0.00372,0.00371,0.0037,0.0038,0.00381,0.00382,0.00383,0.00384,0.00385,0.00386,0.00387,0.00388,0.00389,871961.4,3448885,2228559.5,771159.1,508384.2,457485.2,439620.3,701070.9,580514.1,470388.8,1049430.3,1863514.3,1099651.7,876591.4,508943.3,530358.5,459906.7,338621.6,625615.5,564250.9
133,0.00379,0.00378,0.00377,0.00376,0.00375,0.00374,0.00373,0.00372,0.00371,0.0037,0.0038,0.00381,0.00382,0.00383,0.00384,0.00385,0.00386,0.00387,0.00388,0.00389,871961.4,3448725.6,2228560.6,771159.1,508384.2,457485.2,439620.3,701070.9,580514.1,470388.8,1032100.6,1836908.6,1143283.7,876591.4,508943.3,530358.5,459906.7,338621.6,625615.5,564250.9
134,0.00379,0.00378,0.00377,0.00376,0.00375,0.00374,0.00373,0.00372,0.00371,0.0037,0.0038,0.00381,0.00382,0.00383,0.00384,0.00385,0.00386,0.00387,0.00388,0.00389,876309,3600005.6,2072379.6,771159.1,493280.3,472629.5,439620.3,701070.9,580514.1,470388.8,1021192.9,1847695.8,1143283.7,876591.4,508943.3,530358.5,459906.7,338621.6,625615.5,553139.8
135,0.00379,0.00378,0.00377,0.00376,0.00375,0.00374,0.00373,0.00372,0.00371,0.0037,0.0038,0.00381,0.00382,0.00383,0.00384,0.00385,0.00386,0.00387,0.00388,0.00389,919280,3299822.9,2072379.6,771159.1,493280.3,472629.5,439620.3,701070.9,580514.1,470388.8,1021192.9,1913908.8,1143283.7,876591.4,508943.3,530358.5,459906.7,338621.6,625615.5,553139.8
136,0.00379,0.00378,0.00377,0.00376,0.00375,0.00374,0.00373,0.00372,0.00371,0.0037,0.0038,0.00381,0.00382,0.00383,0.00384,0.00385,0.00386,0.00387,0.00388,0.00389,876309,3599747.3,1944692.7,899185.6,493280.3,472629.5,439620.3,656027.2,625679.2,470388.8,1021186.8,1913908.8,1143283.7,876591.4,508943.3,530358.5,459906.7,415455.2,548781.9,553139.8
137,0.00379,0.00378,0.00377,0.00376,0.00375,0.00374,0.00373,0.00372,0.00371,0.0037,0.0038,0.00381,0.00382,0.00383,0.00384,0.00385,0.00386,0.00387,0.00388,0.00389,876309,2674546.9,2072292.8,771159.1,493280.3,427826.7,439620.3,565939.8,761174.5,470388.8,1021186.8,1913908.8,1143283.7,876591.4,508943.3,530358.5,459906.7,338621.6,625615.5,553139.8
138,0.00379,0.00378,0.00377,0.00376,0.00375,0.00374,0.00373,0.00372,0.00371,0.0037,0.0038,0.00381,0.00382,0.00383,0.00384,0.00385,0.00386,0.00387,0.00388,0.00389,876309,3751270,1920147.2,771159.1,493280.3,427826.7,439620.3,656027.2,670844.3,470388.8,1021186.8,1923735.8,1143283.7,876591.4,508943.3,530358.5,459906.7,338621.6,625615.5,553139.8
139,0.0038,0.00379,0.00378,0.00377,0.00376,0.00375,0.00374,0.00373,0.00372,0.00371,0.00381,0.00382,0.00383,0.00384,0.00385,0.00386,0.00387,0.00388,0.00389,0.0039,18461.1,2628255.9,1880599,1737078.6,703093.3,508384.2,412682.4,439620.3,701070.9,625679.2,1258777.1,2182945.2,876591.4,508943.3,530358.5,459906.7,338621.6,625615.5,553139.8,1002305.5
140,0.00379,0.00378,0.00377,0.00376,0.00375,0.00374,0.00373,0.00372,0.00371,0.0037,0.0038,0.00381,0.00382,0.00383,0.00384,0.00385,0.00386,0.00387,0.00388,0.00389,3287106.8,2180580,1737078.6,703096.6,508384.2,457485.2,394697.4,610983.5,716009.4,470388.8,47250,1421767.3,2042651.3,876591.4,560752,530358.5,459906.7,295323.8,668801.7,564250.9
141,0.00379,0.00378,0.00377,0.00376,0.00375,0.00374,0.00373,0.00372,0.00371,0.0037,0.0038,0.00381,0.00382,0.00383,0.00384,0.00385,0.00386,0.00387,0.00388,0.00389,1843995.2,2924541.9,1659539.5,703096.6,508384.2,412682.4,439620.3,701070.9,625679.2,470388.8,152528.9,1335717.6,2042651.3,876591.4,560752,530358.5,459906.7,295323.8,668801.7,564250.9
142,0.00379,0.00378,0.00377,0.00376,0.00375,0.00374,0.00373,0.00372,0.00371,0.0037,0.0038,0.00381,0.00382,0.00383,0.00384,0.00385,0.00386,0.00387,0.00388,0.00389,1984125.3,3013462.2,1661332.6,703098.8,508384.2,457485.2,439620.3,656027.2,625679.2,470388.8,47250,1329559.1,1969370.3,876591.4,560752,530358.5,459906.7,295323.8,668801.7,564250.9
143,0.00379,0.00378,0.00377,0.00376,0.00375,0.00374,0.00373,0.00372,0.00371,0.0037,0.0038,0.00381,0.00382,0.00383,0.00384,0.00385,0.00386,0.00387,0.00388,0.00389,876309,2818124.4,2300962.1,703101.5,493280.3,472629.5,439620.3,656027.2,625679.2,470388.8,158753.6,1331223.7,1969370.3,876591.4,560752,411055.3,459906.7,338621.6,625615.5,564250.9
144,0.00379,0.00378,0.00377,0.00376,0.00375,0.00374,0.00373,0.00372,0.00371,0.0037,0.0038,0.00381,0.00382,0.00383,0.00384,0.00385,0.00386,0.00387,0.00388,0.00389,876309,2702288.4,2524269.3,703101.5,493280.3,427826.7,439620.3,701070.9,625679.2,470388.8,158753.6,1331223.7,1969370.3,876591.4,560752,411055.3,459906.7,338621.6,625615.5,564250.9
145,0.00379,0.00378,0.00377,0.00376,0.00375,0.00374,0.00373,0.00372,0.00371,0.0037,0.0038,0.00381,0.00382,0.00383,0.00384,0.00385,0.00386,0.00387,0.00388,0.00389,876309,3620202.8,2126432.9,613779.6,493280.3,427826.7,439620.3,701070.9,625679.2,470388.8,51637,1285404.1,1969370.3,876591.4,560752,529605.5,459906.7,338621.6,625615.5,564250.9
146,0.00379,0.00378,0.00377,0.00376,0.00375,0.00374,0.00373,0.00372,0.00371,0.0037,0.0038,0.00381,0.00382,0.00383,0.00384,0.00385,0.00386,0.00387,0.00388,0.00389,876309,3610100.8,2128299.8,703104.7,493280.3,472629.5,439620.3,656027.2,625679.2,470388.8,51637,1810027,1430002.3,876591.4,560752,529605.5,459906.7,338621.6,625615.5,564250.9
147,0.00379,0.00378,0.00377,0.00376,0.00375,0.00374,0.00373,0.00372,0.00371,0.0037,0.0038,0.00381,0.00382,0.00383,0.00384,0.00385,0.00386,0.00387,0.00388,0.00389,876309,2853620.2,1828318.7,703105.7,493280.3,472629.5,439620.3,656027.2,625679.2,470388.8,51637,1810027,1430002.3,876591.4,560752,529605.5,459906.7,295323.8,668801.7,564250.9
148,0.00379,0.00378,0.00377,0.00376,0.00375,0.00374,0.00373,0.00372,0.00371,0.0037,0.0038,0.00381,0.00382,0.00383,0.00384,0.00385,0.00386,0.00387,0.00388,0.00389,871961.4,3368619.6,2126341.2,703111.6,493280.3,427826.7,484543.2,656027.2,625679.2,470388.8,128761.1,1792636.5,1430002.3,876591.4,560752,529605.5,459906.7,338621.6,625615.5,564250.9
