timestamp,bid_price_0,bid_price_1,bid_price_2,bid_price_3,bid_price_4,bid_price_5,bid_price_6,bid_price_7,bid_price_8,bid_price_9,ask_price_0,ask_price_1,ask_price_2,ask_price_3,ask_price_4,ask_price_5,ask_price_6,ask_price_7,ask_price_8,ask_price_9,bid_size_0,bid_size_1,bid_size_2,bid_size_3,bid_size_4,bid_size_5,bid_size_6,bid_size_7,bid_size_8,bid_size_9,ask_size_0,ask_size_1,ask_size_2,ask_size_3,ask_size_4,ask_size_5,ask_size_6,ask_size_7,ask_size_8,ask_size_9
0,0.0038,0.00379,0.00378,0.00377,0.00376,0.00375,0.00374,0.00373,0.00372,0.00371,0.00381,0.00382,0.00383,0.00384,0.00385,0.00386,0.00387,0.00388,0.00389,0.0039,189599,2279915.9,8731081.3,1842083.6,1058742.7,692314.9,359453.6,176283.5,400814.4,420342.6,1224832.4,2209878.4,443703,486561.1,529756.5,291431.4,162159.1,555559.4,408161.8,787062.8
1,0.00379,0.00378,0.00377,0.00376,0.00375,0.00374,0.00373,0.00372,0.00371,0.0037,0.0038,0.00381,0.00382,0.00383,0.00384,0.00385,0.00386,0.00387,0.00388,0.00389,939658.4,8423066.9,3403224.7,925049.2,681063.7,539841,207823.6,400814.4,420342.6,580167.2,144984.5,1883325.8,2207484.8,356875.5,370012.9,486233.8,291431.4,162159.1,813752.5,408161.8
2,0.00379,0.00378,0.00377,0.00376,0.00375,0.00374,0.00373,0.00372,0.00371,0.0037,0.0038,0.00381,0.00382,0.00383,0.00384,0.00385,0.00386,0.00387,0.00388,0.00389,1529037.4,8678974.4,2469220.8,930809.5,681063.7,539841,207823.6,400814.4,420342.6,580167.2,48697.8,1721396.8,2207484.8,356875.5,326376.8,573279.2,291431.4,118861.3,813752.5,408161.8
3,0.00379,0.00378,0.00377,0.00376,0.00375,0.00374,0.00373,0.00372,0.00371,0.0037,0.0038,0.00381,0.00382,0.00383,0.00384,0.00385,0.00386,0.00387,0.00388,0.00389,1927015.4,8479983.4,2424774.5,975374,681063.7,373643.8,162900.7,400814.4,420342.6,580167.2,48697.8,2204675.5,1689781.8,417733.9,413649,486233.8,291431.4,134998.7,797615,408161.8
4,0.00379,0.00378,0.00377,0.00376,0.00375,0.00374,0.00373,0.00372,0.00371,0.0037,0.00381,0.00382,0.00383,0.00384,0.00385,0.00386,0.00387,0.00388,0.00389,0.0039,2268667.8,9208421.3,1586412.1,1019938.5,602819.3,313670,223035.3,400814.4,420342.6,580167.2,1841162,2164033.8,508026.9,515153.7,486233.8,248021.4,134998.7,717645.7,531317.3,787062.8
5,0.00379,0.00378,0.00377,0.00376,0.00375,0.00374,0.00373,0.00372,0.00371,0.0037,0.0038,0.00381,0.00382,0.00383,0.00384,0.00385,0.00386,0.00387,0.00388,0.00389,1745428.5,9722861.6,1804841.6,975374,636380.3,373643.8,162900.7,400814.4,420342.6,580167.2,47250,1824194.8,2164033.8,356875.5,326376.8,529756.5,334841.4,134998.7,797615,408161.8
6,0.00379,0.00378,0.00377,0.00376,0.00375,0.00374,0.00373,0.00372,0.00371,0.0037,0.0038,0.00381,0.00382,0.00383,0.00384,0.00385,0.00386,0.00387,0.00388,0.00389,889128,8409898.8,2680530.4,925049.2,681063.7,384277.4,152238.6,400814.4,420342.6,580167.2,740026.9,1827527.2,2164033.8,356875.5,370012.9,419187.3,291431.4,134998.7,797615,827540.2
7,0.00379,0.00378,0.00377,0.00376,0.00375,0.00374,0.00373,0.00372,0.00371,0.0037,0.0038,0.00381,0.00382,0.00383,0.00384,0.00385,0.00386,0.00387,0.00388,0.00389,1682172.4,9090772.8,1962197.3,925049.2,770559.3,384277.4,152238.6,400814.4,420342.6,580167.2,45805,2316884.2,1689781.8,356875.5,326376.8,485870.3,378251.4,134998.7,797615,827540.2
8,0.00379,0.00378,0.00377,0.00376,0.00375,0.00374,0.00373,0.00372,0.00371,0.0037,0.0038,0.00381,0.00382,0.00383,0.00384,0.00385,0.00386,0.00387,0.00388,0.00389,2010980.4,8891864.3,1969253.9,925049.2,770559.3,384277.4,152238.6,400814.4,420342.6,580167.2,45805,2316884.2,1689781.8,356875.5,326376.8,485870.3,378251.4,134998.7,797615,827540.2
9,0.0038,0.00379,0.00378,0.00377,0.00376,0.00375,0.00374,0.00373,0.00372,0.00371,0.00381,0.00382,0.00383,0.00384,0.00385,0.00386,0.00387,0.00388,0.00389,0.0039,1215229.5,3948037,7490340.8,1244067.5,594399.6,334868,242102.7,197161.5,400814.4,420342.6,142614.3,2201762.4,836081.1,523217.8,442347.6,391031.4,178296.5,760831.9,531317.3,787062.8
10,0.0038,0.00379,0.00378,0.00377,0.00376,0.00375,0.00374,0.00373,0.00372,0.00371,0.00381,0.00382,0.00383,0.00384,0.00385,0.00386,0.00387,0.00388,0.00389,0.0039,850258.5,2909536.9,8525419.8,1036257.7,761698.7,301307,242102.7,152238.6,400814.4,420342.6,1109531.2,2201819.2,836081.1,523217.8,442347.6,347621.4,178296.5,760831.9,574392.5,787062.8
11,0.00382,0.00381,0.0038,0.00379,0.00378,0.00377,0.00376,0.00375,0.00374,0.00373,0.00383,0.00384,0.00385,0.00386,0.00387,0.00388,0.00389,0.0039,0.00391,0.00392,218872.2,2453814.4,2121473.7,1313950.9,6307400.4,1036257.7,245258.7,259666.6,473683.7,388461.7,1114767.3,1438701.2,616977.2,494921,343949.9,310203.8,451978.2,786761,880118.3,122770
12,0.00382,0.00381,0.0038,0.00379,0.00378,0.00377,0.00376,0.00375,0.00374,0.00373,0.00383,0.00384,0.00385,0.00386,0.00387,0.00388,0.00389,0.0039,0.00391,0.00392,51625.2,1852872.7,3550488.1,1456877.5,6355660,1036257.7,200694.2,304350,413709.9,388461.7,1291445.7,1267105.3,532915.7,347621.4,425093.5,238084.3,194502.1,786761,922973.2,122770
13,0.00382,0.00381,0.0038,0.00379,0.00378,0.00377,0.00376,0.00375,0.00374,0.00373,0.00383,0.00384,0.00385,0.00386,0.00387,0.00388,0.00389,0.0039,0.00391,0.00392,292994,1857316.3,3550486.1,1464926,1222227.4,1036257.7,200694.2,319480.6,413709.9,388461.7,1309043.9,1408743.3,597992.6,474511.8,425093.5,238084.3,194502.1,786761,880118.3,165515.6
14,0.00382,0.00381,0.0038,0.00379,0.00378,0.00377,0.00376,0.00375,0.00374,0.00373,0.00383,0.00384,0.00385,0.00386,0.00387,0.00388,0.00389,0.0039,0.00391,0.00392,330080.5,1386656,3132909.9,1164994.2,1222227.4,1036257.7,278730.5,251841.4,403076.3,388461.7,1291445.7,1428118.4,598015.5,474511.8,425093.5,238084.3,194502.1,786761,837263.4,208261.2
15,0.00382,0.00381,0.0038,0.00379,0.00378,0.00377,0.00376,0.00375,0.00374,0.00373,0.00383,0.00384,0.00385,0.00386,0.00387,0.00388,0.00389,0.0039,0.00391,0.00392,298234.2,2106736,2217997.4,1176041.6,1204080.9,1036257.7,200694.2,241236.2,413709.9,388461.7,1294387.6,1410412.3,598015.5,474511.8,425093.5,238084.3,194502.1,663605.5,541040.5,584894
16,0.00382,0.00381,0.0038,0.00379,0.00378,0.00377,0.00376,0.00375,0.00374,0.00373,0.00383,0.00384,0.00385,0.00386,0.00387,0.00388,0.00389,0.0039,0.00391,0.00392,267367.2,2998871.2,1873794.7,1172175.7,1204080.9,1036257.7,200694.2,241236.2,413709.9,388461.7,1294387.6,1453033.1,554579.5,474511.8,425093.5,238084.3,194502.1,663605.5,541040.5,627639.6
17,0.00382,0.00381,0.0038,0.00379,0.00378,0.00377,0.00376,0.00375,0.00374,0.00373,0.00383,0.00384,0.00385,0.00386,0.00387,0.00388,0.00389,0.0039,0.00391,0.00392,314617.2,2801516.4,1393441.2,1138857.8,1204080.9,1036257.7,200694.2,226105.6,428880.9,388461.7,1294387.6,1396741.9,598105.7,466691.2,425093.5,238084.3,194502.1,663605.5,583895.4,584894
18,0.00382,0.00381,0.0038,0.00379,0.00378,0.00377,0.00376,0.00375,0.00374,0.00373,0.00383,0.00384,0.00385,0.00386,0.00387,0.00388,0.00389,0.0039,0.00391,0.00392,314617.2,3521769.9,1438965.1,1171330.1,1159752.2,1036257.7,245258.7,181422.2,428880.9,388461.7,1276649.2,1414624,598105.7,466691.2,425093.5,238084.3,194502.1,663605.5,583895.4,584894
19,0.00382,0.00381,0.0038,0.00379,0.00378,0.00377,0.00376,0.00375,0.00374,0.00373,0.00383,0.00384,0.00385,0.00386,0.00387,0.00388,0.00389,0.0039,0.00391,0.00392,314617.2,3324363.4,1395072.3,1214768.3,1159752.2,1036257.7,245258.7,181422.2,428880.9,388461.7,1294081,1438093,554268.2,466691.2,425093.5,238084.3,194502.1,663605.5,583895.4,584894
20,0.00382,0.00381,0.0038,0.00379,0.00378,0.00377,0.00376,0.00375,0.00374,0.00373,0.00383,0.00384,0.00385,0.00386,0.00387,0.00388,0.00389,0.0039,0.00391,0.00392,164617.2,3126891.7,1439274.8,1137863,1204080.9,1036257.7,278702.7,241236.2,413709.9,388461.7,1261465.9,1411331.7,598438.9,466691.2,425093.5,238084.3,194502.1,786761,922973.2,122770
21,0.00382,0.00381,0.0038,0.00379,0.00378,0.00377,0.00376,0.00375,0.00374,0.00373,0.00383,0.00384,0.00385,0.00386,0.00387,0.00388,0.00389,0.0039,0.00391,0.00392,287871.5,1517413.2,2538821.1,1225229,1159752.2,1036257.7,298046,319452.7,413709.9,388461.7,1279336.8,1430171.1,554268.2,405519.9,425093.5,248090.1,194502.1,829725.8,837263.4,165515.6
22,0.00382,0.00381,0.0038,0.00379,0.00378,0.00377,0.00376,0.00375,0.00374,0.00373,0.00383,0.00384,0.00385,0.00386,0.00387,0.00388,0.00389,0.0039,0.00391,0.00392,245525.6,2109573,2589138.8,1128458.4,1204080.9,1036257.7,376054.5,241236.2,413709.9,388461.7,1278946.1,1383438.7,597939.3,467109.6,425093.5,248090.1,194502.1,786761,922973.2,122770
23,0.00382,0.00381,0.0038,0.00379,0.00378,0.00377,0.00376,0.00375,0.00374,0.00373,0.00383,0.00384,0.00385,0.00386,0.00387,0.00388,0.00389,0.0039,0.00391,0.00392,89939.5,2105225,2589138.8,1172502,1159752.2,1036257.7,376054.5,251844.5,403076.3,388461.7,1261465.9,1400837.9,597939.3,467109.6,425093.5,248090.1,194502.1,786761,922973.2,122770
24,0.00382,0.00381,0.0038,0.00379,0.00378,0.00377,0.00376,0.00375,0.00374,0.00373,0.00383,0.00384,0.00385,0.00386,0.00387,0.00388,0.00389,0.0039,0.00391,0.00392,98128.6,3343313.3,1872568.8,1125547.7,1204080.9,1036257.7,376054.5,251844.5,403076.3,388461.7,1261465.9,1400837.9,597939.3,467109.6,425093.5,248090.1,194502.1,786761,922973.2,122770
25,0.00382,0.00381,0.0038,0.00379,0.00378,0.00377,0.00376,0.00375,0.00374,0.00373,0.00383,0.00384,0.00385,0.00386,0.00387,0.00388,0.00389,0.0039,0.00391,0.00392,87286.1,2623458.4,1872578.8,1136326,1204080.9,1036257.7,376054.5,251844.5,403076.3,388461.7,1261465.9,1400594.9,597939.3,467109.6,425093.5,248090.1,194502.1,786761,503594.8,542148.4
26,0.00382,0.00381,0.0038,0.00379,0.00378,0.00377,0.00376,0.00375,0.00374,0.00373,0.00383,0.00384,0.00385,0.00386,0.00387,0.00388,0.00389,0.0039,0.00391,0.00392,1023508.4,2820499,2232078.1,1099552.3,1159752.2,443807.7,222553.3,150250.2,403076.3,388461.7,964703.4,1568743.8,990637.7,518918.3,456188.9,248090.1,118861.3,708054.3,626750.3,573965.4
27,0.00382,0.00381,0.0038,0.00379,0.00378,0.00377,0.00376,0.00375,0.00374,0.00373,0.00383,0.00384,0.00385,0.00386,0.00387,0.00388,0.00389,0.0039,0.00391,0.00392,1085271.4,2623116.4,2255261.1,1136864.4,1248519.4,321559.8,289984.8,160855.4,403076.3,388461.7,969072.1,1564354.8,984833.6,518918.3,456188.9,248090.1,118861.3,708054.3,626750.3,573965.4
28,0.00382,0.00381,0.0038,0.00379,0.00378,0.00377,0.00376,0.00375,0.00374,0.00373,0.00383,0.00384,0.00385,0.00386,0.00387,0.00388,0.00389,0.0039,0.00391,0.00392,1085271.4,1928553.3,2255261.1,1103430.9,1292848.1,321559.8,289984.8,160855.4,403076.3,388461.7,969067.4,1564354.8,984833.6,518918.3,456188.9,248090.1,118861.3,751019.1,583895.4,573965.4
29,0.00382,0.00381,0.0038,0.00379,0.00378,0.00377,0.00376,0.00375,0.00374,0.00373,0.00383,0.00384,0.00385,0.00386,0.00387,0.00388,0.00389,0.0039,0.00391,0.00392,1042618.4,2820602.8,1725321.9,1048440.8,1337176.8,321559.8,289984.8,160855.4,403076.3,388461.7,1014565.5,1819089.6,625376.6,518918.3,456188.9,248090.1,118861.3,917139.4,417885,573965.4
30,0.00381,0.0038,0.00379,0.00378,0.00377,0.00376,0.00375,0.00374,0.00373,0.00372,0.00382,0.00383,0.00384,0.00385,0.00386,0.00387,0.00388,0.00389,0.0039,0.00391,52504.2,3341256.1,1775377.5,1184516.2,351599.3,666783.8,251785.8,403076.3,388461.7,400809.6,1081493.3,1743423,1740710.8,498433.9,428392.1,279044,205233.7,161936.5,1119575.1,375030.1
31,0.00381,0.0038,0.00379,0.00378,0.00377,0.00376,0.00375,0.00374,0.00373,0.00372,0.00382,0.00383,0.00384,0.00385,0.00386,0.00387,0.00388,0.00389,0.0039,0.00391,56967.4,3861103,1698732.6,1422439.8,492205.9,476579.1,207102.4,403076.3,433384.6,400809.6,1173212.8,2267147.2,1374145,498433.9,428392.1,279044,248419.9,194502.1,1044044.7,375030.1
32,0.00381,0.0038,0.00379,0.00378,0.00377,0.00376,0.00375,0.00374,0.00373,0.00372,0.00382,0.00383,0.00384,0.00385,0.00386,0.00387,0.00388,0.00389,0.0039,0.00391,428488.9,3861210.3,1309857.8,1415865.6,485048.3,476592.6,207102.4,447879.1,388461.7,400809.6,1174578.3,2267147.2,1374145,498433.9,428392.1,279044,205233.7,237577.3,1044044.7,375030.1
33,0.00381,0.0038,0.00379,0.00378,0.00377,0.00376,0.00375,0.00374,0.00373,0.00372,0.00382,0.00383,0.00384,0.00385,0.00386,0.00387,0.00388,0.00389,0.0039,0.00391,51169.5,3866599.1,1823818.3,1441526.6,562859,413664,191968.7,447879.1,388461.7,400809.6,1218884.9,2221961.2,1374145,498433.9,428392.1,279044,248419.9,459341.6,779205.2,794408.5
34,0.00381,0.0038,0.00379,0.00378,0.00377,0.00376,0.00375,0.00374,0.00373,0.00372,0.00382,0.00383,0.00384,0.00385,0.00386,0.00387,0.00388,0.00389,0.0039,0.00391,55576.2,3862135.3,1830672.6,1441526.6,562855.9,424241,181363.5,447879.1,388461.7,400809.6,1218884.9,2269398.2,1374185.8,498433.9,428392.1,279044,205233.7,205011.7,1076610.3,794408.5
