timestamp,bid_price_0,bid_price_1,bid_price_2,bid_price_3,bid_price_4,bid_price_5,bid_price_6,bid_price_7,bid_price_8,bid_price_9,ask_price_0,ask_price_1,ask_price_2,ask_price_3,ask_price_4,ask_price_5,ask_price_6,ask_price_7,ask_price_8,ask_price_9,bid_size_0,bid_size_1,bid_size_2,bid_size_3,bid_size_4,bid_size_5,bid_size_6,bid_size_7,bid_size_8,bid_size_9,ask_size_0,ask_size_1,ask_size_2,ask_size_3,ask_size_4,ask_size_5,ask_size_6,ask_size_7,ask_size_8,ask_size_9
0,0.00381,0.0038,0.00379,0.00378,0.00377,0.00376,0.00375,0.00374,0.00373,0.00372,0.00382,0.00383,0.00384,0.00385,0.00386,0.00387,0.00388,0.00389,0.0039,0.00391,47250,1314484.2,2873706.1,1331203,1063500.1,1057817.1,640061.1,570223.7,560277,565999.2,1167245.9,2732382.6,963707.6,737758.5,657473.5,396424.5,372496.2,591252.2,879150,353318.7
1,0.0038,0.00379,0.00378,0.00377,0.00376,0.00375,0.00374,0.00373,0.00372,0.00371,0.00381,0.00382,0.00383,0.00384,0.00385,0.00386,0.00387,0.00388,0.00389,0.0039,849401.4,2647268.6,1369510.6,1348265.6,1102381.6,674144.4,480618.1,560277,565999.2,580514.1,2587.7,1495096.6,2190506.5,864584.5,541502.7,657473.5,396424.5,338848.8,625010.6,879150
2,0.0038,0.00379,0.00378,0.00377,0.00376,0.00375,0.00374,0.00373,0.00372,0.00371,0.00381,0.00382,0.00383,0.00384,0.00385,0.00386,0.00387,0.00388,0.00389,0.0039,897229.2,2124521.6,1368984.8,1346778.3,1131888.3,655159.1,213546.6,560277,565999.2,580514.1,675904.9,2046021.6,2190506.5,649871.5,530391.6,539545.5,290636.3,415682.4,559288.1,879150
3,0.00381,0.0038,0.00379,0.00378,0.00377,0.00376,0.00375,0.00374,0.00373,0.00372,0.00382,0.00383,0.00384,0.00385,0.00386,0.00387,0.00388,0.00389,0.0039,0.00391,152263.1,1569127.2,2671342.1,1272719.1,1151001.4,1146946.1,550694.3,303152.2,560277,565999.2,746201.2,2661641.9,710551.1,726675.8,657568.5,391421.2,372496.2,602363.3,879150,741313.7
4,0.00381,0.0038,0.00379,0.00378,0.00377,0.00376,0.00375,0.00374,0.00373,0.00372,0.00382,0.00383,0.00384,0.00385,0.00386,0.00387,0.00388,0.00389,0.0039,0.00391,156695.6,1936537,2720615.1,1062825.1,1151001.4,1057817.1,684744.5,258349.4,560277,565999.2,728648.1,2827356.1,710551.1,726675.8,657568.5,391421.2,295662.6,679196.9,879150,741313.7
5,0.00381,0.0038,0.00379,0.00378,0.00377,0.00376,0.00375,0.00374,0.00373,0.00372,0.00382,0.00383,0.00384,0.00385,0.00386,0.00387,0.00388,0.00389,0.0039,0.00391,156673.6,1765515.5,2457194.7,1212148.6,1151002.2,1042759.3,640061.1,303152.2,560277,565999.2,1044951.2,2833204,710551.1,737786.9,657568.5,391421.2,372496.2,591252.2,879150,741313.7
6,0.00381,0.0038,0.00379,0.00378,0.00377,0.00376,0.00375,0.00374,0.00373,0.00372,0.00382,0.00383,0.00384,0.00385,0.00386,0.00387,0.00388,0.00389,0.0039,0.00391,152263.1,1769880.4,2722611.2,1212148.6,1151002.2,1042759.3,610475.7,303152.2,605199.9,565999.2,1062545.2,2860222.9,710551.9,737786.9,657568.5,391421.2,372496.2,591252.2,879150,741313.7
7,0.0038,0.00379,0.00378,0.00377,0.00376,0.00375,0.00374,0.00373,0.00372,0.00371,0.00381,0.00382,0.00383,0.00384,0.00385,0.00386,0.00387,0.00388,0.00389,0.0039,726848.3,3252039.5,2227134.9,1198083.5,1013252.6,595377.7,303152.2,650122.8,565999.2,580514.1,233118.3,1450865.4,2755646.8,905325.1,541502.7,658150.2,333934.1,372496.2,548177,879150
8,0.0038,0.00379,0.00378,0.00377,0.00376,0.00375,0.00374,0.00373,0.00372,0.00371,0.00381,0.00382,0.00383,0.00384,0.00385,0.00386,0.00387,0.00388,0.00389,0.0039,967268.7,2718746,2473196.2,1198083.5,1023824.5,584777.6,347955,605199.9,565999.2,580514.1,128105.2,1450865.4,2344667.1,649871.5,530391.6,658150.2,290636.3,338848.8,644655,879150
9,0.0038,0.00379,0.00378,0.00377,0.00376,0.00375,0.00374,0.00373,0.00372,0.00371,0.00381,0.00382,0.00383,0.00384,0.00385,0.00386,0.00387,0.00388,0.00389,0.0039,967268.7,2484167.6,2152260.8,1198086.1,1013252.6,595377.7,347955,605199.9,565999.2,580514.1,157468.1,1450865.4,2286497.1,649871.5,530391.6,658150.2,290636.3,415682.4,567821.4,879150
10,0.0038,0.00379,0.00378,0.00377,0.00376,0.00375,0.00374,0.00373,0.00372,0.00371,0.00381,0.00382,0.00383,0.00384,0.00385,0.00386,0.00387,0.00388,0.00389,0.0039,911025.4,2657302.1,2158929.8,1198094.4,998194.8,610475.7,347955,605199.9,565999.2,580514.1,95318.7,1450957.3,2286526.1,649871.5,530391.6,658150.2,290636.3,415682.4,567821.4,879150
11,0.0038,0.00379,0.00378,0.00377,0.00376,0.00375,0.00374,0.00373,0.00372,0.00371,0.00382,0.00383,0.00384,0.00385,0.00386,0.00387,0.00388,0.00389,0.0039,0.00391,1157155.3,2223809.6,2579554.3,1198094.4,998194.8,610475.7,347955,605199.9,565999.2,580514.1,1503972.9,2655289.1,646554.8,685243.8,658150.2,390891.2,415682.4,559288.1,879150,353318.7
12,0.00381,0.0038,0.00379,0.00378,0.00377,0.00376,0.00375,0.00374,0.00373,0.00372,0.00382,0.00383,0.00384,0.00385,0.00386,0.00387,0.00388,0.00389,0.0039,0.00391,152263.1,1123244.4,2291724,2474329.7,1198094.4,998194.8,610475.7,303152.2,650122.8,565999.2,624714.4,2764811.1,690378.8,685243.8,658150.2,390891.2,415682.4,559288.1,879150,741313.7
13,0.00381,0.0038,0.00379,0.00378,0.00377,0.00376,0.00375,0.00374,0.00373,0.00372,0.00382,0.00383,0.00384,0.00385,0.00386,0.00387,0.00388,0.00389,0.0039,0.00391,533713.5,1527240.2,2530658.3,2206741,1198094.4,1212194.8,396475.7,258349.4,695045.7,565999.2,787711.3,3068768.7,646554.8,685243.8,658150.2,390891.2,372496.2,602363.3,879150,353318.7
14,0.0038,0.00379,0.00378,0.00377,0.00376,0.00375,0.00374,0.00373,0.00372,0.00371,0.00381,0.00382,0.00383,0.00384,0.00385,0.00386,0.00387,0.00388,0.00389,0.0039,638185.1,2430149.7,2670833.7,1395476.1,1212194.8,385875.6,224175,695045.7,611042.9,580514.1,1194817.7,2327763.1,2132394,641867.3,530391.6,658150.2,434189,372496.2,563975.6,879150
15,0.0038,0.00379,0.00378,0.00377,0.00376,0.00375,0.00374,0.00373,0.00372,0.00371,0.00381,0.00382,0.00383,0.00384,0.00385,0.00386,0.00387,0.00388,0.00389,0.0039,226370.1,1545609.5,3070583.4,1601153.2,1006181.6,422682.9,482977.8,695045.7,611042.9,580514.1,1194817.7,2023098.6,1448925.4,641867.3,530391.6,701560.2,390891.2,372496.2,563975.6,1267145
16,0.00379,0.00378,0.00377,0.00376,0.00375,0.00374,0.00373,0.00372,0.00371,0.0037,0.0038,0.00381,0.00382,0.00383,0.00384,0.00385,0.00386,0.00387,0.00388,0.00389,1581548,2970594.1,1683666.8,1166201.5,520982.2,619255.4,695045.7,611042.9,580514.1,470388.8,154952.2,1604921.1,2106841.4,1469300.3,478490.8,653751.2,459514.2,290636.3,630678.2,563975.6
17,0.00379,0.00378,0.00377,0.00376,0.00375,0.00374,0.00373,0.00372,0.00371,0.0037,0.0038,0.00381,0.00382,0.00383,0.00384,0.00385,0.00386,0.00387,0.00388,0.00389,1589795.9,2606829.3,2039377.2,1166201.5,536080.2,604117,695045.7,611042.9,580514.1,470388.8,150593.9,1609264.4,2106841.4,1425941.3,478490.8,653751.2,459514.2,290636.3,635365.7,682443.6
18,0.00379,0.00378,0.00377,0.00376,0.00375,0.00374,0.00373,0.00372,0.00371,0.0037,0.0038,0.00381,0.00382,0.00383,0.00384,0.00385,0.00386,0.00387,0.00388,0.00389,1852945.5,2926660.4,1716168.7,1166201.5,520982.2,619255.4,695045.7,611042.9,580514.1,470388.8,153185.6,1604921.1,2306841.4,1240451.3,478490.8,653751.2,459514.2,290636.3,635365.7,559288.1
19,0.00379,0.00378,0.00377,0.00376,0.00375,0.00374,0.00373,0.00372,0.00371,0.0037,0.0038,0.00381,0.00382,0.00383,0.00384,0.00385,0.00386,0.00387,0.00388,0.00389,1870662.7,3776637.2,1701699.9,1166201.5,520982.2,619255.4,695045.7,611042.9,580514.1,470388.8,115637.4,1655105.1,2306841.4,1240451.3,478490.8,653751.2,459514.2,290636.3,635365.7,559288.1
20,0.0038,0.00379,0.00378,0.00377,0.00376,0.00375,0.00374,0.00373,0.00372,0.00371,0.00381,0.00382,0.00383,0.00384,0.00385,0.00386,0.00387,0.00388,0.00389,0.0039,1322542,2529896.9,2728741.5,1203163,1006181.6,546680.3,472349.4,695045.7,611042.9,580514.1,981393.1,2621192.8,1453274.3,673635.5,610228.5,459514.2,333934.1,635365.7,559288.1,1267145
21,0.0038,0.00379,0.00378,0.00377,0.00376,0.00375,0.00374,0.00373,0.00372,0.00371,0.00381,0.00382,0.00383,0.00384,0.00385,0.00386,0.00387,0.00388,0.00389,0.0039,152528.8,2268619.6,2748495.3,1419858.6,916944.6,760680.3,392757.8,605199.9,565999.2,580514.1,1137702.3,2862616.9,1434269.2,673635.5,610228.5,459514.2,333934.1,635365.7,559288.1,1267145
22,0.0038,0.00379,0.00378,0.00377,0.00376,0.00375,0.00374,0.00373,0.00372,0.00371,0.00381,0.00382,0.00383,0.00384,0.00385,0.00386,0.00387,0.00388,0.00389,0.0039,47250,2087124.8,3307777.9,1693566.6,916944.6,894730.5,258349.4,605199.9,565999.2,580514.1,1316267.1,2862616.9,1434269.2,673635.5,610228.5,459514.2,333934.1,558532.1,636121.7,1002305.5
23,0.0038,0.00379,0.00378,0.00377,0.00376,0.00375,0.00374,0.00373,0.00372,0.00371,0.00381,0.00382,0.00383,0.00384,0.00385,0.00386,0.00387,0.00388,0.00389,0.0039,1177050.7,3594109.9,2314184,1222476.9,400468.4,766235.2,258349.4,605199.9,565999.2,580514.1,59444.1,1470609.2,2577582.5,740688.5,530391.6,642660.4,333934.1,553844.6,636121.7,1002305.5
24,0.0038,0.00379,0.00378,0.00377,0.00376,0.00375,0.00374,0.00373,0.00372,0.00371,0.00381,0.00382,0.00383,0.00384,0.00385,0.00386,0.00387,0.00388,0.00389,0.0039,1397966.9,3125213.2,1939268.8,1222476.9,489597.4,766235.2,213546.6,560277,565999.2,580514.1,47250,1681733.5,2402970,740688.5,530391.6,642660.4,290636.3,630678.2,559288.1,922114.8
25,0.00381,0.0038,0.00379,0.00378,0.00377,0.00376,0.00375,0.00374,0.00373,0.00372,0.00382,0.00383,0.00384,0.00385,0.00386,0.00387,0.00388,0.00389,0.0039,0.00391,257393.9,1850291.9,2421904.7,1805259.5,1222476.9,524628,470744.5,258349.4,560277,565999.2,672626.5,2415828.2,784535.7,726658.3,642660.4,390977.7,553844.6,679196.9,879150,741313.7
26,0.00381,0.0038,0.00379,0.00378,0.00377,0.00376,0.00375,0.00374,0.00373,0.00372,0.00382,0.00383,0.00384,0.00385,0.00386,0.00387,0.00388,0.00389,0.0039,0.00391,1167786.6,1845861.6,2514118.7,1735564.7,698961.1,749199.9,504827.8,213546.6,560277,565999.2,609381.7,3044567.4,1309103.4,726658.3,642660.4,390977.7,558532.1,679196.9,879150,741313.7
27,0.00382,0.00381,0.0038,0.00379,0.00378,0.00377,0.00376,0.00375,0.00374,0.00373,0.00383,0.00384,0.00385,0.00386,0.00387,0.00388,0.00389,0.0039,0.00391,0.00392,106118.1,1370350.8,3189000.6,2058651.1,880262.6,689876.9,675962.8,470744.5,480602.7,560277,1177457.4,3194724.4,713242.3,762878.9,590390.2,400314.4,679196.9,879150,741313.7,776605.8
28,0.00382,0.00381,0.0038,0.00379,0.00378,0.00377,0.00376,0.00375,0.00374,0.00373,0.00383,0.00384,0.00385,0.00386,0.00387,0.00388,0.00389,0.0039,0.00391,0.00392,295953.2,1764538.7,2564854.4,1782744.4,969035.8,725736.1,606939.6,415461,480602.7,560277,1177445,2405090.8,770905.4,762878.9,590390.2,400314.4,636121.7,879150,396173.6,1164600.8
29,0.00382,0.00381,0.0038,0.00379,0.00378,0.00377,0.00376,0.00375,0.00374,0.00373,0.00383,0.00384,0.00385,0.00386,0.00387,0.00388,0.00389,0.0039,0.00391,0.00392,253253.2,1644310.5,2620925.6,1792695.4,969035.8,770182.4,606939.6,370777.6,480602.7,560277,1177345.6,3169045,775888.7,762878.9,590390.2,395626.9,636121.7,879150,396173.6,1164600.8
30,0.00382,0.00381,0.0038,0.00379,0.00378,0.00377,0.00376,0.00375,0.00374,0.00373,0.00383,0.00384,0.00385,0.00386,0.00387,0.00388,0.00389,0.0039,0.00391,0.00392,1294184.8,3148482.5,2052275.6,1712993.8,340327.2,727130,322745.4,637123.4,480602.7,560277,47250,1867435.8,2914261.8,767596.3,509694.7,587808.9,401972.1,955983.6,396173.6,480382.9
31,0.00382,0.00381,0.0038,0.00379,0.00378,0.00377,0.00376,0.00375,0.00374,0.00373,0.00384,0.00385,0.00386,0.00387,0.00388,0.00389,0.0039,0.00391,0.00392,0.00393,2015254.1,3264657.1,1630100.9,1712993.8,473313.3,682683.7,278180.9,486580.2,480602.7,560277,1921363.5,3062450.7,806469.4,509694.7,587808.9,401972.1,955983.6,396173.6,480382.9,1197054.8
32,0.00383,0.00382,0.00381,0.0038,0.00379,0.00378,0.00377,0.00376,0.00375,0.00374,0.00384,0.00385,0.00386,0.00387,0.00388,0.00389,0.0039,0.00391,0.00392,0.00393,104454.2,2101402.3,2912958.3,1448919.3,1712993.8,509311.4,646708.4,278180.9,486580.2,480602.7,1042284.3,3192140.8,853289.8,509694.7,587808.9,483493.2,879150,353318.7,357227.4,1362847.1
33,0.00382,0.00381,0.0038,0.00379,0.00378,0.00377,0.00376,0.00375,0.00374,0.00373,0.00383,0.00384,0.00385,0.00386,0.00387,0.00388,0.00389,0.0039,0.00391,0.00392,2316803.1,2969627.7,2013180.9,1712993.8,509311.4,591717.4,333318.2,486580.2,480602.7,560277,153006.9,1720320.4,3142595.7,801835.7,509694.7,587808.9,483493.2,879150,353318.7,399973
34,0.00382,0.00381,0.0038,0.00379,0.00378,0.00377,0.00376,0.00375,0.00374,0.00373,0.00383,0.00384,0.00385,0.00386,0.00387,0.00388,0.00389,0.0039,0.00391,0.00392,1062049.2,2119983.1,2519575,1784327.6,420654,621144.2,348377.6,531263.6,480602.7,560277,1186531.8,2411580.8,2281399.4,801835.7,509694.7,587808.9,483493.2,879150,353318.7,399973
35,0.00382,0.00381,0.0038,0.00379,0.00378,0.00377,0.00376,0.00375,0.00374,0.00373,0.00383,0.00384,0.00385,0.00386,0.00387,0.00388,0.00389,0.0039,0.00391,0.00392,1031375.6,1959781,2404396.2,1695788.6,509427.2,557815.8,367309.9,575947,480602.7,560277,853474,1765680.8,2490574.5,801835.7,509694.7,587808.9,415192.9,955983.6,353318.7,523128.5
36,0.00382,0.00381,0.0038,0.00379,0.00378,0.00377,0.00376,0.00375,0.00374,0.00373,0.00383,0.00384,0.00385,0.00386,0.00387,0.00388,0.00389,0.0039,0.00391,0.00392,1026948.7,2263087.2,2002372.8,1829797.9,509427.2,557815.8,367309.9,575947,480602.7,560277,1163792.6,2356526.8,1776771.6,801835.7,509694.7,587808.9,415192.9,955983.6,396173.6,480382.9
37,0.00382,0.00381,0.0038,0.00379,0.00378,0.00377,0.00376,0.00375,0.00374,0.00373,0.00383,0.00384,0.00385,0.00386,0.00387,0.00388,0.00389,0.0039,0.00391,0.00392,503752.4,3007169.4,2719397.5,1128675.5,429100.4,626800.4,377882.7,575947,480602.7,560277,1186814.5,2357680.8,1777730.6,801835.7,509694.7,587808.9,492026.5,879150,396173.6,745222.4
38,0.00382,0.00381,0.0038,0.00379,0.00378,0.00377,0.00376,0.00375,0.00374,0.00373,0.00383,0.00384,0.00385,0.00386,0.00387,0.00388,0.00389,0.0039,0.00391,0.00392,1026948.7,2334204.5,2783523.1,1195882.3,429100.4,626800.4,288753.7,665313.8,480602.7,560277,1186715.6,2387039,1777684.7,801835.7,509694.7,582782.6,467694.6,879150,396173.6,745222.4
39,0.00381,0.0038,0.00379,0.00378,0.00377,0.00376,0.00375,0.00374,0.00373,0.00372,0.00382,0.00383,0.00384,0.00385,0.00386,0.00387,0.00388,0.00389,0.0039,0.00391,2288832.7,2784839.1,1302809.1,837938.9,733212.9,333318.2,575947,525405.5,560277,297468.7,162887.4,1787088.5,2936396.6,1382995.2,657551.4,509694.7,471028.9,367469.9,922114.8,353318.7
40,0.00381,0.0038,0.00379,0.00378,0.00377,0.00376,0.00375,0.00374,0.00373,0.00372,0.00382,0.00383,0.00384,0.00385,0.00386,0.00387,0.00388,0.00389,0.0039,0.00391,2012422.9,2837472.7,1315586.9,762863.1,504193.4,562377.6,620630.4,480602.7,560277,297468.7,269267.3,1697249.3,2304126.3,1301288.1,657551.4,590763.2,390600.6,410545.1,879150,353318.7
41,0.00381,0.0038,0.00379,0.00378,0.00377,0.00376,0.00375,0.00374,0.00373,0.00372,0.00382,0.00383,0.00384,0.00385,0.00386,0.00387,0.00388,0.00389,0.0039,0.00391,1702373.2,3859162.6,1312516.2,762863.1,504193.4,517813.1,665313.8,480602.7,560277,297468.7,164565.1,1697249.3,2586337,1234235.1,605742.7,590763.2,390600.6,431370,879150,353318.7
42,0.00381,0.0038,0.00379,0.00378,0.00377,0.00376,0.00375,0.00374,0.00373,0.00372,0.00382,0.00383,0.00384,0.00385,0.00386,0.00387,0.00388,0.00389,0.0039,0.00391,1702373.2,3859256.6,1312516.2,762863.1,504193.4,517813.1,665313.8,480602.7,560277,297468.7,164565.1,1697334.8,2588246,1234235.1,605742.7,590763.2,390600.6,431370,879150,353318.7
43,0.00381,0.0038,0.00379,0.00378,0.00377,0.00376,0.00375,0.00374,0.00373,0.00372,0.00382,0.00383,0.00384,0.00385,0.00386,0.00387,0.00388,0.00389,0.0039,0.00391,1807375.7,3629674.7,1673539.4,762863.1,504193.4,517813.1,665313.8,480602.7,560277,297468.7,164565.1,1697334.8,2588269,1234235.1,605742.7,590763.2,433786.8,388294.8,879150,353318.7
44,0.00381,0.0038,0.00379,0.00378,0.00377,0.00376,0.00375,0.00374,0.00373,0.00372,0.00382,0.00383,0.00384,0.00385,0.00386,0.00387,0.00388,0.00389,0.0039,0.00391,1047774.6,2293758.7,2672195.7,967114.3,459747.1,562377.6,354284.6,525405.5,560277,297468.7,997199.3,2400075.4,2090940.2,1234235.1,605742.7,472046.2,433786.8,388294.8,879150,353318.7
45,0.00381,0.0038,0.00379,0.00378,0.00377,0.00376,0.00375,0.00374,0.00373,0.00372,0.00382,0.00383,0.00384,0.00385,0.00386,0.00387,0.00388,0.00389,0.0039,0.00391,1047774.6,2293758.7,2736761,967972.6,459747.1,562377.6,264917.8,615011.1,560277,297468.7,1060414.6,2866642,1373431.2,1234235.1,605742.7,472046.2,433786.8,388294.8,879150,353318.7
46,0.0038,0.00379,0.00378,0.00377,0.00376,0.00375,0.00374,0.00373,0.00372,0.00371,0.00381,0.00382,0.00383,0.00384,0.00385,0.00386,0.00387,0.00388,0.00389,0.0039,2118981,3840243.4,897606.6,858383.6,523955.6,590135.6,615011.1,560277,297468.7,580514.1,162887.4,1551567,2252302.8,1483341.4,1040171.9,605742.7,515344,390600.6,645772,879150
47,0.0038,0.00379,0.00378,0.00377,0.00376,0.00375,0.00374,0.00373,0.00372,0.00371,0.00381,0.00382,0.00383,0.00384,0.00385,0.00386,0.00387,0.00388,0.00389,0.0039,1587024.1,3416122.9,1206455.6,795837.4,464331.7,649918.6,570208.3,605199.9,297468.7,580514.1,167255.7,1660716.8,2440694.8,1434165.5,1040171.9,730278.6,390977.7,467434.2,564250.9,879150
48,0.0038,0.00379,0.00378,0.00377,0.00376,0.00375,0.00374,0.00373,0.00372,0.00371,0.00381,0.00382,0.00383,0.00384,0.00385,0.00386,0.00387,0.00388,0.00389,0.0039,953521.5,2281528.4,1744334.8,865364.5,383277,615196,224175.9,695045.7,297468.7,580514.1,1063542.5,1643120.9,2090814.9,1232887.5,1040171.9,628561.5,390977.7,367469.9,564250.9,879150
49,0.0038,0.00379,0.00378,0.00377,0.00376,0.00375,0.00374,0.00373,0.00372,0.00371,0.00381,0.00382,0.00383,0.00384,0.00385,0.00386,0.00387,0.00388,0.00389,0.0039,47250,1972067.5,3380815.5,653174.2,472537.4,773371.1,580322.3,650122.8,342512.4,580514.1,1109295.9,2220500,2040067.6,1212994.3,1083694.6,571735.5,390977.7,367469.9,564250.9,1002305.5
50,0.0038,0.00379,0.00378,0.00377,0.00376,0.00375,0.00374,0.00373,0.00372,0.00371,0.00381,0.00382,0.00383,0.00384,0.00385,0.00386,0.00387,0.00388,0.00389,0.0039,47250,2414077.1,2912314.4,604355,472537.4,728687.7,580322.3,695045.7,297468.7,625679.2,1117829.2,1603286.3,2611755.2,1199773.6,1083694.6,571735.5,390977.7,367469.9,548113.5,1002305.5
51,0.00379,0.00378,0.00377,0.00376,0.00375,0.00374,0.00373,0.00372,0.00371,0.0037,0.0038,0.00381,0.00382,0.00383,0.00384,0.00385,0.00386,0.00387,0.00388,0.00389,1219372.8,3054636.2,1230858.9,670703.1,728687.7,580322.3,695045.7,342512.4,580514.1,470388.8,51671,1596455.9,2299017.6,1755173,894706.2,1083694.6,571735.5,390977.7,625624.1,548113.5
52,0.00379,0.00378,0.00377,0.00376,0.00375,0.00374,0.00373,0.00372,0.00371,0.0037,0.0038,0.00381,0.00382,0.00383,0.00384,0.00385,0.00386,0.00387,0.00388,0.00389,1635279.3,3028933.4,1210393,670703.1,728687.7,580322.3,695045.7,342512.4,580514.1,470388.8,49943,1661116.7,2481635.7,1122111.4,894706.2,1164725.8,490609.6,390977.7,625624.1,548113.5
53,0.00379,0.00378,0.00377,0.00376,0.00375,0.00374,0.00373,0.00372,0.00371,0.0037,0.0038,0.00381,0.00382,0.00383,0.00384,0.00385,0.00386,0.00387,0.00388,0.00389,1635279.3,2608002.1,1261919,670703.1,718086.8,590951.6,650122.8,387556.1,580514.1,470388.8,49943,1706936.3,2459688.7,1122111.4,894706.2,1164725.8,490609.6,390977.7,625624.1,671269
54,0.00379,0.00378,0.00377,0.00376,0.00375,0.00374,0.00373,0.00372,0.00371,0.0037,0.0038,0.00381,0.00382,0.00383,0.00384,0.00385,0.00386,0.00387,0.00388,0.00389,1572639.7,2310484,1036728.5,472537.4,762770.2,546148.8,650122.8,342512.4,625679.2,470388.8,51613.5,1023874,2160180.2,1089229.3,894706.2,1164725.8,490609.6,390977.7,625624.1,671269
55,0.00379,0.00378,0.00377,0.00376,0.00375,0.00374,0.00373,0.00372,0.00371,0.0037,0.0038,0.00381,0.00382,0.00383,0.00384,0.00385,0.00386,0.00387,0.00388,0.00389,1154186.9,2288842.6,988048.9,477931.6,702987.2,606091.5,695045.7,342512.4,580514.1,470388.8,14423.3,1011881,1754544.2,939229.3,894706.2,1164725.8,490609.6,467811.3,548790.5,548113.5
56,0.00379,0.00378,0.00377,0.00376,0.00375,0.00374,0.00373,0.00372,0.00371,0.0037,0.0038,0.00381,0.00382,0.00383,0.00384,0.00385,0.00386,0.00387,0.00388,0.00389,835365,2728200.1,1101988.1,481056.6,702987.2,606091.5,650122.8,387556.1,580514.1,470388.8,30025.3,1393924.4,1944505.7,934541.8,894706.2,1164725.8,490609.6,467811.3,548790.5,548113.5
57,0.00379,0.00378,0.00377,0.00376,0.00375,0.00374,0.00373,0.00372,0.00371,0.0037,0.0038,0.00381,0.00382,0.00383,0.00384,0.00385,0.00386,0.00387,0.00388,0.00389,835458.3,2879935.2,765560.2,481056.6,702987.2,606091.9,650122.8,387556.1,580514.1,470388.8,30025.3,1393987.4,1876985.7,934541.8,894706.2,1164725.8,490609.6,467811.3,548790.5,548113.5
58,0.00379,0.00378,0.00377,0.00376,0.00375,0.00374,0.00373,0.00372,0.00371,0.0037,0.0038,0.00381,0.00382,0.00383,0.00384,0.00385,0.00386,0.00387,0.00388,0.00389,1213441.1,2757767.9,1084193.7,481056.6,718087.4,590952,650122.8,387556.1,580514.1,470388.8,30097.2,1574929.2,1691683.7,934541.8,894706.2,1164725.8,490609.6,390977.7,625624.1,671269
59,0.00379,0.00378,0.00377,0.00376,0.00375,0.00374,0.00373,0.00372,0.00371,0.0037,0.0038,0.00381,0.00382,0.00383,0.00384,0.00385,0.00386,0.00387,0.00388,0.00389,1152330.6,2560255,1084193.7,472537.4,718087.4,590952,650122.8,387556.1,580514.1,470388.8,30097.2,1529241.5,1691683.7,934541.8,894706.2,1164725.8,490609.6,390977.7,625624.1,671269
60,0.00379,0.00378,0.00377,0.00376,0.00375,0.00374,0.00373,0.00372,0.00371,0.0037,0.0038,0.00381,0.00382,0.00383,0.00384,0.00385,0.00386,0.00387,0.00388,0.00389,833434.9,2735486.9,1072297.9,383277,792485.7,606092.6,650122.8,387556.1,580514.1,470388.8,30097.2,1575529.2,1701676.7,934541.8,894706.2,1164725.8,490609.6,390977.7,625624.1,671269
61,0.00379,0.00378,0.00377,0.00376,0.00375,0.00374,0.00373,0.00372,0.00371,0.0037,0.0038,0.00381,0.00382,0.00383,0.00384,0.00385,0.00386,0.00387,0.00388,0.00389,833492.5,1808623.1,1120741.2,390992,792485.7,606092.6,650122.8,387556.1,580514.1,470388.8,30097.2,1580096.1,1701676.7,934541.8,894706.2,1164725.8,490609.6,467811.3,548790.5,671269
62,0.00379,0.00378,0.00377,0.00376,0.00375,0.00374,0.00373,0.00372,0.00371,0.0037,0.0038,0.00381,0.00382,0.00383,0.00384,0.00385,0.00386,0.00387,0.00388,0.00389,1803160.3,2197419.5,1102805.8,390992,792485.7,606093.2,650122.8,387556.1,580514.1,470388.8,14495.2,1567614.6,1701676.7,934541.8,894706.2,1164725.8,490609.6,390977.7,625624.1,671269
63,0.00378,0.00377,0.00376,0.00375,0.00374,0.00373,0.00372,0.00371,0.0037,0.00369,0.00379,0.0038,0.00381,0.00382,0.00383,0.00384,0.00385,0.00386,0.00387,0.00388,1881006.4,2610615.7,790498.4,717049.2,513341.3,734010.7,342512.4,670844.3,470388.8,709564.3,60501,974194.1,1793716.5,1114254.4,855196.7,917629,492086.5,459514.2,626315.5,548790.5
64,0.00378,0.00377,0.00376,0.00375,0.00374,0.00373,0.00372,0.00371,0.0037,0.00369,0.00379,0.0038,0.00381,0.00382,0.00383,0.00384,0.00385,0.00386,0.00387,0.00388,1863444.5,2437011,766443.1,710510,513341.3,734010.7,342512.4,670844.3,470388.8,709564.3,60501,974170.3,1745051.8,1114254.4,855196.7,999142.7,411055.3,459514.2,626315.5,548790.5
65,0.00378,0.00377,0.00376,0.00375,0.00374,0.00373,0.00372,0.00371,0.0037,0.00369,0.00379,0.0038,0.00381,0.00382,0.00383,0.00384,0.00385,0.00386,0.00387,0.00388,814998.8,2286582.3,2299409,722030.7,514861.7,734010.7,342512.4,670844.3,470388.8,709564.3,233327.2,1621000.6,1776123.8,908312.5,887835.6,955506.6,411055.3,359264.2,626315.5,671946
66,0.00378,0.00377,0.00376,0.00375,0.00374,0.00373,0.00372,0.00371,0.0037,0.00369,0.00379,0.0038,0.00381,0.00382,0.00383,0.00384,0.00385,0.00386,0.00387,0.00388,1220453.9,2119611.1,1953896.8,632532.2,604599.5,684549.8,342512.4,716009.4,470388.8,709564.3,67267.9,1060336.8,2039273.7,920604.6,887835.6,955506.6,411055.3,359264.2,626315.5,671946
67,0.00378,0.00377,0.00376,0.00375,0.00374,0.00373,0.00372,0.00371,0.0037,0.00369,0.00379,0.0038,0.00381,0.00382,0.00383,0.00384,0.00385,0.00386,0.00387,0.00388,1209354,2871737.1,1968461.1,632532.2,604599.5,684550.8,342512.4,716009.4,470388.8,709564.3,67267.9,1060336.8,2039273.7,920604.6,844085.6,999142.7,411055.3,359264.2,626315.5,671946
68,0.00378,0.00377,0.00376,0.00375,0.00374,0.00373,0.00372,0.00371,0.0037,0.00369,0.00379,0.0038,0.00381,0.00382,0.00383,0.00384,0.00385,0.00386,0.00387,0.00388,1948972.4,1768452,2142142.2,722030.7,528482.9,669368.8,346311.8,716009.4,470388.8,709564.3,67267.9,1060336.8,1982682.7,920604.6,844085.6,999142.7,411055.3,359264.2,626315.5,671946
69,0.00378,0.00377,0.00376,0.00375,0.00374,0.00373,0.00372,0.00371,0.0037,0.00369,0.00379,0.0038,0.00381,0.00382,0.00383,0.00384,0.00385,0.00386,0.00387,0.00388,1885879.2,1094587.9,2443998.2,722030.7,528482.9,669368.8,391355.5,670844.3,470388.8,709564.3,67267.9,1060326.7,1927389.7,920604.6,844085.6,999142.7,411055.3,359264.2,626315.5,671946
70,0.00378,0.00377,0.00376,0.00375,0.00374,0.00373,0.00372,0.00371,0.0037,0.00369,0.00379,0.0038,0.00381,0.00382,0.00383,0.00384,0.00385,0.00386,0.00387,0.00388,1885879.2,1652840.9,2246688.8,722030.7,513341.3,684551.1,391355.5,625679.2,515676,709564.3,67267.9,1060326.7,1741348.7,920604.6,844085.6,999142.7,411055.3,359264.2,626315.5,671946
71,0.00378,0.00377,0.00376,0.00375,0.00374,0.00373,0.00372,0.00371,0.0037,0.00369,0.00379,0.0038,0.00381,0.00382,0.00383,0.00384,0.00385,0.00386,0.00387,0.00388,2129357.2,1930618.8,1965638.9,632532.2,603079.1,425628.2,342512.4,625679.2,606250.4,709564.3,51614.9,1060326.7,1741348.7,920604.6,844085.6,999142.7,411055.3,359264.2,626315.5,671946
72,0.00378,0.00377,0.00376,0.00375,0.00374,0.00373,0.00372,0.00371,0.0037,0.00369,0.00379,0.0038,0.00381,0.00382,0.00383,0.00384,0.00385,0.00386,0.00387,0.00388,753626.5,2182831.6,2080744.1,700791.2,522762.6,721294.8,342512.4,625679.2,606250.4,709564.3,767667.2,1041401.1,1697524.3,920604.6,887835.6,430938.9,411055.3,436097.8,549481.9,936785.5
73,0.00378,0.00377,0.00376,0.00375,0.00374,0.00373,0.00372,0.00371,0.0037,0.00369,0.00379,0.0038,0.00381,0.00382,0.00383,0.00384,0.00385,0.00386,0.00387,0.00388,1138488.1,2825271.8,1658083,700791.2,522762.6,721294.8,477643.5,625679.2,470388.8,709564.3,930766,1747806.1,1133785.1,920604.6,844085.6,474575,411055.3,436097.8,549481.9,936785.5
74,0.00378,0.00377,0.00376,0.00375,0.00374,0.00373,0.00372,0.00371,0.0037,0.00369,0.00379,0.0038,0.00381,0.00382,0.00383,0.00384,0.00385,0.00386,0.00387,0.00388,2517520.1,3371396.1,1132743.9,723333.1,433024.8,761640.4,432599.8,625679.2,470388.8,709564.3,51614.9,1218993.5,1939241.7,910890.7,844085.6,474575,411055.3,359264.2,626315.5,671946
75,0.00378,0.00377,0.00376,0.00375,0.00374,0.00373,0.00372,0.00371,0.0037,0.00369,0.00379,0.0038,0.00381,0.00382,0.00383,0.00384,0.00385,0.00386,0.00387,0.00388,2468273.1,3078664.5,1132283.5,723333.1,537772.1,791381,342512.4,580514.1,470388.8,709564.3,51614.9,1218993.5,1939241.7,910890.7,844085.6,474575,411055.3,359264.2,626315.5,671946
76,0.00378,0.00377,0.00376,0.00375,0.00374,0.00373,0.00372,0.00371,0.0037,0.00369,0.00379,0.0038,0.00381,0.00382,0.00383,0.00384,0.00385,0.00386,0.00387,0.00388,2501319.6,2904496.9,1434074.2,723333.1,582574.9,746458.1,342512.4,580514.1,470388.8,709564.3,51614.9,1218993.5,1939241.7,910890.7,844085.6,474575,411055.3,359264.2,626315.5,671946
77,0.00378,0.00377,0.00376,0.00375,0.00374,0.00373,0.00372,0.00371,0.0037,0.00369,0.00379,0.0038,0.00381,0.00382,0.00383,0.00384,0.00385,0.00386,0.00387,0.00388,2468273.1,3207359.3,1124749.7,723333.1,567433.2,761640.4,342512.4,580514.1,470388.8,709564.3,49607.8,1215733.7,1850269.7,899779.6,844085.6,474575,411055.3,436097.8,560593,548790.5
78,0.00378,0.00377,0.00376,0.00375,0.00374,0.00373,0.00372,0.00371,0.0037,0.00369,0.00379,0.0038,0.00381,0.00382,0.00383,0.00384,0.00385,0.00386,0.00387,0.00388,2619759.6,2526851.3,1252925,723333.1,567433.2,761640.4,342512.4,580514.1,470388.8,709564.3,48009.7,1215733.7,1850269.7,899779.6,844085.6,474575,411055.3,436097.8,560593,548790.5
79,0.00379,0.00378,0.00377,0.00376,0.00375,0.00374,0.00373,0.00372,0.00371,0.0037,0.0038,0.00381,0.00382,0.00383,0.00384,0.00385,0.00386,0.00387,0.00388,0.00389,1063857.4,2226705.2,2886694.9,1049088.3,723334.1,522630.4,806563.3,342512.4,580514.1,470388.8,1030604.6,1953813.8,899779.6,844085.6,430938.9,411055.3,479507.8,560593,548790.5,936108.5
80,0.00378,0.00377,0.00376,0.00375,0.00374,0.00373,0.00372,0.00371,0.0037,0.00369,0.00379,0.0038,0.00381,0.00382,0.00383,0.00384,0.00385,0.00386,0.00387,0.00388,2360725.7,2900487.5,878795.7,723334.1,567433.2,761640.4,342512.4,580514.1,470388.8,709564.3,51693.9,1237054.1,1852981.2,899779.6,844085.6,430938.9,454578,436097.8,560593,548790.5
81,0.00378,0.00377,0.00376,0.00375,0.00374,0.00373,0.00372,0.00371,0.0037,0.00369,0.00379,0.0038,0.00381,0.00382,0.00383,0.00384,0.00385,0.00386,0.00387,0.00388,2680374.9,2784887.6,878795.7,723337.2,567433.2,761640.4,342512.4,580514.1,470388.8,709564.3,51693.9,1237035.9,1852981.2,910890.7,844085.6,474575,411055.3,436097.8,549481.9,548790.5
82,0.00378,0.00377,0.00376,0.00375,0.00374,0.00373,0.00372,0.00371,0.0037,0.00369,0.00379,0.0038,0.00381,0.00382,0.00383,0.00384,0.00385,0.00386,0.00387,0.00388,1030940.7,2735731.9,2241377.2,671562.5,657175.1,750981.1,353200.3,580514.1,470388.8,709564.3,196459.4,1903556,1143135,910890.7,844085.6,474575,411055.3,436097.8,549481.9,548790.5
83,0.00378,0.00377,0.00376,0.00375,0.00374,0.00373,0.00372,0.00371,0.0037,0.00369,0.00379,0.0038,0.00381,0.00382,0.00383,0.00384,0.00385,0.00386,0.00387,0.00388,1030940.7,2993420.2,2312837.8,671562.5,567433.2,706058.2,398244,580514.1,470388.8,709564.3,196459.4,1898529.6,1143135,899779.6,844085.6,474575,411055.3,436097.8,549481.9,564927.9
84,0.00378,0.00377,0.00376,0.00375,0.00374,0.00373,0.00372,0.00371,0.0037,0.00369,0.00379,0.0038,0.00381,0.00382,0.00383,0.00384,0.00385,0.00386,0.00387,0.00388,1035362.4,3780958.7,1779682.7,748003.1,567433.2,503072,387556.1,580514.1,470388.8,709564.3,121263.6,1302821.4,1689230,899779.6,844085.6,430938.9,454578,436097.8,549481.9,564927.9
85,0.00378,0.00377,0.00376,0.00375,0.00374,0.00373,0.00372,0.00371,0.0037,0.00369,0.00379,0.0038,0.00381,0.00382,0.00383,0.00384,0.00385,0.00386,0.00387,0.00388,2596691.9,2655859.2,1327956.2,748014.8,477827.6,814746.7,387556.1,580514.1,470388.8,709564.3,28531.2,1198774.1,1839230,899779.6,844085.6,430938.9,454578,436097.8,549481.9,564927.9
86,0.00378,0.00377,0.00376,0.00375,0.00374,0.00373,0.00372,0.00371,0.0037,0.00369,0.00379,0.0038,0.00381,0.00382,0.00383,0.00384,0.00385,0.00386,0.00387,0.00388,2381344.9,2978962.7,1334924.8,748014.8,522630.4,814746.7,342512.4,580514.1,470388.8,709564.3,22212.4,1188371.9,1839230,899779.6,844085.6,430938.9,454578,359264.2,626315.5,564927.9
87,0.00378,0.00377,0.00376,0.00375,0.00374,0.00373,0.00372,0.00371,0.0037,0.00369,0.00379,0.0038,0.00381,0.00382,0.00383,0.00384,0.00385,0.00386,0.00387,0.00388,1146789.1,3038053.7,1649570.7,748025.1,477827.6,859669.6,342512.4,580514.1,470388.8,709564.3,171639.8,1693649.2,1293135,899779.6,844085.6,430938.9,454578,359264.2,626315.5,564927.9
88,0.00378,0.00377,0.00376,0.00375,0.00374,0.00373,0.00372,0.00371,0.0037,0.00369,0.00379,0.0038,0.00381,0.00382,0.00383,0.00384,0.00385,0.00386,0.00387,0.00388,1136776.6,3295746.8,1952314.5,748038.8,477827.6,814746.7,387556.1,580514.1,470388.8,709564.3,217906.7,1647696.5,1293135,899779.6,844085.6,430938.9,454578,359264.2,626315.5,564927.9
89,0.00378,0.00377,0.00376,0.00375,0.00374,0.00373,0.00372,0.00371,0.0037,0.00369,0.00379,0.0038,0.00381,0.00382,0.00383,0.00384,0.00385,0.00386,0.00387,0.00388,1136776.6,3938653.7,1637861.6,748038.8,477827.6,814746.7,387556.1,580514.1,470388.8,709564.3,244969.6,1647696.5,1293135,899779.6,844085.6,430938.9,454578,359264.2,626315.5,564927.9
90,0.00378,0.00377,0.00376,0.00375,0.00374,0.00373,0.00372,0.00371,0.0037,0.00369,0.00379,0.0038,0.00381,0.00382,0.00383,0.00384,0.00385,0.00386,0.00387,0.00388,1141248.2,3784146.2,1787577.3,748038.8,477827.6,814746.7,387556.1,580514.1,470388.8,709564.3,227612.1,1684849.9,1292952.6,899779.6,844085.6,430938.9,454578,436097.8,549481.9,564927.9
91,0.00378,0.00377,0.00376,0.00375,0.00374,0.00373,0.00372,0.00371,0.0037,0.00369,0.00379,0.0038,0.00381,0.00382,0.00383,0.00384,0.00385,0.00386,0.00387,0.00388,1141190.8,2883662,1915581.9,748051.9,477827.6,814746.7,387556.1,580514.1,470388.8,709564.3,181629,1730822.9,1292952.6,899779.6,844085.6,430938.9,454578,359264.2,626315.5,564927.9
92,0.00378,0.00377,0.00376,0.00375,0.00374,0.00373,0.00372,0.00371,0.0037,0.00369,0.00379,0.0038,0.00381,0.00382,0.00383,0.00384,0.00385,0.00386,0.00387,0.00388,2245454.3,3791859.3,929084.3,748051.9,492969.3,790869.1,387556.1,580514.1,470388.8,709564.3,49656.6,1209247.6,1828189.6,899779.6,844085.6,430938.9,411055.3,402674.2,626315.5,564927.9
93,0.00378,0.00377,0.00376,0.00375,0.00374,0.00373,0.00372,0.00371,0.0037,0.00369,0.00379,0.0038,0.00381,0.00382,0.00383,0.00384,0.00385,0.00386,0.00387,0.00388,2467148.3,3377435.3,947687.1,748051.9,537772.1,790869.1,342512.4,580514.1,470388.8,709564.3,49656.6,1209247.6,1828189.6,899779.6,844085.6,430938.9,411055.3,402674.2,626315.5,564927.9
94,0.00378,0.00377,0.00376,0.00375,0.00374,0.00373,0.00372,0.00371,0.0037,0.00369,0.00379,0.0038,0.00381,0.00382,0.00383,0.00384,0.00385,0.00386,0.00387,0.00388,2417366.7,2759331.8,1560183.4,748051.9,503600.1,825132.7,342512.4,580514.1,470388.8,709564.3,49656.6,1209221.3,1828189.6,899779.6,844085.6,430938.9,411055.3,402674.2,549481.9,641761.5
95,0.00378,0.00377,0.00376,0.00375,0.00374,0.00373,0.00372,0.00371,0.0037,0.00369,0.00379,0.0038,0.00381,0.00382,0.00383,0.00384,0.00385,0.00386,0.00387,0.00388,2573480.2,2899403.3,1419430.1,748051.9,503600.1,825132.7,342512.4,580514.1,470388.8,709564.3,49656.6,1209221.3,1811225.6,899779.6,844085.6,430938.9,411055.3,402674.2,549481.9,641761.5
96,0.00378,0.00377,0.00376,0.00375,0.00374,0.00373,0.00372,0.00371,0.0037,0.00369,0.00379,0.0038,0.00381,0.00382,0.00383,0.00384,0.00385,0.00386,0.00387,0.00388,2573480.2,2527309.4,1419482,748051.9,503600.1,825132.7,342512.4,580514.1,470388.8,709564.3,49656.6,1209221.3,1811225.6,899779.6,844085.6,430938.9,411055.3,402674.2,626315.5,564927.9
97,0.00378,0.00377,0.00376,0.00375,0.00374,0.00373,0.00372,0.00371,0.0037,0.00369,0.00379,0.0038,0.00381,0.00382,0.00383,0.00384,0.00385,0.00386,0.00387,0.00388,2573480.2,3201283.4,1118280.1,748051.9,503600.1,780209.8,387556.1,580514.1,470388.8,709564.3,49656.6,1209221.3,1811225.6,899779.6,844085.6,430938.9,411055.3,402674.2,626315.5,564927.9
98,0.00378,0.00377,0.00376,0.00375,0.00374,0.00373,0.00372,0.00371,0.0037,0.00369,0.00379,0.0038,0.00381,0.00382,0.00383,0.00384,0.00385,0.00386,0.00387,0.00388,1087782.4,2579010.6,2346211.9,815008.5,503600.1,780209.8,387556.1,580514.1,470388.8,709564.3,300012.5,1191822.8,1808855.6,899779.6,844085.6,430938.9,411055.3,402674.2,626315.5,688083.4
99,0.00378,0.00377,0.00376,0.00375,0.00374,0.00373,0.00372,0.00371,0.0037,0.00369,0.00379,0.0038,0.00381,0.00382,0.00383,0.00384,0.00385,0.00386,0.00387,0.00388,1087782.4,2729010.6,2214305.5,859019.6,433024.8,716205.6,432599.8,670844.3,470388.8,709564.3,991836.7,1235913,1601670.5,899779.6,844085.6,430938.9,454578,359264.2,626315.5,688083.4
100,0.00377,0.00376,0.00375,0.00374,0.00373,0.00372,0.00371,0.0037,0.00369,0.00368,0.00378,0.00379,0.0038,0.00381,0.00382,0.00383,0.00384,0.00385,0.00386,0.00387,2614190,2024017.1,698107.9,715148.2,878544.7,528800.8,670844.3,470388.8,709564.3,564203.3,122188.6,1276308.3,1164783.9,1601670.5,902812.4,924256.4,209595.6,454578,359264.2,626315.5
101,0.00377,0.00376,0.00375,0.00374,0.00373,0.00372,0.00371,0.0037,0.00369,0.00368,0.00378,0.00379,0.0038,0.00381,0.00382,0.00383,0.00384,0.00385,0.00386,0.00387,2655358.3,1886484.3,809052.3,715148.2,619621.8,573844.5,670844.3,470388.8,709564.3,564203.3,211516.3,1229765.5,1886285.1,940793.9,913923.5,924256.4,253231.7,411055.3,618746.5,626315.5
102,0.00377,0.00376,0.00375,0.00374,0.00373,0.00372,0.00371,0.0037,0.00369,0.00368,0.00379,0.0038,0.00381,0.00382,0.00383,0.00384,0.00385,0.00386,0.00387,0.00388,2920194,2180554.4,735796.7,759951,619621.8,387556.1,625679.2,515676,709564.3,564203.3,1270123.7,1823043.4,1090793.9,913923.5,924256.4,312720.6,411055.3,662156.5,626315.5,413791.8
103,0.00377,0.00376,0.00375,0.00374,0.00373,0.00372,0.00371,0.0037,0.00369,0.00368,0.00378,0.00379,0.0038,0.00381,0.00382,0.00383,0.00384,0.00385,0.00386,0.00387,2034015.8,2820598.4,807597,849556.6,619621.8,475379.5,625679.2,470388.8,709564.3,564203.3,153085.9,1227589.2,1886285.1,940793.9,913923.5,924256.4,356356.7,411055.3,618746.5,626315.5
104,0.00378,0.00377,0.00376,0.00375,0.00374,0.00373,0.00372,0.00371,0.0037,0.00369,0.00379,0.0038,0.00381,0.00382,0.00383,0.00384,0.00385,0.00386,0.00387,0.00388,153085.9,1878693.5,3322844.4,778156.7,730104.1,863362.4,387556.1,580514.1,470388.8,709564.3,1048373,1937006.1,984654.2,926215.6,924256.4,312720.6,454578,618746.5,626315.5,413791.8
105,0.00378,0.00377,0.00376,0.00375,0.00374,0.00373,0.00372,0.00371,0.0037,0.00369,0.00379,0.0038,0.00381,0.00382,0.00383,0.00384,0.00385,0.00386,0.00387,0.00388,140049.5,1756889.1,3020530.4,778156.7,774906.9,818439.5,297468.7,670844.3,470388.8,709564.3,1048343.2,1937006.1,984654.2,926215.6,924256.4,312720.6,454578,618746.5,626315.5,413791.8
106,0.00378,0.00377,0.00376,0.00375,0.00374,0.00373,0.00372,0.00371,0.0037,0.00369,0.00379,0.0038,0.00381,0.00382,0.00383,0.00384,0.00385,0.00386,0.00387,0.00388,140049.5,2480098.4,2012523.8,778156.7,785538.1,807779.8,297468.7,670844.3,470388.8,709564.3,1048482.3,1981458.2,940793.9,926215.6,924256.4,312720.6,411055.3,662156.5,626315.5,413791.8
107,0.00378,0.00377,0.00376,0.00375,0.00374,0.00373,0.00372,0.00371,0.0037,0.00369,0.00379,0.0038,0.00381,0.00382,0.00383,0.00384,0.00385,0.00386,0.00387,0.00388,140049.5,2995202.8,2270076.4,778156.7,774906.9,818439.5,297468.7,670844.3,470388.8,709564.3,1048482.3,1980942.2,940793.9,926215.6,924256.4,312720.6,454578,618746.5,626315.5,413791.8
108,0.00378,0.00377,0.00376,0.00375,0.00374,0.00373,0.00372,0.00371,0.0037,0.00369,0.00379,0.0038,0.00381,0.00382,0.00383,0.00384,0.00385,0.00386,0.00387,0.00388,183095,3252649.8,2139801.9,649788.8,785538.1,807779.8,297468.7,670844.3,470388.8,709564.3,1048474.2,1936490.1,984417.8,926215.6,924256.4,312720.6,411055.3,662156.5,626315.5,413791.8
109,0.00378,0.00377,0.00376,0.00375,0.00374,0.00373,0.00372,0.00371,0.0037,0.00369,0.00379,0.0038,0.00381,0.00382,0.00383,0.00384,0.00385,0.00386,0.00387,0.00388,133999.7,3252612.9,2139784,649788.8,774906.9,818439.5,297468.7,670844.3,470388.8,709564.3,1048474.2,1936490.1,985451.8,926215.6,924256.4,312720.6,411055.3,662156.5,626315.5,413791.8
110,0.00378,0.00377,0.00376,0.00375,0.00374,0.00373,0.00372,0.00371,0.0037,0.00369,0.00379,0.0038,0.00381,0.00382,0.00383,0.00384,0.00385,0.00386,0.00387,0.00388,133999.7,3038967.1,1708657.5,778156.7,774906.9,604439.5,297468.7,670844.3,470388.8,709564.3,1048474.2,1936472.1,995553.2,915104.5,924256.4,312720.6,411055.3,662156.5,626315.5,413791.8
111,0.00378,0.00377,0.00376,0.00375,0.00374,0.00373,0.00372,0.00371,0.0037,0.00369,0.00379,0.0038,0.00381,0.00382,0.00383,0.00384,0.00385,0.00386,0.00387,0.00388,138436.5,2733099.4,1708657.5,778156.7,774906.9,604439.5,297468.7,670844.3,470388.8,709564.3,1030916.8,1954178.5,995553.2,915104.5,924256.4,312720.6,411055.3,662156.5,626315.5,413791.8
112,0.00378,0.00377,0.00376,0.00375,0.00374,0.00373,0.00372,0.00371,0.0037,0.00369,0.00379,0.0038,0.00381,0.00382,0.00383,0.00384,0.00385,0.00386,0.00387,0.00388,138436.5,3867564,1517497.5,649788.8,774906.9,604439.5,297468.7,670844.3,470388.8,709564.3,1029604.4,1954178.5,995553.2,915104.5,924256.4,312720.6,411055.3,662156.5,626315.5,290636.3
113,0.00378,0.00377,0.00376,0.00375,0.00374,0.00373,0.00372,0.00371,0.0037,0.00369,0.00379,0.0038,0.00381,0.00382,0.00383,0.00384,0.00385,0.00386,0.00387,0.00388,138357.1,3600103.8,1397461.3,778156.7,759765.2,619621.8,297468.7,670844.3,470388.8,709564.3,1029604.4,1954095.5,995553.2,915104.5,924256.4,312720.6,411055.3,662156.5,626315.5,290636.3
114,0.00378,0.00377,0.00376,0.00375,0.00374,0.00373,0.00372,0.00371,0.0037,0.00369,0.00379,0.0038,0.00381,0.00382,0.00383,0.00384,0.00385,0.00386,0.00387,0.00388,138357.1,3095353.8,1389425.2,778156.7,785538.1,593779.8,297468.7,670844.3,470388.8,709564.3,983617.3,1850062.4,1145553.2,915104.5,924256.4,312720.6,411055.3,662156.5,626315.5,290636.3
115,0.00378,0.00377,0.00376,0.00375,0.00374,0.00373,0.00372,0.00371,0.0037,0.00369,0.00379,0.0038,0.00381,0.00382,0.00383,0.00384,0.00385,0.00386,0.00387,0.00388,1206038.4,2663080.4,1365465.9,649788.8,785536.8,576715.7,342512.4,625679.2,470388.8,709564.3,435865.1,1204363.9,1791300.2,915104.5,924256.4,312720.6,411055.3,662156.5,626315.5,290636.3
116,0.00378,0.00377,0.00376,0.00375,0.00374,0.00373,0.00372,0.00371,0.0037,0.00369,0.00379,0.0038,0.00381,0.00382,0.00383,0.00384,0.00385,0.00386,0.00387,0.00388,982485.4,3341574.9,1668714,649788.8,774906.1,587374.9,387556.1,580514.1,470388.8,709564.3,983490.5,1204214.6,1791300.2,915104.5,924256.4,312720.6,411055.3,662156.5,626315.5,290636.3
117,0.00378,0.00377,0.00376,0.00375,0.00374,0.00373,0.00372,0.00371,0.0037,0.00369,0.00379,0.0038,0.00381,0.00382,0.00383,0.00384,0.00385,0.00386,0.00387,0.00388,982485.4,3647627.5,1668706,649788.8,774906.1,587374.9,387556.1,580514.1,470388.8,709564.3,983490.5,1204214.6,1791300.2,915104.5,924256.4,312720.6,411055.3,662156.5,626315.5,290636.3
118,0.00378,0.00377,0.00376,0.00375,0.00374,0.00373,0.00372,0.00371,0.0037,0.00369,0.00379,0.0038,0.00381,0.00382,0.00383,0.00384,0.00385,0.00386,0.00387,0.00388,982485.4,3389556.1,1366992.9,649788.8,785536.8,576715.7,387556.1,580514.1,470388.8,709564.3,983490.5,1850369.5,1145553.2,915104.5,924256.4,312720.6,411055.3,662156.5,626315.5,290636.3
119,0.00378,0.00377,0.00376,0.00375,0.00374,0.00373,0.00372,0.00371,0.0037,0.00369,0.00379,0.0038,0.00381,0.00382,0.00383,0.00384,0.00385,0.00386,0.00387,0.00388,982485.4,3646708.6,1672376.9,694472.2,740734,576715.7,387556.1,580514.1,470388.8,709564.3,983490.5,1850369.5,1145553.2,915104.5,924256.4,312720.6,411055.3,618746.5,669613.3,290636.3
120,0.00378,0.00377,0.00376,0.00375,0.00374,0.00373,0.00372,0.00371,0.0037,0.00369,0.00379,0.0038,0.00381,0.00382,0.00383,0.00384,0.00385,0.00386,0.00387,0.00388,2523715.4,2688433.6,1523380.9,553064.2,725593.1,476364,387556.1,580514.1,470388.8,709564.3,161463.7,1208658.8,2130794.9,915104.5,924256.4,429220.1,411055.3,618746.5,592779.7,367469.9
121,0.00379,0.00378,0.00377,0.00376,0.00375,0.00374,0.00373,0.00372,0.00371,0.0037,0.0038,0.00381,0.00382,0.00383,0.00384,0.00385,0.00386,0.00387,0.00388,0.00389,1103935,2080644.2,2601606.6,940891.3,563666.6,522630.4,566209.8,297468.7,580514.1,470388.8,897625.5,2193014.4,959196.5,844085.6,510432,411055.3,618746.5,549481.9,367469.9,591188.7
122,0.00379,0.00378,0.00377,0.00376,0.00375,0.00374,0.00373,0.00372,0.00371,0.0037,0.0038,0.00381,0.00382,0.00383,0.00384,0.00385,0.00386,0.00387,0.00388,0.00389,1090478.6,2335985.6,2352460.7,836786.8,518983.2,446852.9,439620.3,565939.8,580514.1,470388.8,75274.4,1421969.2,2035224,856377.7,510432,530358.5,359264.2,549481.9,367469.9,612013.6
123,0.00379,0.00378,0.00377,0.00376,0.00375,0.00374,0.00373,0.00372,0.00371,0.0037,0.0038,0.00381,0.00382,0.00383,0.00384,0.00385,0.00386,0.00387,0.00388,0.00389,1086090.2,2340408.2,2835938.2,861015,563666.6,402050.1,484543.2,565939.8,580514.1,470388.8,958711.3,1404238.8,1696944.4,856377.7,510432,411055.3,359264.2,549481.9,367469.9,612013.6
124,0.00379,0.00378,0.00377,0.00376,0.00375,0.00374,0.00373,0.00372,0.00371,0.0037,0.0038,0.00381,0.00382,0.00383,0.00384,0.00385,0.00386,0.00387,0.00388,0.00389,1086090.2,2340408.2,2579457.9,771886,563666.6,491655.7,484543.2,565939.8,580514.1,470388.8,958711.3,1404238.8,1696944.4,856377.7,510432,411055.3,359264.2,549481.9,367469.9,612013.6
125,0.00379,0.00378,0.00377,0.00376,0.00375,0.00374,0.00373,0.00372,0.00371,0.0037,0.0038,0.00381,0.00382,0.00383,0.00384,0.00385,0.00386,0.00387,0.00388,0.00389,1090465.7,2333128.5,2582341.2,771886,563666.6,491655.7,484543.2,565939.8,580514.1,470388.8,986750.1,1979964.1,1096904.4,856377.7,510432,411055.3,359264.2,549481.9,367469.9,612013.6
126,0.0038,0.00379,0.00378,0.00377,0.00376,0.00375,0.00374,0.00373,0.00372,0.00371,0.00381,0.00382,0.00383,0.00384,0.00385,0.00386,0.00387,0.00388,0.00389,0.0039,157740.5,2310243.3,2959193.6,1766991,613779.6,608350,536458.5,394697.4,565939.8,580514.1,1155644.3,2193980.1,856377.7,510432,530358.5,459906.7,549481.9,367469.9,568938.4,1002305.5
127,0.0038,0.00379,0.00378,0.00377,0.00376,0.00375,0.00374,0.00373,0.00372,0.00371,0.00381,0.00382,0.00383,0.00384,0.00385,0.00386,0.00387,0.00388,0.00389,0.0039,1001777.6,2475375,2525398.6,1723083.3,683978.7,537963.7,491655.7,439620.3,565939.8,580514.1,1136440.5,2147384.7,900924.4,429220.1,610128.4,459906.7,290636.3,290636.3,645772,879150
128,0.0038,0.00379,0.00378,0.00377,0.00376,0.00375,0.00374,0.00373,0.00372,0.00371,0.00381,0.00382,0.00383,0.00384,0.00385,0.00386,0.00387,0.00388,0.00389,0.0039,997418.5,2593424.8,1904606.4,1720226.2,658344.1,608350,491655.7,394697.4,565939.8,580514.1,1136440.5,2147430.2,921138.1,429220.1,610128.4,459906.7,290636.3,367469.9,568938.4,879150
129,0.0038,0.00379,0.00378,0.00377,0.00376,0.00375,0.00374,0.00373,0.00372,0.00371,0.00381,0.00382,0.00383,0.00384,0.00385,0.00386,0.00387,0.00388,0.00389,0.0039,109153.2,2576322.8,1851039.3,1846171.3,673404.5,548566.1,536458.5,394697.4,565939.8,580514.1,1142094.8,2155083.2,876591.4,429220.1,610128.4,459906.7,290636.3,290636.3,645772,922114.8
130,0.00379,0.00378,0.00377,0.00376,0.00375,0.00374,0.00373,0.00372,0.00371,0.0037,0.0038,0.00381,0.00382,0.00383,0.00384,0.00385,0.00386,0.00387,0.00388,0.00389,1057336.5,3765993,2076478.9,620188.8,563666.6,536458.5,439620.3,565939.8,580514.1,470388.8,166455.3,1331139.1,2066586.1,876591.4,429220.1,610128.4,459906.7,290636.3,625615.5,612013.6
131,0.00379,0.00378,0.00377,0.00376,0.00375,0.00374,0.00373,0.00372,0.00371,0.0037,0.0038,0.00381,0.00382,0.00383,0.00384,0.00385,0.00386,0.00387,0.00388,0.00389,984959.5,3462650.9,2068441.7,613779.6,518983.2,581261.3,439620.3,565939.8,580514.1,470388.8,166455.3,1331139.1,2066586.1,876591.4,429220.1,610128.4,459906.7,295323.8,625615.5,607326.1
132,0.00379,0.00378,0.00377,0.00376,0.00375,0.00374,0.00373,0.00372,0.00371,0.0037,0.0038,0.00381,0.00382,0.00383,0.00384,0.00385,0.00386,0.00387,0.00388,0.00389,877779.5,3460880.4,2376798.1,628840,503882.7,581261.3,439620.3,565939.8,580514.1,470388.8,212317.2,1837605.7,1482177.1,876591.4,429220.1,610128.4,459906.7,295323.8,625615.5,607326.1
133,0.00379,0.00378,0.00377,0.00376,0.00375,0.00374,0.00373,0.00372,0.00371,0.0037,0.0038,0.00381,0.00382,0.00383,0.00384,0.00385,0.00386,0.00387,0.00388,0.00389,910738.5,3460766.8,2287562.9,718153.7,503882.7,581261.3,439620.3,565939.8,580514.1,470388.8,212317.2,1837605.7,1482177.1,876591.4,429220.1,610128.4,459906.7,295323.8,591968.1,641084.5
134,0.00379,0.00378,0.00377,0.00376,0.00375,0.00374,0.00373,0.00372,0.00371,0.0037,0.0038,0.00381,0.00382,0.00383,0.00384,0.00385,0.00386,0.00387,0.00388,0.00389,873353.5,3093487.4,2072545.5,771159.1,518986.6,536458.5,484543.2,565939.8,580514.1,470388.8,1095542,1820095.2,1143897.5,876591.4,429220.1,610128.4,459906.7,295323.8,591968.1,641084.5
135,0.00379,0.00378,0.00377,0.00376,0.00375,0.00374,0.00373,0.00372,0.00371,0.0037,0.0038,0.00381,0.00382,0.00383,0.00384,0.00385,0.00386,0.00387,0.00388,0.00389,873353.5,3004420.9,1910413.8,771159.1,518986.6,446852.9,529466.1,610983.5,580514.1,470388.8,1049441.7,1892113.2,1143731,876591.4,429220.1,610128.4,459906.7,295323.8,668801.7,564250.9
136,0.00379,0.00378,0.00377,0.00376,0.00375,0.00374,0.00373,0.00372,0.00371,0.0037,0.0038,0.00381,0.00382,0.00383,0.00384,0.00385,0.00386,0.00387,0.00388,0.00389,927620.9,3444750.6,2299088.9,703093.3,518986.6,491655.7,529466.1,565939.8,580514.1,470388.8,166462.6,1909487.9,1482010.6,876591.4,429220.1,610128.4,459906.7,295323.8,591968.1,641084.5
137,0.00379,0.00378,0.00377,0.00376,0.00375,0.00374,0.00373,0.00372,0.00371,0.0037,0.0038,0.00381,0.00382,0.00383,0.00384,0.00385,0.00386,0.00387,0.00388,0.00389,871961.4,2686969.1,2296762,703093.3,508384.2,502288,529466.1,565939.8,580514.1,470388.8,183818.5,1892113.2,1482010.6,876591.4,429220.1,610128.4,459906.7,295323.8,668801.7,564250.9
138,0.00379,0.00378,0.00377,0.00376,0.00375,0.00374,0.00373,0.00372,0.00371,0.0037,0.0038,0.00381,0.00382,0.00383,0.00384,0.00385,0.00386,0.00387,0.00388,0.00389,871961.4,3448885,2228559.5,771159.1,508384.2,457485.2,439620.3,701070.9,580514.1,470388.8,1049430.3,1863514.3,1099651.7,876591.4,508943.3,530358.5,459906.7,338621.6,625615.5,564250.9
139,0.00379,0.00378,0.00377,0.00376,0.00375,0.00374,0.00373,0.00372,0.00371,0.0037,0.0038,0.00381,0.00382,0.00383,0.00384,0.00385,0.00386,0.00387,0.00388,0.00389,871961.4,3448725.6,2228560.6,771159.1,508384.2,457485.2,439620.3,701070.9,580514.1,470388.8,1032100.6,1836908.6,1143283.7,876591.4,508943.3,530358.5,459906.7,338621.6,625615.5,564250.9
140,0.00379,0.00378,0.00377,0.00376,0.00375,0.00374,0.00373,0.00372,0.00371,0.0037,0.0038,0.00381,0.00382,0.00383,0.00384,0.00385,0.00386,0.00387,0.00388,0.00389,876309,3600005.6,2072379.6,771159.1,493280.3,472629.5,439620.3,701070.9,580514.1,470388.8,1021192.9,1847695.8,1143283.7,876591.4,508943.3,530358.5,459906.7,338621.6,625615.5,553139.8
141,0.00379,0.00378,0.00377,0.00376,0.00375,0.00374,0.00373,0.00372,0.00371,0.0037,0.0038,0.00381,0.00382,0.00383,0.00384,0.00385,0.00386,0.00387,0.00388,0.00389,919280,3299822.9,2072379.6,771159.1,493280.3,472629.5,439620.3,701070.9,580514.1,470388.8,1021192.9,1913908.8,1143283.7,876591.4,508943.3,530358.5,459906.7,338621.6,625615.5,553139.8
142,0.00379,0.00378,0.00377,0.00376,0.00375,0.00374,0.00373,0.00372,0.00371,0.0037,0.0038,0.00381,0.00382,0.00383,0.00384,0.00385,0.00386,0.00387,0.00388,0.00389,876309,3599747.3,1944692.7,899185.6,493280.3,472629.5,439620.3,656027.2,625679.2,470388.8,1021186.8,1913908.8,1143283.7,876591.4,508943.3,530358.5,459906.7,415455.2,548781.9,553139.8
143,0.00379,0.00378,0.00377,0.00376,0.00375,0.00374,0.00373,0.00372,0.00371,0.0037,0.0038,0.00381,0.00382,0.00383,0.00384,0.00385,0.00386,0.00387,0.00388,0.00389,876309,2674546.9,2072292.8,771159.1,493280.3,427826.7,439620.3,565939.8,761174.5,470388.8,1021186.8,1913908.8,1143283.7,876591.4,508943.3,530358.5,459906.7,338621.6,625615.5,553139.8
144,0.00379,0.00378,0.00377,0.00376,0.00375,0.00374,0.00373,0.00372,0.00371,0.0037,0.0038,0.00381,0.00382,0.00383,0.00384,0.00385,0.00386,0.00387,0.00388,0.00389,876309,3751270,1920147.2,771159.1,493280.3,427826.7,439620.3,656027.2,670844.3,470388.8,1021186.8,1923735.8,1143283.7,876591.4,508943.3,530358.5,459906.7,338621.6,625615.5,553139.8
145,0.0038,0.00379,0.00378,0.00377,0.00376,0.00375,0.00374,0.00373,0.00372,0.00371,0.00381,0.00382,0.00383,0.00384,0.00385,0.00386,0.00387,0.00388,0.00389,0.0039,18461.1,2628255.9,1880599,1737078.6,703093.3,508384.2,412682.4,439620.3,701070.9,625679.2,1258777.1,2182945.2,876591.4,508943.3,530358.5,459906.7,338621.6,625615.5,553139.8,1002305.5
146,0.00379,0.00378,0.00377,0.00376,0.00375,0.00374,0.00373,0.00372,0.00371,0.0037,0.0038,0.00381,0.00382,0.00383,0.00384,0.00385,0.00386,0.00387,0.00388,0.00389,3287106.8,2180580,1737078.6,703096.6,508384.2,457485.2,394697.4,610983.5,716009.4,470388.8,47250,1421767.3,2042651.3,876591.4,560752,530358.5,459906.7,295323.8,668801.7,564250.9
147,0.00379,0.00378,0.00377,0.00376,0.00375,0.00374,0.00373,0.00372,0.00371,0.0037,0.0038,0.00381,0.00382,0.00383,0.00384,0.00385,0.00386,0.00387,0.00388,0.00389,1843995.2,2924541.9,1659539.5,703096.6,508384.2,412682.4,439620.3,701070.9,625679.2,470388.8,152528.9,1335717.6,2042651.3,876591.4,560752,530358.5,459906.7,295323.8,668801.7,564250.9
148,0.00379,0.00378,0.00377,0.00376,0.00375,0.00374,0.00373,0.00372,0.00371,0.0037,0.0038,0.00381,0.00382,0.00383,0.00384,0.00385,0.00386,0.00387,0.00388,0.00389,1984125.3,3013462.2,1661332.6,703098.8,508384.2,457485.2,439620.3,656027.2,625679.2,470388.8,47250,1329559.1,1969370.3,876591.4,560752,530358.5,459906.7,295323.8,668801.7,564250.9
149,0.00379,0.00378,0.00377,0.00376,0.00375,0.00374,0.00373,0.00372,0.00371,0.0037,0.0038,0.00381,0.00382,0.00383,0.00384,0.00385,0.00386,0.00387,0.00388,0.00389,876309,2818124.4,2000988.7,703101.5,493280.3,472629.5,439620.3,656027.2,625679.2,470388.8,158753.6,1331223.7,1969370.3,876591.4,560752,411055.3,459906.7,338621.6,625615.5,564250.9
150,0.00379,0.00378,0.00377,0.00376,0.00375,0.00374,0.00373,0.00372,0.00371,0.0037,0.0038,0.00381,0.00382,0.00383,0.00384,0.00385,0.00386,0.00387,0.00388,0.00389,876309,2702288.4,2524269.3,703101.5,493280.3,427826.7,439620.3,701070.9,625679.2,470388.8,158753.6,1331223.7,1969370.3,876591.4,560752,411055.3,459906.7,338621.6,625615.5,564250.9
151,0.00379,0.00378,0.00377,0.00376,0.00375,0.00374,0.00373,0.00372,0.00371,0.0037,0.0038,0.00381,0.00382,0.00383,0.00384,0.00385,0.00386,0.00387,0.00388,0.00389,876309,3620202.8,2126432.9,613779.6,493280.3,427826.7,439620.3,701070.9,625679.2,470388.8,51637,1285404.1,1969370.3,876591.4,560752,529605.5,459906.7,338621.6,625615.5,564250.9
152,0.00379,0.00378,0.00377,0.00376,0.00375,0.00374,0.00373,0.00372,0.00371,0.0037,0.0038,0.00381,0.00382,0.00383,0.00384,0.00385,0.00386,0.00387,0.00388,0.00389,876309,3610100.8,2128299.8,703104.7,493280.3,472629.5,439620.3,656027.2,625679.2,470388.8,51637,1810027,1430002.3,876591.4,560752,529605.5,459906.7,338621.6,625615.5,564250.9
153,0.00379,0.00378,0.00377,0.00376,0.00375,0.00374,0.00373,0.00372,0.00371,0.0037,0.0038,0.00381,0.00382,0.00383,0.00384,0.00385,0.00386,0.00387,0.00388,0.00389,876309,2853620.2,1828318.7,703105.7,493280.3,472629.5,439620.3,656027.2,625679.2,470388.8,51637,1810027,1430002.3,876591.4,560752,529605.5,459906.7,295323.8,668801.7,564250.9
154,0.00379,0.00378,0.00377,0.00376,0.00375,0.00374,0.00373,0.00372,0.00371,0.0037,0.0038,0.00381,0.00382,0.00383,0.00384,0.00385,0.00386,0.00387,0.00388,0.00389,871961.4,3368619.6,2126341.2,703111.6,493280.3,427826.7,484543.2,656027.2,625679.2,470388.8,128761.1,1792636.5,1430002.3,876591.4,560752,529605.5,459906.7,338621.6,625615.5,564250.9
155,0.00379,0.00378,0.00377,0.00376,0.00375,0.00374,0.00373,0.00372,0.00371,0.0037,0.0038,0.00381,0.00382,0.00383,0.00384,0.00385,0.00386,0.00387,0.00388,0.00389,871961.4,3216816.7,2164937.5,816089.4,493280.3,417194.4,450281.1,656027.2,670844.3,470388.8,1099651.8,1845641.9,1047843,876591.4,560752,529605.5,459906.7,415455.2,548781.9,553139.8
156,0.00379,0.00378,0.00377,0.00376,0.00375,0.00374,0.00373,0.00372,0.00371,0.0037,0.0038,0.00381,0.00382,0.00383,0.00384,0.00385,0.00386,0.00387,0.00388,0.00389,922795.6,3612182.2,2057961.9,682207.9,582850.6,417194.4,450281.1,565939.8,761174.5,470388.8,1082038.4,1969697.8,941936.3,876591.4,560752,411055.3,503316.7,372157.4,548781.9,553139.8
157,0.00379,0.00378,0.00377,0.00376,0.00375,0.00374,0.00373,0.00372,0.00371,0.0037,0.0038,0.00381,0.00382,0.00383,0.00384,0.00385,0.00386,0.00387,0.00388,0.00389,922850,3767839.2,1901780.9,682207.9,582850.6,417194.4,450281.1,565939.8,761174.5,470388.8,216426.6,1969706.5,1280215.9,876591.4,560752,411055.3,459906.7,415455.2,548781.9,553139.8
158,0.00379,0.00378,0.00377,0.00376,0.00375,0.00374,0.00373,0.00372,0.00371,0.0037,0.0038,0.00381,0.00382,0.00383,0.00384,0.00385,0.00386,0.00387,0.00388,0.00389,922850,2701268.4,1774094,810234.4,582850.6,417194.4,450281.1,656027.2,670844.3,470388.8,1082040.5,2727882.8,941936.3,876591.4,560752,411055.3,459906.7,415455.2,548781.9,564250.9
159,0.00379,0.00378,0.00377,0.00376,0.00375,0.00374,0.00373,0.00372,0.00371,0.0037,0.0038,0.00381,0.00382,0.00383,0.00384,0.00385,0.00386,0.00387,0.00388,0.00389,922850,3611843.1,2126390.2,613779.6,582850.6,417194.4,450281.1,565939.8,761174.5,470388.8,170538.6,2518140.8,1280215.9,876591.4,560752,411055.3,459906.7,415455.2,548781.9,564250.9
160,0.00379,0.00378,0.00377,0.00376,0.00375,0.00374,0.00373,0.00372,0.00371,0.0037,0.0038,0.00381,0.00382,0.00383,0.00384,0.00385,0.00386,0.00387,0.00388,0.00389,922850,3611699.7,2116403,613779.6,582850.6,417194.4,450281.1,610983.5,716009.4,470388.8,170538.6,2773566.7,1280215.9,876591.4,560752,411055.3,459906.7,415455.2,548781.9,564250.9
161,0.00379,0.00378,0.00377,0.00376,0.00375,0.00374,0.00373,0.00372,0.00371,0.0037,0.0038,0.00381,0.00382,0.00383,0.00384,0.00385,0.00386,0.00387,0.00388,0.00389,922845.7,3100658.9,1930276.5,810234.4,582850.6,402050.1,465466,565939.8,761174.5,470388.8,1036150.4,2961635.8,941936.3,876591.4,560752,411055.3,459906.7,415455.2,548781.9,564250.9
162,0.00379,0.00378,0.00377,0.00376,0.00375,0.00374,0.00373,0.00372,0.00371,0.0037,0.0038,0.00381,0.00382,0.00383,0.00384,0.00385,0.00386,0.00387,0.00388,0.00389,918385.8,3615928.1,1930276.5,810234.4,582850.6,402050.1,420543.1,610983.5,761174.5,470388.8,1051480.7,2943884.4,941936.3,876591.4,560752,411055.3,503316.7,372157.4,548781.9,564250.9
163,0.00379,0.00378,0.00377,0.00376,0.00375,0.00374,0.00373,0.00372,0.00371,0.0037,0.0038,0.00381,0.00382,0.00383,0.00384,0.00385,0.00386,0.00387,0.00388,0.00389,922760.1,3611361.9,1778104.8,810234.4,582850.6,402050.1,420543.1,656027.2,716009.4,470388.8,1079939.9,2915380.4,941936.3,876591.4,560752,411055.3,503316.7,372157.4,548781.9,564250.9
164,0.00379,0.00378,0.00377,0.00376,0.00375,0.00374,0.00373,0.00372,0.00371,0.0037,0.0038,0.00381,0.00382,0.00383,0.00384,0.00385,0.00386,0.00387,0.00388,0.00389,918385.8,3615685.8,1778104.8,810234.4,582850.6,402050.1,420547,610983.5,761174.5,470388.8,1097554.2,2902428.4,941825.8,876591.4,560752,411055.3,503316.7,372157.4,548781.9,564250.9
165,0.00379,0.00378,0.00377,0.00376,0.00375,0.00374,0.00373,0.00372,0.00371,0.0037,0.0038,0.00381,0.00382,0.00383,0.00384,0.00385,0.00386,0.00387,0.00388,0.00389,922835.9,2372313.7,1778104.8,810234.4,582850.6,402050.1,420547,610983.5,761174.5,470388.8,1079939.9,2919925.8,941727.2,876591.4,560752,411055.3,503316.7,372157.4,548781.9,564250.9
166,0.00378,0.00377,0.00376,0.00375,0.00374,0.00373,0.00372,0.00371,0.0037,0.00369,0.00379,0.0038,0.00381,0.00382,0.00383,0.00384,0.00385,0.00386,0.00387,0.00388,2897962.3,1981902.9,735677.6,774981.7,505138.1,409884.5,621670.6,716009.4,515676,709559.4,47250,1417636.4,2860733.4,897843,876591.4,560752,454578,536740.3,295323.8,548781.9
167,0.00378,0.00377,0.00376,0.00375,0.00374,0.00373,0.00372,0.00371,0.0037,0.00369,0.00379,0.0038,0.00381,0.00382,0.00383,0.00384,0.00385,0.00386,0.00387,0.00388,980752.4,2404393.7,1613652.1,821617.7,514418.1,474477,591848.6,716009.4,515676,754969.3,166591.3,2775730.9,1390829.7,913641.6,864299.3,487888.6,411055.3,536740.3,549473,548781.9
168,0.00378,0.00377,0.00376,0.00375,0.00374,0.00373,0.00372,0.00371,0.0037,0.00369,0.00379,0.0038,0.00381,0.00382,0.00383,0.00384,0.00385,0.00386,0.00387,0.00388,996775.6,2220530.5,1784085.6,821617.7,514443.9,489657.9,576626.9,670844.3,515676,800379.2,375503.8,2790539.9,1390829.7,913641.6,916108,436079.9,411055.3,536740.3,549473,671937.4
169,0.00378,0.00377,0.00376,0.00375,0.00374,0.00373,0.00372,0.00371,0.0037,0.00369,0.00379,0.0038,0.00381,0.00382,0.00383,0.00384,0.00385,0.00386,0.00387,0.00388,978892.2,2493855,1912112.1,693249.8,514443.9,489657.9,576626.9,670844.3,515676,800379.2,425860.7,1972718.6,1646721.8,913641.6,959858,392443.8,411055.3,536740.3,549473,671937.4
170,0.00378,0.00377,0.00376,0.00375,0.00374,0.00373,0.00372,0.00371,0.0037,0.00369,0.00379,0.0038,0.00381,0.00382,0.00383,0.00384,0.00385,0.00386,0.00387,0.00388,978892.2,2749660.6,1715656.9,886970.5,514443.9,489657.9,576626.9,670844.3,515676,709559.4,1293759.8,2448859,1318634.3,902530.5,959858,392443.8,411055.3,536740.3,549473,671937.4
171,0.00378,0.00377,0.00376,0.00375,0.00374,0.00373,0.00372,0.00371,0.0037,0.00369,0.00379,0.0038,0.00381,0.00382,0.00383,0.00384,0.00385,0.00386,0.00387,0.00388,450189.8,2749590.6,1722537,886815.5,514443.9,474477,591848.6,670844.3,470388.8,754969.3,1293759.8,2704444.8,1063541.2,902530.5,1041174.7,312720.6,411055.3,536740.3,549473,936776.9
172,0.00378,0.00377,0.00376,0.00375,0.00374,0.00373,0.00372,0.00371,0.0037,0.00369,0.00379,0.0038,0.00381,0.00382,0.00383,0.00384,0.00385,0.00386,0.00387,0.00388,976464.4,2748828.6,1722535.5,886815.5,514443.9,489657.9,576626.9,670844.3,470388.8,754969.3,1293759.8,2704336.1,1063541.2,902530.5,997424.7,356356.7,411055.3,536740.3,549473,936776.9
173,0.00379,0.00378,0.00377,0.00376,0.00375,0.00374,0.00373,0.00372,0.00371,0.0037,0.0038,0.00381,0.00382,0.00383,0.00384,0.00385,0.00386,0.00387,0.00388,0.00389,47250,2939315.3,1785281.8,1474240.1,691850.6,514445.2,489657.9,576626.9,625679.2,470388.8,1543135.9,2640272.5,902530.5,916108,502197.1,454578,536740.3,549473,548781.9,678631.3
174,0.00379,0.00378,0.00377,0.00376,0.00375,0.00374,0.00373,0.00372,0.00371,0.0037,0.0038,0.00381,0.00382,0.00383,0.00384,0.00385,0.00386,0.00387,0.00388,0.00389,51599.6,2934752.7,2093070.3,1171586.6,691850.6,514423.2,500316.4,610983.5,580514.1,560963.2,1387556.5,2600913.9,945982.7,928400.1,502197.1,411055.3,580150.3,549473,548781.9,678631.3
175,0.00379,0.00378,0.00377,0.00376,0.00375,0.00374,0.00373,0.00372,0.00371,0.0037,0.0038,0.00381,0.00382,0.00383,0.00384,0.00385,0.00386,0.00387,0.00388,0.00389,47250,2384480.2,2240363.3,1324240.7,781426.8,424607.5,500316.4,610983.5,580514.1,470388.8,1405315.7,2627456.2,902530.5,928400.1,502197.1,454578,536740.3,549473,548781.9,678631.3
176,0.00378,0.00377,0.00376,0.00375,0.00374,0.00373,0.00372,0.00371,0.0037,0.00369,0.0038,0.00381,0.00382,0.00383,0.00384,0.00385,0.00386,0.00387,0.00388,0.00389,1874395,2451466.8,1371689.9,781426.8,424607.5,489657.9,621670.6,580514.1,470388.8,800379.2,1656235,2461160.4,902530.5,928400.1,502197.1,454578,536740.3,549473,548781.9,694768.7
177,0.00379,0.00378,0.00377,0.00376,0.00375,0.00374,0.00373,0.00372,0.00371,0.0037,0.0038,0.00381,0.00382,0.00383,0.00384,0.00385,0.00386,0.00387,0.00388,0.00389,47250,1442571,2775234.8,798952.3,685411.4,514423.2,489657.9,621670.6,580514.1,515676,1405315.7,2470236.4,914822.6,916108,502197.1,454578,536740.3,549473,548781.9,694768.7
178,0.00379,0.00378,0.00377,0.00376,0.00375,0.00374,0.00373,0.00372,0.00371,0.0037,0.0038,0.00381,0.00382,0.00383,0.00384,0.00385,0.00386,0.00387,0.00388,0.00389,47250,2206532.4,2685663.5,842631.4,685411.4,514423.2,489657.9,576626.9,625679.2,515676,1405315.7,2526221.5,914822.6,916108,502197.1,454578,536740.3,549473,548781.9,694768.7
179,0.00379,0.00378,0.00377,0.00376,0.00375,0.00374,0.00373,0.00372,0.00371,0.0037,0.0038,0.00381,0.00382,0.00383,0.00384,0.00385,0.00386,0.00387,0.00388,0.00389,47250,2506834,2274481.2,952180.4,685411.4,514423.2,474477,591847.2,625679.2,563918.3,1405315.7,2581110.9,959249.6,916108,502197.1,454578,536740.3,549473,548781.9,678631.3
180,0.00379,0.00378,0.00377,0.00376,0.00375,0.00374,0.00373,0.00372,0.00371,0.0037,0.0038,0.00381,0.00382,0.00383,0.00384,0.00385,0.00386,0.00387,0.00388,0.00389,51593.8,2502315.3,2320371.3,952180.4,685411.4,514423.2,489654.3,576625.5,625679.2,609205.5,1387542.4,2603972,959249.6,916108,502197.1,454578,536740.3,549473,548781.9,678631.3
181,0.00379,0.00378,0.00377,0.00376,0.00375,0.00374,0.00373,0.00372,0.00371,0.0037,0.0038,0.00381,0.00382,0.00383,0.00384,0.00385,0.00386,0.00387,0.00388,0.00389,51593.8,2247268.4,1792652.4,952180.4,685411.4,424607.5,474477,591843.6,670844.3,518631.1,1387542.4,2603828.6,959249.6,916108,502197.1,454578,536740.3,549473,548781.9,678631.3
182,0.00379,0.00378,0.00377,0.00376,0.00375,0.00374,0.00373,0.00372,0.00371,0.0037,0.0038,0.00381,0.00382,0.00383,0.00384,0.00385,0.00386,0.00387,0.00388,0.00389,47250,2506507.9,1792651.6,952180.4,685411.4,514438.8,474477,591843.6,625679.2,563812.8,1405401.4,2586378.6,959249.6,916108,502197.1,454578,536740.3,549473,548781.9,1098009.7
183,0.00379,0.00378,0.00377,0.00376,0.00375,0.00374,0.00373,0.00372,0.00371,0.0037,0.0038,0.00381,0.00382,0.00383,0.00384,0.00385,0.00386,0.00387,0.00388,0.00389,51702.7,2501937.4,2319678.7,952180.5,685411.4,514438.8,474477,591843.6,625679.2,563812.8,1387538.4,2603896.8,959249.6,916108,502197.1,411055.3,580150.3,549473,548781.9,1098009.7
184,0.00379,0.00378,0.00377,0.00376,0.00375,0.00374,0.00373,0.00372,0.00371,0.0037,0.0038,0.00381,0.00382,0.00383,0.00384,0.00385,0.00386,0.00387,0.00388,0.00389,1201737.4,2368593.2,1953964.6,668473,685411.4,401935.3,394697.4,636887.3,580514.1,609100,927225.3,1268792.5,1769248.6,916108,502197.1,513573.2,536740.3,592770.8,548781.9,290636.3
185,0.00379,0.00378,0.00377,0.00376,0.00375,0.00374,0.00373,0.00372,0.00371,0.0037,0.0038,0.00381,0.00382,0.00383,0.00384,0.00385,0.00386,0.00387,0.00388,0.00389,1201737.4,1862764.8,1948453.5,505802.3,685411.4,401935.3,394697.4,636887.3,625679.2,560963.2,927225.3,1268091.3,1764561.1,916108,502197.1,513573.2,536740.3,592770.8,548781.9,295323.8
186,0.00379,0.00378,0.00377,0.00376,0.00375,0.00374,0.00373,0.00372,0.00371,0.0037,0.0038,0.00381,0.00382,0.00383,0.00384,0.00385,0.00386,0.00387,0.00388,0.00389,1201737.4,1907291.1,1948453.5,505802.3,685411.4,401935.3,394697.4,636887.3,670844.3,515676,927225.3,1268724.7,1764561.1,916108,502197.1,513573.2,536740.3,592770.8,548781.9,295323.8
187,0.00379,0.00378,0.00377,0.00376,0.00375,0.00374,0.00373,0.00372,0.00371,0.0037,0.0038,0.00381,0.00382,0.00383,0.00384,0.00385,0.00386,0.00387,0.00388,0.00389,1201737.4,2671364.2,1948403.1,505802.3,685411.4,401935.3,409874.7,621669.2,670844.3,515676,927225.3,2137860.6,1104562.1,916108,502197.1,513573.2,536740.3,592770.8,548781.9,295323.8
188,0.00379,0.00378,0.00377,0.00376,0.00375,0.00374,0.00373,0.00372,0.00371,0.0037,0.0038,0.00381,0.00382,0.00383,0.00384,0.00385,0.00386,0.00387,0.00388,0.00389,1201737.4,2671287.6,1849871.7,633828.8,685411.4,401935.3,409874.7,666712.9,716009.4,472918.4,901172.7,2137829.8,1104562.1,916108,502197.1,513573.2,536740.3,592770.8,548781.9,295323.8
189,0.00379,0.00378,0.00377,0.00376,0.00375,0.00374,0.00373,0.00372,0.00371,0.0037,0.0038,0.00381,0.00382,0.00383,0.00384,0.00385,0.00386,0.00387,0.00388,0.00389,1198839.7,2671161.2,2272533.8,515818.9,775003.2,401935.3,420531.8,746114.6,625679.2,472918.4,351934.5,1887540.3,1104562.1,916108,502197.1,513573.2,459906.7,669604.4,548781.9,683318.8
190,0.00379,0.00378,0.00377,0.00376,0.00375,0.00374,0.00373,0.00372,0.00371,0.0037,0.0038,0.00381,0.00382,0.00383,0.00384,0.00385,0.00386,0.00387,0.00388,0.00389,1208852.2,2161786,2263739.1,515818.9,775003.2,401935.3,465454.7,701070.9,625679.2,472918.4,929525.5,2001548.4,1104562.1,916108,502197.1,513573.2,459906.7,669604.4,548781.9,683318.8
191,0.00379,0.00378,0.00377,0.00376,0.00375,0.00374,0.00373,0.00372,0.00371,0.0037,0.0038,0.00381,0.00382,0.00383,0.00384,0.00385,0.00386,0.00387,0.00388,0.00389,1247356.5,2653446.5,2232918.7,515818.9,775003.2,321519.5,420531.8,746114.6,625679.2,472918.4,925124.6,1967772,1060135.1,916108,421877.2,513573.2,464594.2,669604.4,548781.9,694768.7
192,0.0038,0.00379,0.00378,0.00377,0.00376,0.00375,0.00374,0.00373,0.00372,0.00371,0.00381,0.00382,0.00383,0.00384,0.00385,0.00386,0.00387,0.00388,0.00389,0.0039,152528.9,1843688.3,1807880.6,1957610.1,629154.7,582872.1,401487.5,510377.6,656027.2,625679.2,1054185.6,2711220.8,916108,421877.2,593541.2,541427.8,549473,548781.9,349848.9,1686523.4
193,0.00379,0.00378,0.00377,0.00376,0.00375,0.00374,0.00373,0.00372,0.00371,0.0037,0.0038,0.00381,0.00382,0.00383,0.00384,0.00385,0.00386,0.00387,0.00388,0.00389,2042240.6,1424688.5,1213763.8,629154.7,582872.1,401487.5,499720.5,666712.9,625679.2,472918.4,101575.5,1188004.8,1910925.8,916108,421877.2,491023.3,541427.8,592770.8,548781.9,306773.7
194,0.00379,0.00378,0.00377,0.00376,0.00375,0.00374,0.00373,0.00372,0.00371,0.0037,0.0038,0.00381,0.00382,0.00383,0.00384,0.00385,0.00386,0.00387,0.00388,0.00389,1043411.5,1590502.1,2048688.5,697583,582872.1,321519.5,589566.3,621669.2,580514.1,470388.8,760525,1616886.7,1681364.1,916108,421877.2,531252.1,541427.8,592770.8,548781.9,306773.7
195,0.00379,0.00378,0.00377,0.00376,0.00375,0.00374,0.00373,0.00372,0.00371,0.0037,0.0038,0.00381,0.00382,0.00383,0.00384,0.00385,0.00386,0.00387,0.00388,0.00389,1043411.5,1590502.1,2175492.1,825609.5,493280.3,366322.3,544643.4,621669.2,580514.1,470388.8,760525,2190677,1164643.6,916108,421877.2,531252.1,584837.8,549473,548781.9,306773.7
196,0.00379,0.00378,0.00377,0.00376,0.00375,0.00374,0.00373,0.00372,0.00371,0.0037,0.0038,0.00381,0.00382,0.00383,0.00384,0.00385,0.00386,0.00387,0.00388,0.00389,112832,2398535.1,2541378,852399.6,493280.3,500819.8,499720.5,621669.2,580514.1,470388.8,911706.1,1890318.7,1164631.7,916108,421877.2,411055.3,584837.8,549473,548781.9,694768.7
197,0.00379,0.00378,0.00377,0.00376,0.00375,0.00374,0.00373,0.00372,0.00371,0.0037,0.0038,0.00381,0.00382,0.00383,0.00384,0.00385,0.00386,0.00387,0.00388,0.00389,145792,2166046.2,2113358.8,1032605.4,493280.3,581696.5,454797.6,666712.9,580514.1,470388.8,933759.6,1955250.8,1164579.8,916108,502740.2,411055.3,580150.3,549473,548781.9,678631.3
198,0.00379,0.00378,0.00377,0.00376,0.00375,0.00374,0.00373,0.00372,0.00371,0.0037,0.0038,0.00381,0.00382,0.00383,0.00384,0.00385,0.00386,0.00387,0.00388,0.00389,112832,1607600.9,2315042,988498.3,582749.5,447185.3,499720.5,666712.9,580514.1,470388.8,933759.6,1947013.6,910135.1,916108,502740.2,411055.3,580150.3,549473,548781.9,678631.3
199,0.00379,0.00378,0.00377,0.00376,0.00375,0.00374,0.00373,0.00372,0.00371,0.0037,0.0038,0.00381,0.00382,0.00383,0.00384,0.00385,0.00386,0.00387,0.00388,0.00389,112832,1614364.7,2914102.2,988499.5,582749.5,491988.1,465454.7,656027.2,580514.1,470388.8,933759.6,1947480.6,1164530.9,916108,502740.2,411055.3,580150.3,549473,548781.9,678631.3
200,0.00379,0.00378,0.00377,0.00376,0.00375,0.00374,0.00373,0.00372,0.00371,0.0037,0.0038,0.00381,0.00382,0.00383,0.00384,0.00385,0.00386,0.00387,0.00388,0.00389,160201.5,2163281,2360710.4,988499.5,582749.5,491988.1,465454.7,656027.2,580514.1,470388.8,916100.7,2423395.9,954063.1,916108,502740.2,411055.3,580150.3,549473,548781.9,678631.3
201,0.00379,0.00378,0.00377,0.00376,0.00375,0.00374,0.00373,0.00372,0.00371,0.0037,0.0038,0.00381,0.00382,0.00383,0.00384,0.00385,0.00386,0.00387,0.00388,0.00389,117237.5,1908901.1,2360710.6,988499.5,582749.5,491988.1,465454.7,656027.2,580514.1,470388.8,916100.7,2677665.1,954063.1,916108,502740.2,411055.3,580150.3,549473,548781.9,678631.3
202,0.0038,0.00379,0.00378,0.00377,0.00376,0.00375,0.00374,0.00373,0.00372,0.00371,0.00381,0.00382,0.00383,0.00384,0.00385,0.00386,0.00387,0.00388,0.00389,0.0039,152651.9,3911302.4,1486844.2,1962117.5,639389.9,716768.9,402382.5,318307.9,656027.2,580514.1,794552.8,2806409.3,916108,421877.2,612822.7,536740.3,549473,591968.1,290636.3,1686523.4
203,0.00379,0.00378,0.00377,0.00376,0.00375,0.00374,0.00373,0.00372,0.00371,0.0037,0.0038,0.00381,0.00382,0.00383,0.00384,0.00385,0.00386,0.00387,0.00388,0.00389,2968682.9,2181245.7,1904150.6,673953,665593.2,447185.3,363230.8,565939.8,580514.1,470388.8,43901.2,1293267.5,2757537.2,895894.3,421877.2,612822.7,536740.3,549473,591968.1,311461.2
204,0.0038,0.00379,0.00378,0.00377,0.00376,0.00375,0.00374,0.00373,0.00372,0.00371,0.00381,0.00382,0.00383,0.00384,0.00385,0.00386,0.00387,0.00388,0.00389,0.0039,152651.9,3062682.9,2571401.8,1074887,629388.5,710276.6,447185.3,363230.8,565939.8,580514.1,924720.9,2778653.9,916108,421877.2,612822.7,536740.3,549473,591968.1,311461.2,1686523.4
205,0.0038,0.00379,0.00378,0.00377,0.00376,0.00375,0.00374,0.00373,0.00372,0.00371,0.00381,0.00382,0.00383,0.00384,0.00385,0.00386,0.00387,0.00388,0.00389,0.0039,152651.9,3055994,2586776.4,1074887,629388.5,665593.2,447185.3,408153.7,565939.8,580514.1,924720.9,2804886.4,916108,421877.2,612822.7,536740.3,549473,548781.9,354536.4,1686523.4
206,0.0038,0.00379,0.00378,0.00377,0.00376,0.00375,0.00374,0.00373,0.00372,0.00371,0.00381,0.00382,0.00383,0.00384,0.00385,0.00386,0.00387,0.00388,0.00389,0.0039,152651.9,1577351.9,2370435.2,1030537.5,629388.5,665593.2,447185.3,408153.7,565939.8,580514.1,924720.9,2760885.3,960362.4,421877.2,612822.7,536740.3,549473,548781.9,354536.4,1686523.4
207,0.0038,0.00379,0.00378,0.00377,0.00376,0.00375,0.00374,0.00373,0.00372,0.00371,0.00381,0.00382,0.00383,0.00384,0.00385,0.00386,0.00387,0.00388,0.00389,0.0039,149189.7,1576742.3,2676527.3,1030537.5,629388.5,620909.8,402382.5,453076.6,610983.5,580514.1,922270.8,2804334.8,916108,421877.2,612822.7,536740.3,549473,548781.9,354536.4,1686523.4
208,0.0038,0.00379,0.00378,0.00377,0.00376,0.00375,0.00374,0.00373,0.00372,0.00371,0.00381,0.00382,0.00383,0.00384,0.00385,0.00386,0.00387,0.00388,0.00389,0.0039,149189.7,1874766.9,2334383,1074786.9,629388.5,576226.4,447185.3,497999.5,565939.8,580514.1,922270.8,2801094.8,916108,421877.2,612822.7,536740.3,549473,548781.9,354536.4,1686523.4
209,0.0038,0.00379,0.00378,0.00377,0.00376,0.00375,0.00374,0.00373,0.00372,0.00371,0.00381,0.00382,0.00383,0.00384,0.00385,0.00386,0.00387,0.00388,0.00389,0.0039,153593.7,2582431.5,2378685.3,1030537.5,629388.5,576226.4,491988.1,453076.6,565939.8,580514.1,904443.4,2774840.5,959872.7,421877.2,612822.7,536740.3,549473,548781.9,354536.4,1686523.4
210,0.0038,0.00379,0.00378,0.00377,0.00376,0.00375,0.00374,0.00373,0.00372,0.00371,0.00381,0.00382,0.00383,0.00384,0.00385,0.00386,0.00387,0.00388,0.00389,0.0039,1098148.8,2582415.5,1811480,1030537.5,629388.5,576226.4,491988.1,453076.6,565939.8,580514.1,904429.3,2014463.2,959872.7,421877.2,612822.7,536740.3,549473,548781.9,354536.4,1686523.4
211,0.0038,0.00379,0.00378,0.00377,0.00376,0.00375,0.00374,0.00373,0.00372,0.00371,0.00381,0.00382,0.00383,0.00384,0.00385,0.00386,0.00387,0.00388,0.00389,0.0039,1055268.3,3335869.6,2158638.3,986671.4,629388.5,548141.5,426261.9,437899.3,565939.8,580514.1,328339.7,2817676.7,959872.7,421877.2,612822.7,459906.7,626306.6,548781.9,311461.2,1729488.2
212,0.0038,0.00379,0.00378,0.00377,0.00376,0.00375,0.00374,0.00373,0.00372,0.00371,0.00381,0.00382,0.00383,0.00384,0.00385,0.00386,0.00387,0.00388,0.00389,0.0039,984642.5,2285003.5,2771016,986671.4,718589.1,637436.7,284114.8,292473.5,565939.8,580514.1,57248.8,2055479.3,1875420.3,454383,612822.7,561714.9,367469.9,548781.9,354536.4,1686523.4
213,0.0038,0.00379,0.00378,0.00377,0.00376,0.00375,0.00374,0.00373,0.00372,0.00371,0.00381,0.00382,0.00383,0.00384,0.00385,0.00386,0.00387,0.00388,0.00389,0.0039,2958077.2,3390831.8,1641264.9,824447.4,733499.9,552799.8,284114.8,560233.5,565939.8,580514.1,74.1,1230688.4,2640129.5,501222.3,612822.7,561714.9,290636.3,548781.9,354536.4,879150
214,0.0038,0.00379,0.00378,0.00377,0.00376,0.00375,0.00374,0.00373,0.00372,0.00371,0.00381,0.00382,0.00383,0.00384,0.00385,0.00386,0.00387,0.00388,0.00389,0.0039,2897051.7,3679663.7,1246491.9,868893.7,822628.9,463433,239312,560233.5,565939.8,580514.1,74.1,1230688.4,2640129.5,501222.3,612822.7,561714.9,367469.9,548781.9,354536.4,879150
215,0.0038,0.00379,0.00378,0.00377,0.00376,0.00375,0.00374,0.00373,0.00372,0.00371,0.00381,0.00382,0.00383,0.00384,0.00385,0.00386,0.00387,0.00388,0.00389,0.0039,3598757.9,1968579.2,1662957.9,868893.7,733428.3,463433,239312,560233.5,565939.8,580514.1,47324.1,1184961.1,2045834.8,501222.3,612822.7,561714.9,367469.9,548781.9,354536.4,879150
216,0.0038,0.00379,0.00378,0.00377,0.00376,0.00375,0.00374,0.00373,0.00372,0.00371,0.00381,0.00382,0.00383,0.00384,0.00385,0.00386,0.00387,0.00388,0.00389,0.0039,1085729.9,2292156.5,2012287.9,1349145.6,688863.8,508116.4,228683.4,570890.6,565939.8,580514.1,97320.2,1727440.8,1857123.6,501222.3,612822.7,638548.5,290636.3,548781.9,354536.4,879150
217,0.0038,0.00379,0.00378,0.00377,0.00376,0.00375,0.00374,0.00373,0.00372,0.00371,0.00381,0.00382,0.00383,0.00384,0.00385,0.00386,0.00387,0.00388,0.00389,0.0039,1085729.9,2292156.5,2550060.9,824447.4,599734.8,597483.2,258349.4,586067.9,565939.8,580514.1,51679.3,1226235.3,1877337.3,501222.3,612822.7,638548.5,290636.3,548781.9,354536.4,879150
218,0.0038,0.00379,0.00378,0.00377,0.00376,0.00375,0.00374,0.00373,0.00372,0.00371,0.00381,0.00382,0.00383,0.00384,0.00385,0.00386,0.00387,0.00388,0.00389,0.0039,1085729.9,2792256.7,2300322.7,824447.4,599734.8,463433,392757.8,586067.9,565939.8,580514.1,51679.3,1698650.3,1311215.3,501222.3,612822.7,638548.5,290636.3,548781.9,354536.4,879150
219,0.0038,0.00379,0.00378,0.00377,0.00376,0.00375,0.00374,0.00373,0.00372,0.00371,0.00381,0.00382,0.00383,0.00384,0.00385,0.00386,0.00387,0.00388,0.00389,0.0039,1085742.2,2538819.6,2307014.9,824447.4,599734.8,463433,347955,630990.8,565939.8,580514.1,51679.3,1698898.3,1311215.3,501222.3,612822.7,638548.5,290636.3,548781.9,354536.4,879150
220,0.0038,0.00379,0.00378,0.00377,0.00376,0.00375,0.00374,0.00373,0.00372,0.00371,0.00381,0.00382,0.00383,0.00384,0.00385,0.00386,0.00387,0.00388,0.00389,0.0039,1085757.7,2292155.5,2320448.3,824447.4,599734.8,463433,392757.8,586067.9,565939.8,580514.1,97414.6,1652857.2,1564549.7,501222.3,612822.7,638548.5,290636.3,548781.9,354536.4,879150
221,0.0038,0.00379,0.00378,0.00377,0.00376,0.00375,0.00374,0.00373,0.00372,0.00371,0.00381,0.00382,0.00383,0.00384,0.00385,0.00386,0.00387,0.00388,0.00389,0.0039,1085757.7,2285463.3,2333672.9,824447.4,599734.8,463433,407894.6,570890.6,565939.8,580514.1,97414.6,1676247.2,1311215.3,501222.3,612822.7,638548.5,290636.3,548781.9,354536.4,879150
222,0.00381,0.0038,0.00379,0.00378,0.00377,0.00376,0.00375,0.00374,0.00373,0.00372,0.00382,0.00383,0.00384,0.00385,0.00386,0.00387,0.00388,0.00389,0.0039,0.00391,1051417.5,2459571.6,983809.6,1913742.6,295722,590249,552799.8,328917.6,560233.5,565939.8,1057230.8,2557789.5,564013.9,531252.1,643643.9,470432.8,548781.9,311461.2,879150,1203547
223,0.00381,0.0038,0.00379,0.00378,0.00377,0.00376,0.00375,0.00374,0.00373,0.00372,0.00382,0.00383,0.00384,0.00385,0.00386,0.00387,0.00388,0.00389,0.0039,0.00391,1098642.7,3206253.3,1567277,1721768.1,295722,382501.2,567896.2,224175.2,560233.5,565939.8,328995.8,2575454.5,770170.4,531252.1,643643.9,470432.8,290636.3,311461.2,879150,1160692.1
224,0.00381,0.0038,0.00379,0.00378,0.00377,0.00376,0.00375,0.00374,0.00373,0.00372,0.00382,0.00383,0.00384,0.00385,0.00386,0.00387,0.00388,0.00389,0.0039,0.00391,1055857.2,2455132.6,2058888.6,1877533.2,384680.2,419946.6,523212.8,224175.2,560233.5,565939.8,328995.8,2322816.6,770170.4,531252.1,643643.9,470432.8,290636.3,311461.2,879150,1160692.1
225,0.00381,0.0038,0.00379,0.00378,0.00377,0.00376,0.00375,0.00374,0.00373,0.00372,0.00382,0.00383,0.00384,0.00385,0.00386,0.00387,0.00388,0.00389,0.0039,0.00391,1055857.2,2707632,2073040.6,1877533.2,384680.2,419946.6,523212.8,224175.2,560233.5,565939.8,328893.9,2591170.1,770170.4,531252.1,643643.9,470432.8,290636.3,311461.2,879150,1160692.1
226,0.00381,0.0038,0.00379,0.00378,0.00377,0.00376,0.00375,0.00374,0.00373,0.00372,0.00382,0.00383,0.00384,0.00385,0.00386,0.00387,0.00388,0.00389,0.0039,0.00391,1055857.2,2410087.7,2021458.1,1422515.7,384680.2,330817.6,612579.6,224175.2,560233.5,565939.8,1039404.4,2591074.4,584227.6,531252.1,643643.9,470432.8,290636.3,311461.2,879150,1160692.1
227,0.00381,0.0038,0.00379,0.00378,0.00377,0.00376,0.00375,0.00374,0.00373,0.00372,0.00382,0.00383,0.00384,0.00385,0.00386,0.00387,0.00388,0.00389,0.0039,0.00391,1055781.4,2106392.8,1901728.5,1549864.8,295722,420012.4,597483.2,239312,560233.5,565939.8,1039404.4,2338230.7,584227.6,531252.1,643643.9,470432.8,290636.3,311461.2,879150,1203547
228,0.00381,0.0038,0.00379,0.00378,0.00377,0.00376,0.00375,0.00374,0.00373,0.00372,0.00382,0.00383,0.00384,0.00385,0.00386,0.00387,0.00388,0.00389,0.0039,0.00391,1055879.3,2410072.8,1895053.9,1549864.8,384680.2,375382.1,567896.2,224175.2,560233.5,565939.8,1039424.3,2651219.3,584227.6,531252.1,643643.9,470432.8,290636.3,311461.2,879150,1203547
229,0.00381,0.0038,0.00379,0.00378,0.00377,0.00376,0.00375,0.00374,0.00373,0.00372,0.00382,0.00383,0.00384,0.00385,0.00386,0.00387,0.00388,0.00389,0.0039,0.00391,1055836.5,3167262.5,1895054,1549864.8,384680.2,375382.1,567896.2,224175.2,560233.5,565939.8,1039424.3,2651160.4,584227.6,531252.1,643643.9,470432.8,290636.3,311461.2,879150,1203547
230,0.00381,0.0038,0.00379,0.00378,0.00377,0.00376,0.00375,0.00374,0.00373,0.00372,0.00382,0.00383,0.00384,0.00385,0.00386,0.00387,0.00388,0.00389,0.0039,0.00391,1055836.5,2365478.3,2022103.5,1574380.9,429126.5,330817.6,578496.4,213546.6,560233.5,565939.8,1039424.3,1893922.6,584227.6,531252.1,643643.9,470432.8,290636.3,311461.2,879150,1203547
231,0.00381,0.0038,0.00379,0.00378,0.00377,0.00376,0.00375,0.00374,0.00373,0.00372,0.00382,0.00383,0.00384,0.00385,0.00386,0.00387,0.00388,0.00389,0.0039,0.00391,1055836.5,2405479.8,2022103.7,1418615.8,384680.2,375382.1,578496.4,213546.6,560233.5,565939.8,1039424.3,1828921.6,584227.6,531252.1,643643.9,470432.8,290636.3,311461.2,879150,1203547
232,0.00382,0.00381,0.0038,0.00379,0.00378,0.00377,0.00376,0.00375,0.00374,0.00373,0.00383,0.00384,0.00385,0.00386,0.00387,0.00388,0.00389,0.0039,0.00391,0.00392,139886.4,3806157.4,2064137.6,1922505.3,1031140.1,384680.2,500469.9,435914.7,480599.5,560233.5,975675,1290016.5,602013.1,643643.9,620818.7,400134.5,311461.2,879150,353318.7,1164600.8
233,0.00382,0.00381,0.0038,0.00379,0.00378,0.00377,0.00376,0.00375,0.00374,0.00373,0.00383,0.00384,0.00385,0.00386,0.00387,0.00388,0.00389,0.0039,0.00391,0.00392,176970.3,2335908.6,2492502.5,1832969.8,1031140.1,429126.5,455905.4,435914.7,480599.5,560233.5,912453.1,1413636.7,645428.7,561714.9,700775.2,400134.5,311461.2,879150,353318.7,1164600.8
234,0.00382,0.00381,0.0038,0.00379,0.00378,0.00377,0.00376,0.00375,0.00374,0.00373,0.00383,0.00384,0.00385,0.00386,0.00387,0.00388,0.00389,0.0039,0.00391,0.00392,139886.4,1541981,2066567.4,1721200.6,1031140.1,562465.4,411340.9,346547.9,480599.5,560233.5,930120.6,1420046.5,622226.8,561714.9,623941.6,476968.1,311461.2,879150,353318.7,1164600.8
235,0.00381,0.0038,0.00379,0.00378,0.00377,0.00376,0.00375,0.00374,0.00373,0.00372,0.00382,0.00383,0.00384,0.00385,0.00386,0.00387,0.00388,0.00389,0.0039,0.00391,3092404.1,2417111.6,1805613.9,1032972.5,524724.8,455905.4,335947.7,491228.1,560233.5,565939.8,151977.7,1124683.9,1302397.6,603274.5,561714.9,700775.2,400134.5,311461.2,879150,396173.6
236,0.00382,0.00381,0.0038,0.00379,0.00378,0.00377,0.00376,0.00375,0.00374,0.00373,0.00383,0.00384,0.00385,0.00386,0.00387,0.00388,0.00389,0.0039,0.00391,0.00392,47250,2926125.3,2541848.3,1211306.7,1032972.5,518019.1,455905.4,346547.9,480599.5,560233.5,1059901.6,1352943.5,622225.9,566402.4,700775.2,400134.5,306773.7,879150,353318.7,1164600.8
237,0.00382,0.00381,0.0038,0.00379,0.00378,0.00377,0.00376,0.00375,0.00374,0.00373,0.00383,0.00384,0.00385,0.00386,0.00387,0.00388,0.00389,0.0039,0.00391,0.00392,47250,3158086.1,2290912.8,1211306.7,1032972.5,473572.8,455905.4,391231.3,480599.5,560233.5,1035602.8,1352943.5,622225.9,566402.4,700775.2,400134.5,306773.7,879150,353318.7,1164600.8
238,0.00382,0.00381,0.0038,0.00379,0.00378,0.00377,0.00376,0.00375,0.00374,0.00373,0.00383,0.00384,0.00385,0.00386,0.00387,0.00388,0.00389,0.0039,0.00391,0.00392,51662.4,3656127.9,2335254.1,1166957.2,1032972.5,473572.8,455905.4,391231.3,480599.5,560233.5,1017867.7,1329705.2,665676.1,566402.4,700775.2,400134.5,306773.7,879150,353318.7,1164600.8
239,0.00382,0.00381,0.0038,0.00379,0.00378,0.00377,0.00376,0.00375,0.00374,0.00373,0.00383,0.00384,0.00385,0.00386,0.00387,0.00388,0.00389,0.0039,0.00391,0.00392,51662.4,3154187.7,2345455.8,1153294.5,1025811.7,473572.8,455905.4,391231.3,480599.5,560233.5,1017867.7,1329705.2,665676.1,566402.4,700775.2,400134.5,306773.7,879150,353318.7,1164600.8
240,0.00382,0.00381,0.0038,0.00379,0.00378,0.00377,0.00376,0.00375,0.00374,0.00373,0.00383,0.00384,0.00385,0.00386,0.00387,0.00388,0.00389,0.0039,0.00391,0.00392,47250,3661557,2348189,1197306.3,1019267.3,473572.8,455905.4,380631.1,491228.1,560233.5,1035616.4,1356471.6,622225.9,566402.4,700775.2,400134.5,306773.7,879150,353318.7,1207346.4
241,0.00382,0.00381,0.0038,0.00379,0.00378,0.00377,0.00376,0.00375,0.00374,0.00373,0.00383,0.00384,0.00385,0.00386,0.00387,0.00388,0.00389,0.0039,0.00391,0.00392,51637.8,3154131.8,1869921.7,1153294.5,1019267.3,473572.8,455905.4,391231.3,480599.5,560233.5,1017867.7,1333541.2,666070,566402.4,700775.2,400134.5,306773.7,879150,353318.7,1207346.4
242,0.00382,0.00381,0.0038,0.00379,0.00378,0.00377,0.00376,0.00375,0.00374,0.00373,0.00383,0.00384,0.00385,0.00386,0.00387,0.00388,0.00389,0.0039,0.00391,0.00392,47250,3454509.2,1573924.6,1153294.5,1019267.3,473572.8,455905.4,391231.3,480599.5,560233.5,1035261.5,1315870,666070,566402.4,700775.2,400134.5,306773.7,879150,353318.7,1207346.4
243,0.00382,0.00381,0.0038,0.00379,0.00378,0.00377,0.00376,0.00375,0.00374,0.00373,0.00383,0.00384,0.00385,0.00386,0.00387,0.00388,0.00389,0.0039,0.00391,0.00392,47250,3203053.4,2052181.7,1197352.8,1019267.3,473572.8,455905.4,380631.1,491228.1,560233.5,1035261.5,1360323.1,622225.9,566402.4,700775.2,400134.5,306773.7,879150,353318.7,1207346.4
244,0.00381,0.0038,0.00379,0.00378,0.00377,0.00376,0.00375,0.00374,0.00373,0.00372,0.00382,0.00383,0.00384,0.00385,0.00386,0.00387,0.00388,0.00389,0.0039,0.00391,3790680.5,2262900.4,1611852.7,1029211.3,523150.4,411340.9,391231.3,480599.5,560233.5,565939.8,47250,1217819.3,1310488.8,603274.5,566402.4,623941.6,367469.9,306773.7,922114.8,741313.7
245,0.00381,0.0038,0.00379,0.00378,0.00377,0.00376,0.00375,0.00374,0.00373,0.00372,0.00382,0.00383,0.00384,0.00385,0.00386,0.00387,0.00388,0.00389,0.0039,0.00391,4163280.1,2301187.1,1611852.7,1029211.3,518019.1,455905.4,346547.9,480599.5,560233.5,565939.8,47250,1217857.1,1304333.2,603274.5,566402.4,623941.6,367469.9,306773.7,922114.8,741313.7
246,0.00382,0.00381,0.0038,0.00379,0.00378,0.00377,0.00376,0.00375,0.00374,0.00373,0.00383,0.00384,0.00385,0.00386,0.00387,0.00388,0.00389,0.0039,0.00391,0.00392,156441.9,2667688.1,2590279.8,1348977.9,1019267.3,429126.5,500469.9,380631.1,491228.1,560233.5,1024560.1,1334047.3,665745.5,566402.4,700775.2,392109.4,306773.7,879150,353318.7,1207346.4
247,0.00382,0.00381,0.0038,0.00379,0.00378,0.00377,0.00376,0.00375,0.00374,0.00373,0.00383,0.00384,0.00385,0.00386,0.00387,0.00388,0.00389,0.0039,0.00391,0.00392,47250,2248195.3,2250717,1392551.3,1019267.3,473572.8,455905.4,380631.1,491228.1,560233.5,1146463.2,1380470.2,602008.8,566402.4,700775.2,392109.4,306773.7,879150,353318.7,1207346.4
248,0.00382,0.00381,0.0038,0.00379,0.00378,0.00377,0.00376,0.00375,0.00374,0.00373,0.00383,0.00384,0.00385,0.00386,0.00387,0.00388,0.00389,0.0039,0.00391,0.00392,47250,2244713.1,2590450.1,1348977.9,1019267.3,429126.5,455905.4,380631.1,536030.9,560233.5,1128980.6,1334308.4,666061.3,566402.4,700775.2,392109.4,306773.7,879150,353318.7,1207346.4
249,0.00382,0.00381,0.0038,0.00379,0.00378,0.00377,0.00376,0.00375,0.00374,0.00373,0.00383,0.00384,0.00385,0.00386,0.00387,0.00388,0.00389,0.0039,0.00391,0.00392,47250,3056980.6,2560665.4,1348977.9,1019267.3,384680.2,375382.1,324697.6,536030.9,560233.5,1124526.7,1316520,622222.5,566402.4,620818.7,391431.8,306773.7,879150,353318.7,1207346.4
250,0.00382,0.00381,0.0038,0.00379,0.00378,0.00377,0.00376,0.00375,0.00374,0.00373,0.00383,0.00384,0.00385,0.00386,0.00387,0.00388,0.00389,0.0039,0.00391,0.00392,47250,2554298.4,2560658.4,1342165.6,1019267.3,384680.2,330817.6,369381,536030.9,560233.5,1124526.7,1309803,622222.5,566402.4,620818.7,391431.8,306773.7,879150,353318.7,1207346.4
251,0.00382,0.00381,0.0038,0.00379,0.00378,0.00377,0.00376,0.00375,0.00374,0.00373,0.00383,0.00384,0.00385,0.00386,0.00387,0.00388,0.00389,0.0039,0.00391,0.00392,47250,3308130.3,2558673.5,1349505,1019267.3,384680.2,330817.6,369381,536030.9,560233.5,1124526.7,1309803,622222.5,566402.4,620818.7,391431.8,306773.7,879150,396173.6,1197166.4
252,0.00382,0.00381,0.0038,0.00379,0.00378,0.00377,0.00376,0.00375,0.00374,0.00373,0.00383,0.00384,0.00385,0.00386,0.00387,0.00388,0.00389,0.0039,0.00391,0.00392,19947.8,3626083.1,2258167.6,1388669.3,1019267.3,466174,330817.6,354284.6,551167.7,560233.5,1146432.8,1354309.3,622222.5,566402.4,702312.5,391431.8,306773.7,879150,396173.6,1197166.4
253,0.00381,0.0038,0.00379,0.00378,0.00377,0.00376,0.00375,0.00374,0.00373,0.00372,0.00382,0.00383,0.00384,0.00385,0.00386,0.00387,0.00388,0.00389,0.0039,0.00391,3868229.9,1751412,1272294.5,1019267.3,472869.5,330817.6,354284.6,551167.7,560233.5,565939.8,151977.8,1217948.3,1340981.5,583060.8,566402.4,583022,290636.3,349848.9,879150,353318.7
254,0.00382,0.00381,0.0038,0.00379,0.00378,0.00377,0.00376,0.00375,0.00374,0.00373,0.00383,0.00384,0.00385,0.00386,0.00387,0.00388,0.00389,0.0039,0.00391,0.00392,51634.7,4259927.1,1912228,1162047.6,1019267.3,466174,330817.6,309601.2,540539.1,615813.5,906333.1,1347772,645619.5,643236,625527.9,391509.5,306773.7,879150,396173.6,777788
255,0.00382,0.00381,0.0038,0.00379,0.00378,0.00377,0.00376,0.00375,0.00374,0.00373,0.00383,0.00384,0.00385,0.00386,0.00387,0.00388,0.00389,0.0039,0.00391,0.00392,47250,4508297.2,2234273.4,1206196.4,1019267.3,377215.8,286253.1,264917.8,525402.3,675913.7,923825.7,1373769.6,622220.3,643236,625527.9,391509.5,306773.7,710405.6,353318.7,777788
256,0.00381,0.0038,0.00379,0.00378,0.00377,0.00376,0.00375,0.00374,0.00373,0.00372,0.00383,0.00384,0.00385,0.00386,0.00387,0.00388,0.00389,0.0039,0.00391,0.00392,3546558.1,2781696.7,1221949.9,1019267.3,377215.8,286253.1,264917.8,480599.5,675913.7,656027.2,1239989.2,1366114.8,602006.6,643236,625527.9,391509.5,306773.7,667440.8,396173.6,777788
257,0.00381,0.0038,0.00379,0.00378,0.00377,0.00376,0.00375,0.00374,0.00373,0.00372,0.00382,0.00383,0.00384,0.00385,0.00386,0.00387,0.00388,0.00389,0.0039,0.00391,3067834.6,3218093.9,1293644.5,1019267.3,377215.8,286253.1,264917.8,551167.7,650079.3,610983.5,151977.8,1311504.7,1315563.3,583060.8,643236,625527.9,290636.3,349848.9,667440.8,618158.2
258,0.00381,0.0038,0.00379,0.00378,0.00377,0.00376,0.00375,0.00374,0.00373,0.00372,0.00382,0.00383,0.00384,0.00385,0.00386,0.00387,0.00388,0.00389,0.0039,0.00391,1051693.5,2137920,2294144.9,1089506.1,295722,365829,264917.8,525402.3,630990.8,656027.2,942160.6,1261589.4,1129620.5,583060.8,722918.2,424694.6,333822.5,306773.7,667440.8,741313.7
259,0.00381,0.0038,0.00379,0.00378,0.00377,0.00376,0.00375,0.00374,0.00373,0.00372,0.00382,0.00383,0.00384,0.00385,0.00386,0.00387,0.00388,0.00389,0.0039,0.00391,1061651.9,2887013.2,2294142.6,1089506.1,295722,365829,264917.8,480599.5,675913.7,656027.2,942160.6,1758418.4,703514.5,583060.8,722918.2,424694.6,333822.5,306773.7,667440.8,741313.7
260,0.00381,0.0038,0.00379,0.00378,0.00377,0.00376,0.00375,0.00374,0.00373,0.00372,0.00382,0.00383,0.00384,0.00385,0.00386,0.00387,0.00388,0.00389,0.0039,0.00391,1051639.4,3191171.3,1990864.5,1089506.1,295722,365829,264917.8,495736.3,615813.5,701070.9,942160.6,1758418.4,703514.5,587748.3,718230.7,424694.6,290636.3,349848.9,667440.8,741313.7
261,0.00381,0.0038,0.00379,0.00378,0.00377,0.00376,0.00375,0.00374,0.00373,0.00372,0.00382,0.00383,0.00384,0.00385,0.00386,0.00387,0.00388,0.00389,0.0039,0.00391,1051639.4,2687489.2,1990864.5,1089506.1,295722,365829,264917.8,495736.3,615813.5,701070.9,942160.6,1758418.4,703514.5,587748.3,718230.7,424694.6,290636.3,349848.9,667440.8,741313.7
262,0.00381,0.0038,0.00379,0.00378,0.00377,0.00376,0.00375,0.00374,0.00373,0.00372,0.00382,0.00383,0.00384,0.00385,0.00386,0.00387,0.00388,0.00389,0.0039,0.00391,841061.8,2558544.1,2287411.1,1089506.1,295722,365829,264917.8,495736.3,615813.5,701070.9,959945.9,1751170.2,703514.5,587748.3,718230.7,424694.6,290636.3,349848.9,667440.8,741313.7
263,0.00381,0.0038,0.00379,0.00378,0.00377,0.00376,0.00375,0.00374,0.00373,0.00372,0.00382,0.00383,0.00384,0.00385,0.00386,0.00387,0.00388,0.00389,0.0039,0.00391,873849.3,2009410.1,2711390.4,1105598.2,295722,365829,264917.8,506364.9,605156.4,701070.9,959945.9,1795424.4,911015.8,587748.3,718230.7,424694.6,290636.3,349848.9,667440.8,1160692.1
264,0.00381,0.0038,0.00379,0.00378,0.00377,0.00376,0.00375,0.00374,0.00373,0.00372,0.00382,0.00383,0.00384,0.00385,0.00386,0.00387,0.00388,0.00389,0.0039,0.00391,47250,3008630.5,2918642.3,1150382.4,295722,365829,264917.8,480599.5,630990.8,701070.9,1046720.5,1944680.9,760991.8,587748.3,718230.7,424694.6,333822.5,306773.7,667440.8,1193257.7
265,0.0038,0.00379,0.00378,0.00377,0.00376,0.00375,0.00374,0.00373,0.00372,0.00371,0.00381,0.00382,0.00383,0.00384,0.00385,0.00386,0.00387,0.00388,0.00389,0.0039,47250,4439924,2124807.4,549461.8,409289.7,598470.2,480599.5,650079.3,681931,580514.1,1298754.2,2346132.2,1415927.8,518732.4,743942.8,459906.7,290636.3,290636.3,952253.5,1119384.8
266,0.0038,0.00379,0.00378,0.00377,0.00376,0.00375,0.00374,0.00373,0.00372,0.00371,0.00381,0.00382,0.00383,0.00384,0.00385,0.00386,0.00387,0.00388,0.00389,0.0039,47250,3907761.4,1920901.5,512389,409289.7,598470.2,570271.3,560233.5,681931,625679.2,1297493.5,2083340.5,1460020.7,595566,643475.3,478853.1,290636.3,290636.3,936116.1,1119384.8
267,0.0038,0.00379,0.00378,0.00377,0.00376,0.00375,0.00374,0.00373,0.00372,0.00371,0.00381,0.00382,0.00383,0.00384,0.00385,0.00386,0.00387,0.00388,0.00389,0.0039,51666.4,3647139.4,1927606.7,522357.4,409289.7,687902.9,480599.5,605156.4,636887.3,580514.1,1297493.5,1691927,1620098.2,518732.4,720308.9,459906.7,290636.3,290636.3,936116.1,1119384.8
268,0.0038,0.00379,0.00378,0.00377,0.00376,0.00375,0.00374,0.00373,0.00372,0.00371,0.00381,0.00382,0.00383,0.00384,0.00385,0.00386,0.00387,0.00388,0.00389,0.0039,51669.7,2541266.6,1928068.4,528392.4,409289.7,688543.9,480599.5,620333.7,621669.2,580514.1,1297520.9,2319017.7,1620972.3,475096.3,763680.7,459906.7,290636.3,290636.3,812960.6,1242540.3
269,0.0038,0.00379,0.00378,0.00377,0.00376,0.00375,0.00374,0.00373,0.00372,0.00371,0.00381,0.00382,0.00383,0.00384,0.00385,0.00386,0.00387,0.00388,0.00389,0.0039,47250,2545675.9,1923662.5,529206.5,409289.7,688543.9,480599.5,605156.4,636887.3,580514.1,1526738.4,2703854.2,1007183.8,475096.3,763680.7,459906.7,309569.1,290636.3,936116.1,1119384.8
270,0.0038,0.00379,0.00378,0.00377,0.00376,0.00375,0.00374,0.00373,0.00372,0.00371,0.00381,0.00382,0.00383,0.00384,0.00385,0.00386,0.00387,0.00388,0.00389,0.0039,51707.3,2541041.3,1922645.2,529206.5,409289.7,599111.2,213546.6,352573.7,353198.1,311290.7,1404227.5,2571508,1156708.9,475096.3,763680.7,478839.5,290636.3,290636.3,555475.8,985442.9
271,0.0038,0.00379,0.00378,0.00377,0.00376,0.00375,0.00374,0.00373,0.00372,0.00371,0.00381,0.00382,0.00383,0.00384,0.00385,0.00386,0.00387,0.00388,0.00389,0.0039,51602.7,2540928.3,1939780.1,522358.3,409289.7,688551,213546.6,363230.8,342512.4,401620.9,1404227.5,2608626.8,1156591.4,475096.3,739090.8,503316.7,290636.3,290636.3,290636.3,1250282.4
272,0.0038,0.00379,0.00378,0.00377,0.00376,0.00375,0.00374,0.00373,0.00372,0.00371,0.00381,0.00382,0.00383,0.00384,0.00385,0.00386,0.00387,0.00388,0.00389,0.0039,51602.7,2540909.4,2090334.1,678546.2,409289.7,688551,213546.6,363230.8,342512.4,446786,1404211.5,2608626.8,1175524.2,475096.3,720158,503316.7,290636.3,290636.3,290636.3,1217716.8
273,0.0038,0.00379,0.00378,0.00377,0.00376,0.00375,0.00374,0.00373,0.00372,0.00371,0.00381,0.00382,0.00383,0.00384,0.00385,0.00386,0.00387,0.00388,0.00389,0.0039,68585,2293020.5,2097036.9,678546.2,409289.7,688547.2,213546.6,363230.8,342512.4,446786,1421691,2609868.1,1156591.4,475096.3,720158,503316.7,290636.3,290636.3,290636.3,1217716.8
274,0.00379,0.00378,0.00377,0.00376,0.00375,0.00374,0.00373,0.00372,0.00371,0.0037,0.00381,0.00382,0.00383,0.00384,0.00385,0.00386,0.00387,0.00388,0.00389,0.0039,3924479.5,2768247.2,501623.6,387038.7,757869.3,166296.6,315980.8,295262.4,354370.9,468426,1533352.8,2654047.4,1112814.7,475096.3,643324.4,536740.3,333934.1,290636.3,1098009.7,442909
275,0.00379,0.00378,0.00377,0.00376,0.00375,0.00374,0.00373,0.00372,0.00371,0.0037,0.00381,0.00382,0.00383,0.00384,0.00385,0.00386,0.00387,0.00388,0.00389,0.0039,2870953,3503675.9,501621.9,543642,757869.3,226236.2,255880.6,340306.1,309205.8,468426,1522271.8,1898241.2,1330841.4,475096.3,643324.4,536740.3,333934.1,301747.4,678631.3,862287.4
276,0.00379,0.00378,0.00377,0.00376,0.00375,0.00374,0.00373,0.00372,0.00371,0.0037,0.00381,0.00382,0.00383,0.00384,0.00385,0.00386,0.00387,0.00388,0.00389,0.0039,2870953,3500065,657809.8,539685.8,757869.3,226236.2,255880.6,340306.1,309205.8,468426,1522271.8,1898241.2,1381414.7,423287.6,643324.4,536740.3,333934.1,301747.4,1098009.7,442909
277,0.00379,0.00378,0.00377,0.00376,0.00375,0.00374,0.00373,0.00372,0.00371,0.0037,0.00381,0.00382,0.00383,0.00384,0.00385,0.00386,0.00387,0.00388,0.00389,0.0039,2870953,3800630.4,573540.8,539685.8,757869.3,226236.2,255880.6,608805.9,354370.9,692714.8,1627487.5,1873094.2,1381403.7,423287.6,643324.4,536740.3,333934.1,559724.3,678631.3,1119234.5
278,0.00379,0.00378,0.00377,0.00376,0.00375,0.00374,0.00373,0.00372,0.00371,0.0037,0.0038,0.00381,0.00382,0.00383,0.00384,0.00385,0.00386,0.00387,0.00388,0.00389,2802905.3,3583565.7,763339,549682.1,757869.3,274128.7,315980.8,608805.9,309205.8,738002,241250.1,1554377,2135450.6,1026915.5,410995.5,686847.1,536740.3,290636.3,569438.1,1098009.7
279,0.00379,0.00378,0.00377,0.00376,0.00375,0.00374,0.00373,0.00372,0.00371,0.0037,0.0038,0.00381,0.00382,0.00383,0.00384,0.00385,0.00386,0.00387,0.00388,0.00389,2988821.4,3511323.4,774899.5,549682.1,757869.3,274128.7,315980.8,609154.6,309205.8,738352,135971.2,1554377,1929976.6,1026915.5,410995.5,686847.1,536740.3,290636.3,569757.9,1355275.3
280,0.00379,0.00378,0.00377,0.00376,0.00375,0.00374,0.00373,0.00372,0.00371,0.0037,0.0038,0.00381,0.00382,0.00383,0.00384,0.00385,0.00386,0.00387,0.00388,0.00389,3936809.3,2900858.2,647212.6,397035.6,757883.7,274128.7,305323.7,619840.3,309205.8,738352,134171.3,1554377,1832950.6,1026915.5,410995.5,763680.7,459906.7,290636.3,569757.9,812741.4
281,0.00379,0.00378,0.00377,0.00376,0.00375,0.00374,0.00373,0.00372,0.00371,0.0037,0.0038,0.00381,0.00382,0.00383,0.00384,0.00385,0.00386,0.00387,0.00388,0.00389,3927798.1,2410592.1,784869.9,387038.7,757883.7,274128.7,305323.7,619840.3,309205.8,738352,81176.5,1512153.4,1797734.1,1026915.5,376173.3,672908,456066.7,243386.3,501683,765491.4
282,0.00379,0.00378,0.00377,0.00376,0.00375,0.00374,0.00373,0.00372,0.00371,0.0037,0.0038,0.00381,0.00382,0.00383,0.00384,0.00385,0.00386,0.00387,0.00388,0.00389,3956131.9,2901107.2,657913,387038.7,757883.7,274128.7,315980.8,609154.6,354370.9,693064.8,78992.4,1512153.4,1797136.7,1026915.5,376173.3,672908,456066.7,243386.3,501683,765491.4
283,0.00379,0.00378,0.00377,0.00376,0.00375,0.00374,0.00373,0.00372,0.00371,0.0037,0.0038,0.00381,0.00382,0.00383,0.00384,0.00385,0.00386,0.00387,0.00388,0.00389,3915323.1,2773880.1,774039.8,387038.7,757883.7,274128.7,305323.7,619840.3,354370.9,693064.8,78992.4,1557958.9,1756005.7,1026915.5,376173.3,672908,456066.7,243386.3,501683,765491.4
284,0.00379,0.00378,0.00377,0.00376,0.00375,0.00374,0.00373,0.00372,0.00371,0.0037,0.00381,0.00382,0.00383,0.00384,0.00385,0.00386,0.00387,0.00388,0.00389,0.0039,3244471.8,3065606.5,507633.2,387038.7,757883.7,274128.7,350246.6,574796.6,354370.9,693064.8,1358756.2,1844452.4,1026915.5,365062.2,672908,412656.7,243386.3,555980.3,765491.4,938192.9
285,0.00379,0.00378,0.00377,0.00376,0.00375,0.00374,0.00373,0.00372,0.00371,0.0037,0.00381,0.00382,0.00383,0.00384,0.00385,0.00386,0.00387,0.00388,0.00389,0.0039,3244457.8,3626801.8,379946.3,387038.7,757883.5,318931.5,260400.8,664884,309205.8,693064.8,1358756.2,1844452.4,1026915.5,365062.2,672908,412656.7,243386.3,555980.3,765491.4,938192.9
286,0.0038,0.00379,0.00378,0.00377,0.00376,0.00375,0.00374,0.00373,0.00372,0.00371,0.00381,0.00382,0.00383,0.00384,0.00385,0.00386,0.00387,0.00388,0.00389,0.0039,155645.6,2906114.4,2914479,373100,387038.7,757883.5,274128.7,360903.7,609154.6,309205.8,1345818.3,1830000.4,1071602.7,365062.2,672908,431578.9,243386.3,555980.3,765491.4,938192.9
287,0.0038,0.00379,0.00378,0.00377,0.00376,0.00375,0.00374,0.00373,0.00372,0.00371,0.00381,0.00382,0.00383,0.00384,0.00385,0.00386,0.00387,0.00388,0.00389,0.0039,155645.6,3625509.4,2743501.3,361579.1,387038.7,757883.5,274128.7,315980.8,609154.6,354370.9,1345738.1,1830000.4,1090524.9,365062.2,672908,412656.7,243386.3,555980.3,765491.4,938192.9
288,0.0038,0.00379,0.00378,0.00377,0.00376,0.00375,0.00374,0.00373,0.00372,0.00371,0.00381,0.00382,0.00383,0.00384,0.00385,0.00386,0.00387,0.00388,0.00389,0.0039,155644.7,3625457.2,2724421.1,373936.2,387038.7,757883.5,274128.7,315980.8,699242,264040.7,1345738.1,1830094.6,1071602.7,365062.2,672908,412656.7,243386.3,555980.3,765491.4,938192.9
289,0.0038,0.00379,0.00378,0.00377,0.00376,0.00375,0.00374,0.00373,0.00372,0.00371,0.00381,0.00382,0.00383,0.00384,0.00385,0.00386,0.00387,0.00388,0.00389,0.0039,155733.3,2690032,2054457.7,501623.1,387038.7,757883.5,274128.7,305323.7,709927.7,264040.7,1345738.1,1851696.4,1071602.7,365062.2,672908,412656.7,286684.1,512794.1,765491.4,938192.9
