timestamp,bid_price_0,bid_price_1,bid_price_2,bid_price_3,bid_price_4,bid_price_5,bid_price_6,bid_price_7,bid_price_8,bid_price_9,ask_price_0,ask_price_1,ask_price_2,ask_price_3,ask_price_4,ask_price_5,ask_price_6,ask_price_7,ask_price_8,ask_price_9,bid_size_0,bid_size_1,bid_size_2,bid_size_3,bid_size_4,bid_size_5,bid_size_6,bid_size_7,bid_size_8,bid_size_9,ask_size_0,ask_size_1,ask_size_2,ask_size_3,ask_size_4,ask_size_5,ask_size_6,ask_size_7,ask_size_8,ask_size_9
0,0.899,0.898,0.897,0.896,0.895,0.894,0.893,0.892,0.891,0.89,0.9,0.901,0.902,0.903,0.904,0.905,0.906,0.907,0.908,0.909,1029.8,4812,3557.8,4149.4,910.5,2282.3,2431.9,1699.9,277.7,591.2,308.8,4139.9,5961.8,2108.5,3014.4,1297.4,286.4,564.9,277.4,934.9
1,0.899,0.898,0.897,0.896,0.895,0.894,0.893,0.892,0.891,0.89,0.9,0.901,0.902,0.903,0.904,0.905,0.906,0.907,0.908,0.909,424.3,3010.4,5889.8,4149.4,910.5,1704.3,2431.9,1699.9,277.7,591.2,308.8,5390.6,4711.1,2108.5,3014.4,1126.2,286.4,564.9,277.4,934.9
2,0.897,0.896,0.895,0.894,0.893,0.892,0.891,0.89,0.888,0.887,0.898,0.899,0.9,0.901,0.902,0.903,0.904,0.905,0.906,0.907,157.5,2815,5939.9,3353.5,2406,2311.2,554.5,591.2,424,630.2,584.5,5185,4004.9,3075,3561.9,2110.6,917.7,674.5,306.4,544.9
3,0.897,0.896,0.895,0.894,0.893,0.892,0.891,0.89,0.888,0.887,0.898,0.899,0.9,0.901,0.902,0.903,0.904,0.905,0.906,0.907,424.9,5454.1,4082.4,2839.8,2884.3,1935.2,554.5,800.7,424,630.2,584.5,5282.8,5304.1,3075,3561.9,2562.8,917.7,694.5,286.4,544.9
4,0.897,0.896,0.895,0.894,0.893,0.892,0.891,0.89,0.888,0.887,0.898,0.899,0.9,0.901,0.902,0.903,0.904,0.905,0.906,0.907,635.8,4624.1,3780.5,5155.3,2884.3,1750,558.1,800.7,591.7,630.2,323.9,2822.2,6540.1,3875,3561.9,2747.5,917.7,694.5,286.4,544.9
5,0.897,0.896,0.895,0.894,0.893,0.892,0.891,0.89,0.888,0.887,0.898,0.899,0.9,0.901,0.902,0.903,0.904,0.905,0.906,0.907,999.3,5329.3,4580.5,4705.4,3100.7,1750,558.1,800.7,591.7,630.2,323.9,3339.3,7161.1,3075,3561.9,2747.5,929.9,674.5,286.4,544.9
6,0.897,0.896,0.895,0.894,0.893,0.892,0.891,0.89,0.888,0.887,0.898,0.899,0.9,0.901,0.902,0.903,0.904,0.905,0.906,0.907,521,5304.1,4504.4,3734.6,3254.1,1939.7,558.1,800.7,591.7,630.2,591.3,3627.6,7059.4,3075,3561.9,2562.8,929.9,674.5,286.4,1006.7
7,0.897,0.896,0.895,0.894,0.893,0.892,0.891,0.89,0.888,0.887,0.898,0.899,0.9,0.901,0.902,0.903,0.904,0.905,0.906,0.907,157.5,3833.5,4031,4107.1,2928,1939.7,558.1,800.7,591.7,630.2,575.4,3526.5,7318,3075,3561.9,2562.8,929.9,674.5,286.4,1006.7
8,0.897,0.896,0.895,0.894,0.893,0.892,0.891,0.89,0.888,0.887,0.898,0.899,0.9,0.901,0.902,0.903,0.904,0.905,0.906,0.907,604.1,5734.9,4405.2,4138.8,2487.1,1770,558.1,800.7,591.7,630.2,323.9,4597.7,6350.3,3075,3561.9,2734.5,929.9,674.5,286.4,1006.7
9,0.897,0.896,0.895,0.894,0.893,0.892,0.891,0.89,0.888,0.887,0.898,0.899,0.9,0.901,0.902,0.903,0.904,0.905,0.906,0.907,967.6,6181,3605.2,4167.8,2507.1,1750,558.1,800.7,591.7,630.2,661.1,3526.5,7421.5,3075,3561.9,2562.8,929.9,674.5,286.4,1006.7
10,0.897,0.896,0.895,0.894,0.893,0.892,0.891,0.89,0.888,0.887,0.898,0.899,0.9,0.901,0.902,0.903,0.904,0.905,0.906,0.907,967.6,5631.4,3149,4539.7,3181.6,1750,558.1,800.8,591.7,630.2,323.9,4597.7,6224.2,3075,3561.9,2562.8,928.9,674.5,286.4,1006.7
11,0.897,0.896,0.895,0.894,0.893,0.892,0.891,0.89,0.888,0.887,0.898,0.899,0.9,0.901,0.902,0.903,0.904,0.905,0.906,0.907,604.1,5652.1,3149,4516.5,2543.2,2207.8,558.1,800.8,591.7,630.2,323.9,4597.7,6224.1,3075,3561.9,2562.8,928.9,674.5,286.4,1006.7
12,0.898,0.897,0.896,0.895,0.894,0.893,0.892,0.891,0.89,0.888,0.899,0.9,0.901,0.902,0.903,0.904,0.905,0.906,0.907,0.908,424.9,5910.5,2628.8,4274.4,4135.6,2718,1862.5,277.7,800.8,591.7,489.8,5425.7,4945.7,3561.9,2923.8,917.7,687.7,286.4,1006.7,277.4
13,0.898,0.897,0.896,0.895,0.894,0.893,0.892,0.891,0.89,0.888,0.899,0.9,0.901,0.902,0.903,0.904,0.905,0.906,0.907,0.908,324.4,3109.7,4871,4141.6,3612.2,4262.6,1607.5,277.7,800.8,592,591,5121.7,4733.6,2964.9,2669.1,1761,674.5,286.4,564.9,286
14,0.898,0.897,0.896,0.895,0.894,0.893,0.892,0.891,0.89,0.888,0.899,0.9,0.901,0.902,0.903,0.904,0.905,0.906,0.907,0.908,422.4,3642,6039.3,3529.8,4497,2976.7,1607.5,277.7,800.8,592,591,5121.7,4935.2,2853.8,2669.1,1761,674.5,306.4,544.9,286
15,0.897,0.896,0.895,0.894,0.893,0.892,0.891,0.89,0.888,0.887,0.898,0.899,0.9,0.901,0.902,0.903,0.904,0.905,0.906,0.907,336.7,3529.3,5716.6,3683.4,3017.1,1789.1,557.7,800.8,625,630.2,591,5104.7,5451.3,2985.2,3561.9,2562.9,937.7,674.5,286.4,544.9
16,0.897,0.896,0.895,0.894,0.893,0.892,0.891,0.89,0.888,0.887,0.898,0.899,0.9,0.901,0.902,0.903,0.904,0.905,0.906,0.907,422.8,5364.3,3431.6,3855.7,2490.7,3006.4,555.9,800.8,625,630.2,591.3,4273.2,5681.4,2985.2,4014.6,1575.6,917.7,694.5,286.4,544.9
17,0.897,0.896,0.895,0.894,0.893,0.892,0.891,0.89,0.889,0.888,0.898,0.899,0.9,0.901,0.902,0.903,0.904,0.905,0.906,0.907,868.1,4819.6,3314.3,3901.5,3805.7,2785.4,600,544.1,810.7,625,591.3,3360.3,5456.7,3061.9,3913.7,1762.5,901.3,674.5,286.4,1013.5
18,0.896,0.895,0.894,0.893,0.892,0.891,0.89,0.889,0.888,0.887,0.897,0.898,0.899,0.9,0.901,0.902,0.903,0.904,0.905,0.906,605.8,4329.3,2880.1,4464.8,2968.3,1791.9,820.5,968.2,457.3,1008.4,591.3,3360.9,5571.5,4266.9,3458.2,3716.4,1441.1,901.3,674.5,286.4
19,0.896,0.895,0.894,0.893,0.892,0.891,0.89,0.889,0.888,0.887,0.897,0.898,0.899,0.9,0.901,0.902,0.903,0.904,0.905,0.906,423.2,5498,4870.8,4295.4,3771.9,1791.9,818.7,968.2,457.3,1008.4,775,3360.9,6567,3502.3,3458.2,3984.5,572.4,576.5,610.9,277.7
20,0.899,0.898,0.897,0.896,0.895,0.894,0.893,0.892,0.891,0.889,0.9,0.901,0.902,0.903,0.904,0.905,0.906,0.907,0.908,0.909,689,5097.6,4810.8,2565.7,3575.4,3064.9,3313.7,1934.6,778,157.5,1110.7,3959.3,5767.7,778,2732.6,1232.3,297.7,544.9,166.1,931.8
21,0.898,0.897,0.896,0.895,0.894,0.893,0.892,0.891,0.89,0.889,0.899,0.9,0.901,0.902,0.903,0.904,0.905,0.906,0.907,0.908,2476.3,4890.9,4068.5,3727.6,4058.1,3206,2218.2,320,266.8,157.5,157.5,3232.2,3656.9,4118.2,1230.7,2732.6,960.8,361.3,544.9,166.1
22,0.901,0.9,0.899,0.898,0.897,0.896,0.895,0.894,0.893,0.892,0.902,0.903,0.904,0.905,0.906,0.907,0.908,0.909,0.91,0.911,157.5,2882.4,4226.4,5270.4,3071.5,2886.6,1745.8,2075.9,1826.8,1712.2,1728.8,2780.1,3598.4,2117,2499,1202.4,310,471.4,8.6,891
23,0.901,0.9,0.899,0.898,0.897,0.896,0.895,0.894,0.893,0.892,0.903,0.904,0.905,0.906,0.907,0.908,0.909,0.91,0.911,0.912,3760.3,4148,7358.7,3738.4,3688.6,2202.8,1643.4,1800.7,1437.9,904.1,3982,3020.4,1866.7,2181.1,1603.7,375.1,526.4,8.6,899.6,8.6
24,0.901,0.9,0.899,0.898,0.897,0.896,0.895,0.894,0.893,0.892,0.902,0.903,0.904,0.905,0.906,0.907,0.908,0.909,0.91,0.911,2157.1,5281.8,8929.1,3738.4,3688.6,2202.8,1643.4,1800.7,1437.9,324.5,157.5,3982,3687.5,3743.5,3462.1,1603.7,355.1,546.4,8.6,899.6
25,0.901,0.9,0.899,0.898,0.897,0.896,0.895,0.894,0.893,0.892,0.902,0.903,0.904,0.905,0.906,0.907,0.908,0.909,0.91,0.911,2080.5,4629.1,8077.7,2509.6,3688.6,2381.8,1643.4,546.1,157.5,324.5,157.5,3625.4,2773.6,5011.7,3858.6,1152.5,355.1,546.4,8.6,899.6
26,0.901,0.9,0.899,0.898,0.897,0.896,0.895,0.894,0.893,0.892,0.903,0.904,0.905,0.906,0.907,0.908,0.909,0.91,0.911,0.912,3886.7,5568.7,6856.2,2509.7,2919.6,3005.8,879.4,546.1,157.5,324.5,3287.6,2777.6,5152.8,4812.5,1160.6,355.1,546.4,8.6,899.6,8.6
27,0.903,0.902,0.901,0.9,0.899,0.898,0.897,0.896,0.895,0.894,0.904,0.905,0.906,0.907,0.908,0.909,0.91,0.911,0.912,0.913,157.5,3597.1,3362.2,5120.3,5962.1,3253.8,1783.5,1348,277.4,589.7,758.8,3633,4597.9,2238.2,2706.9,1222.6,277.2,444.9,8.6,945.1
28,0.903,0.902,0.901,0.9,0.899,0.898,0.897,0.896,0.895,0.894,0.904,0.905,0.906,0.907,0.908,0.909,0.91,0.911,0.912,0.913,2679.3,3445.4,4525,3373.3,5582.5,2201.2,837.4,1348,277.4,324.1,157.5,2791.3,3862.9,4369.5,2706.9,1398.7,297.2,424.9,8.6,945.1
29,0.902,0.901,0.9,0.899,0.898,0.897,0.896,0.895,0.894,0.893,0.904,0.905,0.906,0.907,0.908,0.909,0.91,0.911,0.912,0.913,3882.6,3410,3445.8,6835.8,1965.7,994.9,1687.3,277.4,589.5,467.4,2730,4106.1,4428.8,4620.8,2252.4,1048.3,277.2,444.9,8.6,945.1
30,0.904,0.903,0.902,0.901,0.9,0.899,0.898,0.897,0.896,0.895,0.906,0.907,0.908,0.909,0.91,0.911,0.912,0.913,0.914,0.915,2781.2,3635,4876.2,1978.1,3070.6,6222.4,846.8,580.3,1080.3,542.7,2713,3729.4,3356.6,1793.9,3006.1,490,340.5,471.1,17.2,922.2
31,0.904,0.903,0.902,0.901,0.9,0.899,0.898,0.897,0.896,0.895,0.905,0.906,0.907,0.908,0.909,0.91,0.911,0.912,0.913,0.915,2025.1,4433.8,3404.2,2972.2,1739.2,5943,846.8,580.3,1080.3,542.7,157.5,2589.5,4217.3,4259.9,1790.8,2173.7,490,340.5,462.5,896.4
32,0.904,0.903,0.902,0.901,0.9,0.899,0.898,0.897,0.896,0.895,0.905,0.906,0.907,0.908,0.909,0.91,0.911,0.912,0.913,0.915,1757.5,5507.7,2628.2,3410.2,1878.5,5394.3,846.8,580.3,1080.3,422.5,157.5,2597.5,4377,4760.4,2241.8,1603.4,470,360.5,462.5,896.4
33,0.903,0.902,0.901,0.9,0.899,0.898,0.897,0.896,0.895,0.894,0.904,0.905,0.906,0.907,0.908,0.909,0.91,0.911,0.912,0.913,157.5,4108.3,7351,1826.5,4458.8,1150.7,881.2,1080.3,422.5,699.4,1535.6,4859.7,4368.4,4616.4,2765.5,2297.1,1166.9,433.6,340.5,462.5
34,0.902,0.901,0.9,0.899,0.898,0.897,0.896,0.895,0.894,0.893,0.904,0.905,0.906,0.907,0.908,0.909,0.91,0.911,0.912,0.913,4824.9,8073.6,1841.7,3219.8,1679.2,1156.7,1377.6,422.5,699.4,732.7,2566.1,4277.5,6490,2957.9,3039.7,1846.1,1166.9,433.6,340.5,462.5
35,0.904,0.903,0.902,0.901,0.9,0.899,0.898,0.897,0.896,0.895,0.905,0.906,0.907,0.908,0.909,0.91,0.911,0.912,0.913,0.915,206.3,3973.4,4639.2,5226.3,2324.1,3178.5,1176.1,1156.7,1080.3,422.5,589.2,3833.4,7500.6,3017.1,2655,1166.9,433.6,340.5,462.5,896.4
36,0.902,0.901,0.9,0.899,0.898,0.897,0.896,0.895,0.894,0.893,0.904,0.905,0.906,0.907,0.908,0.909,0.91,0.911,0.912,0.913,3934.9,7996.3,1926.8,3765.8,1100.5,1156.7,1377.6,422.5,699.4,732.7,2386.7,4478.2,6135.6,3389.9,2760.3,2297.1,1166.9,433.6,340.5,462.5
37,0.902,0.901,0.9,0.899,0.898,0.897,0.896,0.895,0.894,0.893,0.903,0.904,0.905,0.906,0.907,0.908,0.909,0.91,0.911,0.912,647.5,3692.6,5299.2,2275.9,1263.1,2577,1377.6,422.5,532.8,732.7,589.6,3063.1,6634.5,3921.7,4422.4,2843.5,581,1166.9,433.6,340.5
38,0.903,0.902,0.901,0.9,0.899,0.898,0.897,0.896,0.895,0.894,0.904,0.905,0.906,0.907,0.908,0.909,0.91,0.911,0.912,0.913,157.5,2887.5,4200.3,2114.4,2275.9,954.2,2399.9,1377.6,422.5,532.8,1902.6,4245.1,5652,4422.4,2846.3,581,1166.9,433.6,340.5,930.1
39,0.902,0.901,0.9,0.899,0.898,0.897,0.896,0.895,0.894,0.893,0.903,0.904,0.905,0.906,0.907,0.908,0.909,0.91,0.911,0.912,170.6,3915.6,4354.3,2275.9,1390.5,2142.4,1377.6,542.1,532.8,732.7,589.8,2809.5,5169.9,3723.1,4422.4,2657.5,644.6,340.4,433.6,276.9
40,0.9,0.899,0.898,0.897,0.896,0.895,0.894,0.893,0.892,0.891,0.901,0.902,0.903,0.904,0.905,0.906,0.907,0.908,0.909,0.91,1786.3,3496.6,4124.5,3525.3,2119,1674.1,819.8,265.3,157.5,889.6,1103.6,2426.3,3878.7,6257.8,1883.1,2092.4,3091.9,1456.4,608.2,320.4
41,0.902,0.901,0.9,0.899,0.898,0.897,0.896,0.895,0.894,0.893,0.903,0.904,0.905,0.906,0.907,0.908,0.909,0.91,0.911,0.912,206.2,2928,4821.3,1905.5,2256.7,3003.2,2412,1945.2,532.8,265.3,782.7,4389.8,5855.2,3005,2584,1465.1,628.2,320.4,886,276.9
42,0.902,0.901,0.9,0.899,0.898,0.897,0.896,0.895,0.894,0.893,0.903,0.904,0.905,0.906,0.907,0.908,0.909,0.91,0.911,0.912,150.8,3658.6,4375.8,1905.5,2256.7,3459.7,2412,1488.2,532.8,265.3,782.7,4437.7,6179.9,3457,2584,1465.1,628.2,320.4,886,276.9
43,0.901,0.9,0.899,0.898,0.897,0.896,0.895,0.894,0.893,0.892,0.902,0.903,0.904,0.905,0.906,0.907,0.908,0.909,0.91,0.911,593.1,4943.1,4054.4,2445.4,3439.7,2338.7,1778.8,532.8,265.3,157.5,589.8,3656.6,8314.5,3349,2734.3,2365.3,1477.6,608.2,320.4,886
44,0.9,0.899,0.898,0.897,0.896,0.895,0.894,0.893,0.892,0.891,0.901,0.902,0.903,0.904,0.905,0.906,0.907,0.908,0.909,0.91,455.4,4746.6,4188.7,2526.5,2286.5,2496.6,819.8,265.3,157.5,889.6,590.1,4283.3,5849,3130.9,2109.2,2453.7,906.3,198.8,608.2,320.4
45,0.899,0.898,0.897,0.896,0.895,0.894,0.893,0.892,0.891,0.889,0.9,0.901,0.902,0.903,0.904,0.905,0.906,0.907,0.908,0.909,390.7,5284.4,4061.8,2148.9,2444.2,1109.1,548.8,157.5,423.4,885,590.4,3343.2,7966.2,3625.9,2113.8,2280.4,2275.2,545.1,198.8,544.6
46,0.898,0.897,0.896,0.895,0.894,0.893,0.892,0.891,0.889,0.888,0.899,0.9,0.901,0.902,0.903,0.904,0.905,0.906,0.907,0.908,213.2,5181.1,2984,2191.9,2378.6,2670,1366.1,800,885,218.3,590.7,3584.2,7522.4,4516.7,3914.6,1971.6,1850,606.5,545.1,198.8
47,0.896,0.895,0.894,0.893,0.892,0.891,0.89,0.889,0.888,0.887,0.898,0.899,0.9,0.901,0.902,0.903,0.904,0.905,0.906,0.907,3778.1,2697,5077.1,3629.9,1384.4,1865.7,550.5,423.4,218.3,890,2890.7,4274.3,6692.9,4171.7,3603.4,3722.9,595.7,551.4,542.9,783.5
48,0.895,0.894,0.893,0.892,0.891,0.89,0.889,0.888,0.887,0.885,0.896,0.897,0.898,0.899,0.9,0.901,0.902,0.903,0.904,0.905,2641.4,3704,3784.6,2520.8,2134.3,906.7,814.7,1030.6,423.7,892.4,591.6,3147.9,4870.8,4932.5,5006.8,3247.4,3363.4,1862.5,575.7,551.4
49,0.895,0.894,0.893,0.892,0.891,0.89,0.889,0.888,0.887,0.885,0.897,0.898,0.899,0.9,0.901,0.902,0.903,0.904,0.905,0.906,5215.3,3382.2,4305.8,3453.8,2670.4,1447.8,811.1,1030.6,423.7,892.4,2393.6,3601.1,6077.2,4859.2,3410.5,2191,1826.1,575.7,758.1,545.3
50,0.896,0.895,0.894,0.893,0.892,0.891,0.89,0.889,0.888,0.887,0.897,0.898,0.899,0.9,0.901,0.902,0.903,0.904,0.905,0.906,213.3,5184.6,4182.2,3590,3772.6,2650.4,1718.7,543.8,1030.6,423.7,780.5,3414.8,7275.2,3579.9,2088.6,848.6,607.4,595.7,758.1,545.3
51,0.896,0.895,0.894,0.893,0.892,0.891,0.89,0.889,0.888,0.887,0.897,0.898,0.899,0.9,0.901,0.902,0.903,0.904,0.905,0.906,202.4,5184.6,3706.8,4066,3752.6,2670.4,1718.7,543.8,1030.6,423.7,780.5,3515.8,6976.1,3579.9,2088.6,848.6,607.4,595.7,758.1,545.3
52,0.895,0.894,0.893,0.892,0.891,0.89,0.889,0.888,0.887,0.885,0.896,0.897,0.898,0.899,0.9,0.901,0.902,0.903,0.904,0.905,1454.8,4912,3550,2350.7,3196.2,1621.3,815.4,1002.8,423.7,892.4,157.5,3577.8,5470.3,5780.5,3579.9,1888.5,868.6,607.4,575.7,758.1
53,0.895,0.894,0.893,0.892,0.891,0.89,0.889,0.888,0.887,0.885,0.896,0.897,0.898,0.899,0.9,0.901,0.902,0.903,0.904,0.905,1485.4,4886.9,3206.2,2770.5,2320.8,1972.5,815.4,1002.8,802,424,157.5,3609.3,6300.2,4171.9,4033.1,1602.2,848.6,627.4,575.7,286.1
54,0.895,0.894,0.893,0.892,0.891,0.89,0.889,0.888,0.887,0.885,0.896,0.897,0.898,0.899,0.9,0.901,0.902,0.903,0.904,0.905,358.6,2627.3,4960.9,1936.1,2568.8,2184.4,543.8,1274.4,802,424,1845.7,3670.8,4803,3888.4,4033.1,1406.2,848.6,627.4,575.7,286.1
55,0.895,0.894,0.893,0.892,0.891,0.89,0.889,0.888,0.887,0.885,0.896,0.897,0.898,0.899,0.9,0.901,0.902,0.903,0.904,0.905,157.5,3286.2,4486.3,3737.1,2604.9,2184.4,543.8,1395,802,424,1231.7,4711.3,4472.1,4141.7,3849.3,580.8,868.6,543.8,639.3,286.1
56,0.894,0.893,0.892,0.891,0.89,0.889,0.888,0.887,0.885,0.884,0.895,0.896,0.897,0.898,0.899,0.9,0.901,0.902,0.903,0.904,1690.3,4043.5,4222.1,2385.2,1952.1,1449.1,1395,802,424,618.9,135.2,3422.1,5857.5,3256.6,3446.1,3647.8,580.8,877.3,277.9,642
57,0.895,0.894,0.893,0.892,0.891,0.89,0.889,0.888,0.887,0.885,0.896,0.897,0.898,0.899,0.9,0.901,0.902,0.903,0.904,0.905,157.5,3238.5,4504.8,2510.5,2300.8,1952.1,1254,1395,802,424,1262.5,3854.3,4436.9,4589.4,3830,580.8,877.3,277.9,642,738.8
58,0.894,0.893,0.892,0.891,0.89,0.889,0.888,0.887,0.885,0.884,0.896,0.897,0.898,0.899,0.9,0.901,0.902,0.903,0.904,0.905,3836.3,3936.2,4792.4,3013.7,2184.4,967.3,1395,802,424,618.9,3081.5,5243.3,4539.7,3316.7,4101,644.4,877.3,277.9,578.4,738.8
59,0.894,0.893,0.892,0.891,0.89,0.889,0.888,0.887,0.885,0.884,0.895,0.896,0.897,0.898,0.899,0.9,0.901,0.902,0.903,0.904,1776.1,4477.4,4140.5,2385.2,2797.4,967.3,1395,802,424,618.9,157.5,3087.1,6118.6,3739.7,2992.7,4101,664.4,857.3,277.9,578.4
60,0.893,0.892,0.891,0.89,0.889,0.888,0.887,0.886,0.885,0.884,0.894,0.895,0.896,0.897,0.898,0.899,0.9,0.901,0.902,0.903,157.5,4435.1,4933,976.6,2446.6,2680.4,1748.1,420.1,424,618.9,779.3,4048.2,6456.8,3773.7,2618.6,2960.4,2349.7,628,552.5,277.9
61,0.891,0.89,0.889,0.888,0.887,0.886,0.885,0.884,0.883,0.882,0.892,0.893,0.894,0.895,0.896,0.897,0.898,0.899,0.9,0.901,1984.5,4870.6,2785.3,4363.2,2108.3,1244.6,684.8,157.5,1241,623,157.5,3040.7,3475.9,5909.3,3195.1,3176.6,2534.8,2239.9,1629.3,341.8
62,0.89,0.889,0.888,0.887,0.886,0.885,0.884,0.883,0.882,0.881,0.891,0.892,0.893,0.894,0.895,0.896,0.897,0.898,0.899,0.9,4427.4,4493.9,3159.4,4213.6,1880.1,715.7,534,1241,157.5,425.5,157.5,2507.8,3001.3,6560.6,3565.7,4274.1,3279.3,595.8,1766.7,1629.3
63,0.889,0.888,0.887,0.886,0.885,0.884,0.883,0.882,0.881,0.88,0.891,0.892,0.893,0.894,0.895,0.896,0.897,0.898,0.899,0.9,5636.6,6793.9,2227.9,3876.5,2364.4,706.7,1494.6,157.5,425.5,650.1,2675.1,4504.8,6446.7,4215.5,2122.2,2158.3,2344.8,335.6,1769.7,1362.8
64,0.889,0.888,0.887,0.886,0.885,0.884,0.883,0.882,0.881,0.88,0.89,0.891,0.892,0.893,0.894,0.895,0.896,0.897,0.898,0.899,2361.8,8251.7,1968.1,2986.4,3540.6,1674.6,1494.6,157.5,425.5,650.1,157.5,2988.3,4526.3,5359.9,3812.6,1176.1,2640.8,1879.6,335.6,1761
65,0.888,0.887,0.886,0.885,0.884,0.883,0.882,0.881,0.88,0.879,0.889,0.89,0.891,0.892,0.893,0.894,0.895,0.896,0.897,0.898,1236.3,4257.1,2614.6,4203.5,3076,1454.7,527.1,425.5,185.2,432.8,157.5,2610.8,5236.3,6746.1,735.4,2850,847,1314,545.9,314.4
66,0.889,0.888,0.887,0.886,0.885,0.884,0.883,0.882,0.881,0.88,0.89,0.891,0.892,0.893,0.894,0.895,0.896,0.897,0.898,0.899,1737.6,4227,3028.3,1759.2,2696.6,2616.2,1951,278.9,425.5,185.2,326.5,2846.4,4365.3,2809.6,2850,1631.6,880.2,545.9,314.4,1021.2
67,0.889,0.888,0.887,0.886,0.885,0.884,0.883,0.882,0.881,0.88,0.891,0.892,0.893,0.894,0.895,0.896,0.897,0.898,0.899,0.9,4605.1,6718.5,2586,1759.2,2696.6,3003.4,1491,278.9,594.6,185.2,3358.6,5580.7,4456,2591.9,1431.1,1313.8,565.9,314.4,1021.2,195.1
68,0.889,0.888,0.887,0.886,0.885,0.884,0.883,0.882,0.881,0.88,0.89,0.891,0.892,0.893,0.894,0.895,0.896,0.897,0.898,0.899,902.5,3991.2,6548.8,3497,3283.5,2041.8,1499.1,278.9,594.6,185.2,578.3,4227.4,4414.8,2408.5,2899.2,1832.4,1313.8,565.9,314.4,1021.2
69,0.889,0.888,0.887,0.886,0.885,0.884,0.883,0.882,0.881,0.88,0.89,0.891,0.892,0.893,0.894,0.895,0.896,0.897,0.898,0.899,1060,3436.2,5342.1,4083,3867.7,2041.8,1499.1,278.9,594.6,185.2,1650.6,3337.1,4570.9,3344.8,3589.4,1832.4,1313.8,565.9,314.4,1021.2
70,0.887,0.886,0.885,0.884,0.883,0.882,0.881,0.88,0.879,0.878,0.888,0.889,0.89,0.891,0.892,0.893,0.894,0.895,0.896,0.897,2617.6,6929.8,4024.2,3972.4,1872.8,998.5,676.3,185.2,432.8,619.5,1464.2,2672.7,5396.6,5353.3,1733.6,1630.6,2466,1110.1,555.4,545.9
71,0.886,0.885,0.884,0.883,0.882,0.881,0.88,0.879,0.878,0.877,0.887,0.888,0.889,0.89,0.891,0.892,0.893,0.894,0.895,0.896,1501.3,5120.8,5469.1,2604.6,4474.8,1029.3,550.4,432.8,157.5,426.4,284.2,3643.7,4958.3,5228.8,3132.6,2447.1,852.8,1054.1,663.2,287.4
72,0.885,0.884,0.883,0.882,0.881,0.88,0.879,0.878,0.877,0.876,0.886,0.887,0.888,0.889,0.89,0.891,0.892,0.893,0.894,0.895,2830.9,6398.4,2889.7,5324.2,2076.6,529.8,796.3,976.6,426.4,628.7,316.9,2406.9,3899.7,5321.4,4753.7,3099.9,2924.2,852.8,1050.8,685.6
73,0.885,0.884,0.883,0.882,0.881,0.88,0.879,0.878,0.877,0.876,0.886,0.887,0.888,0.889,0.89,0.891,0.892,0.893,0.894,0.895,2237.3,2826.8,3721,4943.3,1616.1,990.6,796.3,976.6,426.4,628.7,316.9,2817.4,3874.2,5321.4,4753.7,3353.4,2669.3,1306.9,576.7,685.6
74,0.886,0.885,0.884,0.883,0.882,0.881,0.88,0.879,0.878,0.877,0.887,0.888,0.889,0.89,0.891,0.892,0.893,0.894,0.895,0.896,157.5,4149.3,3217.5,3948.6,3985.1,1358.7,1558.5,794.5,1146.3,426.4,1959.7,4234.8,7093.8,3715.3,3854.8,584.7,1525.5,596.7,653,157.5
75,0.886,0.885,0.884,0.883,0.882,0.881,0.88,0.879,0.878,0.877,0.887,0.888,0.889,0.89,0.891,0.892,0.893,0.894,0.895,0.896,1139.1,3928.7,5744.1,3720.7,3937.7,1510.8,530.2,562.2,1146.3,434.2,505.4,3924.5,6413.4,6164.4,3732.9,584.7,1071.4,1050.6,653,157.5
76,0.887,0.886,0.885,0.884,0.883,0.882,0.881,0.88,0.879,0.878,0.888,0.889,0.89,0.891,0.892,0.893,0.894,0.895,0.896,0.897,213.9,3955.1,6770.6,4585.6,5608.2,2485.3,1286.2,530.2,562.2,1146.3,1835.5,5723.4,7384.3,4327.9,1010.1,1525.8,596.7,653,157.5,898.3
77,0.888,0.887,0.886,0.885,0.884,0.883,0.882,0.881,0.88,0.879,0.889,0.89,0.891,0.892,0.893,0.894,0.895,0.896,0.897,0.899,150,2227.8,3215.6,7645.8,3366.7,6200.6,3036.9,1618.2,455.9,562.2,2263.7,4365.4,5679.5,3357.9,2948.8,576.7,705.6,157.5,935.9,428.2
78,0.887,0.886,0.885,0.884,0.883,0.882,0.881,0.88,0.879,0.878,0.888,0.889,0.89,0.891,0.892,0.893,0.894,0.895,0.896,0.897,2295,3744,8856.1,6793.7,3638.7,2698.1,1618.2,455.9,562.2,157.5,177.8,4245.6,4202.9,5519,2938.2,2268.6,588.4,1139.5,157.5,935.9
79,0.887,0.886,0.885,0.884,0.883,0.882,0.881,0.88,0.879,0.878,0.889,0.89,0.891,0.892,0.893,0.894,0.895,0.896,0.897,0.899,2912.1,4015.6,7861.7,3529.2,7102.7,2438.9,1618.2,455.9,562.2,157.5,2842,4701.8,4604.7,3888.8,2624.1,1030.8,705.6,157.5,935.9,428.2
80,0.888,0.887,0.886,0.885,0.884,0.883,0.882,0.881,0.88,0.879,0.889,0.89,0.891,0.892,0.893,0.894,0.895,0.896,0.897,0.899,1741.9,3602.5,4955.4,6949.3,6530.7,4557.7,529.8,1371,455.9,562.2,341.2,2932.4,5213.5,4062.7,2372.8,1282.8,705.6,279.1,466.1,893.6
81,0.887,0.886,0.885,0.884,0.883,0.882,0.881,0.88,0.879,0.878,0.888,0.889,0.89,0.891,0.892,0.893,0.894,0.895,0.896,0.897,2100.1,5303.5,8013,7080.7,3865.7,488.9,1621.8,455.9,562.2,157.5,157.5,3265.5,5286.7,4733,2009.9,1976.4,596.7,1139.5,279.1,466.1
82,0.887,0.886,0.885,0.884,0.883,0.882,0.881,0.88,0.879,0.878,0.888,0.889,0.89,0.891,0.892,0.893,0.894,0.895,0.896,0.897,1914.7,4416.6,8630.8,3908.8,6338.3,739.9,1619.5,455.9,562.2,157.5,135,3265.5,4810.4,4424.3,2009.9,2065.1,1050.8,685.6,279.1,466.1
83,0.887,0.886,0.885,0.884,0.883,0.882,0.881,0.88,0.879,0.878,0.888,0.889,0.89,0.891,0.892,0.893,0.894,0.895,0.896,0.897,312.1,3735.9,8252.3,4091.8,6258.6,907,1619.5,455.9,562.2,157.5,571.8,3987,5495.5,4138.3,2009.9,2348.6,596.7,685.6,279.1,466.1
84,0.887,0.886,0.885,0.884,0.883,0.882,0.881,0.88,0.879,0.878,0.888,0.889,0.89,0.891,0.892,0.893,0.894,0.895,0.896,0.897,1955.7,6104.7,6603.6,3529.2,6718.4,730.2,1619.5,455.9,562.2,157.5,157.5,2943.3,3916.7,5483.8,2009.9,2535.4,590.2,685.6,279.1,466.1
85,0.888,0.887,0.886,0.885,0.884,0.883,0.882,0.881,0.88,0.879,0.889,0.89,0.891,0.892,0.893,0.894,0.895,0.896,0.897,0.899,312.1,3640.5,5920.8,5853.2,4826.8,3932.7,531.1,1371,455.9,440.4,593.7,3165.5,4876.8,2449.5,2926,869.2,1585,299.1,466.1,893.6
86,0.888,0.887,0.886,0.885,0.884,0.883,0.882,0.881,0.88,0.879,0.889,0.89,0.891,0.892,0.893,0.894,0.895,0.896,0.897,0.899,312.1,3872.5,7040.8,2587.1,5284.5,3492.9,531.1,1371,455.9,440.4,594,3326,5762.2,2460.3,2471.4,1495.7,1605,279.1,466.1,893.6
87,0.888,0.887,0.886,0.885,0.884,0.883,0.882,0.881,0.88,0.879,0.889,0.89,0.891,0.892,0.893,0.894,0.895,0.896,0.897,0.899,157.5,2412.7,3395.5,6713.6,3316,4934.8,822.2,1623.1,455.9,440.4,2074,6079,4595.5,2595.6,2084.2,1067.5,1605,279.1,466.1,893.6
88,0.888,0.887,0.886,0.885,0.884,0.883,0.882,0.881,0.88,0.879,0.889,0.89,0.891,0.892,0.893,0.894,0.895,0.896,0.897,0.899,157.5,3122.5,4654.1,5195.3,4155.3,4554.6,279,1623.1,455.9,440.4,826.9,4749.4,4397.8,2595.6,2252.4,1067.5,1605,279.1,466.1,893.6
89,0.887,0.886,0.885,0.884,0.883,0.882,0.881,0.88,0.879,0.878,0.888,0.889,0.89,0.891,0.892,0.893,0.894,0.895,0.896,0.897,488.4,5930.6,5275.1,3798.8,4282,1277.5,1623.1,455.9,440.4,157.5,632,3599.3,7048.9,3469.7,1973.5,2084.2,1087.5,1585,279.1,466.1
90,0.888,0.887,0.886,0.885,0.884,0.883,0.882,0.881,0.88,0.879,0.889,0.89,0.891,0.892,0.893,0.894,0.895,0.896,0.897,0.899,157.5,3597.1,3135.1,7232.3,5181,3479.4,550.4,1623.1,455.9,440.4,1058.8,4146.3,5947.5,2781.5,2707,633.1,1585,279.1,466.1,893.6
91,0.888,0.887,0.886,0.885,0.884,0.883,0.882,0.881,0.88,0.879,0.889,0.89,0.891,0.892,0.893,0.894,0.895,0.896,0.897,0.899,157.5,3148.3,5053.7,8983.8,4804.7,3399.9,550.4,1623.1,455.9,440.4,1283.7,4193.2,5838.4,2595.6,2252.4,1067.5,1605,279.1,466.1,893.6
92,0.889,0.888,0.887,0.886,0.885,0.884,0.883,0.882,0.881,0.88,0.89,0.891,0.892,0.893,0.894,0.895,0.896,0.897,0.899,0.9,157.5,4222.4,4136.5,4013.6,8016.9,5674.3,2944.2,700,1371,286.6,1239.7,5950.8,3164.9,3099.9,1241,1585,299.1,466.1,893.6,777
93,0.889,0.888,0.887,0.886,0.885,0.884,0.883,0.882,0.881,0.88,0.89,0.891,0.892,0.893,0.894,0.895,0.896,0.897,0.899,0.9,157.5,3169.9,5262.2,5056.3,6973.3,5815.7,2924.2,700,1371,286.6,902.3,4202.6,2626.8,2706.2,1012.8,2039.1,299.1,466.1,893.6,777
94,0.889,0.888,0.887,0.886,0.885,0.884,0.883,0.882,0.881,0.88,0.89,0.891,0.892,0.893,0.894,0.895,0.896,0.897,0.899,0.9,486.7,3060.2,4610.9,4818.8,6818.7,6493.6,2027.4,447.9,1371,286.6,867.5,4384.8,3690.4,4919.2,1464.6,2358.8,307.8,466.1,902.3,785.7
95,0.889,0.888,0.887,0.886,0.885,0.884,0.883,0.882,0.881,0.88,0.89,0.891,0.892,0.893,0.894,0.895,0.896,0.897,0.899,0.9,486.7,3060.2,5883.1,4818.8,6799.9,6493.6,1771.6,703.7,1371,286.6,593.4,4384.8,4063.5,4189.9,1464.6,2358.8,307.8,466.1,902.3,785.7
96,0.888,0.887,0.886,0.885,0.884,0.883,0.882,0.881,0.88,0.879,0.89,0.891,0.892,0.893,0.894,0.895,0.896,0.897,0.899,0.9,2950.7,3810.2,5040.3,6882.7,7212.5,1771.6,703.7,1371,286.6,440.4,3353.1,4542.9,3877.2,3941,1719.8,1917.9,307.8,466.1,902.3,785.7
97,0.888,0.887,0.886,0.885,0.884,0.883,0.882,0.881,0.88,0.879,0.889,0.89,0.891,0.892,0.893,0.894,0.895,0.896,0.897,0.899,592.7,5389.5,5140.1,7443.5,6812.9,2271.9,703.7,1371,286.6,440.4,593.8,3005,6588.9,3948.1,3706.2,2204.3,1483.8,287.8,466.1,902.3
98,0.888,0.887,0.886,0.885,0.884,0.883,0.882,0.881,0.88,0.879,0.889,0.89,0.891,0.892,0.893,0.894,0.895,0.896,0.897,0.899,592.7,5240.8,4148.2,6983.3,6873.3,2211.7,703.7,1371,286.6,440.4,995.4,3276.8,7176.6,3191.6,3229.1,2204.3,1483.8,287.8,466.1,902.3
99,0.888,0.887,0.886,0.885,0.884,0.883,0.882,0.881,0.88,0.879,0.889,0.89,0.891,0.892,0.893,0.894,0.895,0.896,0.897,0.899,157.5,2953.9,4381.8,6492.8,4276.9,4596.1,533.7,1622.2,286.6,609.9,1214.7,4153,6691.8,3568.2,3486.9,1067.5,1483.8,287.8,466.1,902.3
100,0.887,0.886,0.885,0.884,0.883,0.882,0.881,0.88,0.879,0.878,0.888,0.889,0.89,0.891,0.892,0.893,0.894,0.895,0.896,0.897,488.4,5200.3,6378.3,3917.8,3787.4,1271,1622.2,286.6,609.9,629.8,594,3755.6,7071.6,3763.3,2395.8,3318.7,1087.5,1463.8,287.8,466.1
101,0.888,0.887,0.886,0.885,0.884,0.883,0.882,0.881,0.88,0.879,0.889,0.89,0.891,0.892,0.893,0.894,0.895,0.896,0.897,0.899,157.5,5108.1,3842.6,7798.6,5964.9,2153.9,1096.9,1791.3,286.6,440.4,1272.9,5756,7558.8,2759.4,3941.5,613,1483.8,287.8,466.1,902.3
102,0.888,0.887,0.886,0.885,0.884,0.883,0.882,0.881,0.88,0.879,0.889,0.89,0.891,0.892,0.893,0.894,0.895,0.896,0.897,0.899,327.5,5513.6,3930.7,7023.3,7357.7,2340.2,530.2,1540.1,286.6,440.4,881.5,3498.7,7140.8,4146,3486.9,1169.9,1483.8,287.8,466.1,902.3
103,0.888,0.887,0.886,0.885,0.884,0.883,0.882,0.881,0.88,0.879,0.889,0.89,0.891,0.892,0.893,0.894,0.895,0.896,0.897,0.899,597.6,3216.7,4991.4,7023.3,7357.7,2340.2,279,1791.3,286.6,440.4,593.7,3498.7,7143.7,4146,3486.9,1169.9,1483.8,287.8,466.1,902.3
104,0.89,0.889,0.888,0.887,0.886,0.885,0.884,0.883,0.882,0.881,0.891,0.892,0.893,0.894,0.895,0.896,0.897,0.899,0.9,0.901,157.5,2812.2,4912.2,4317.6,4917.2,5686.2,3782.7,978.2,279,554.6,1052.4,5227,5800.2,2006.8,2056.5,612.6,466.1,902.3,785.7,427.9
105,0.889,0.888,0.887,0.886,0.885,0.884,0.883,0.882,0.881,0.88,0.89,0.891,0.892,0.893,0.894,0.895,0.896,0.897,0.899,0.9,356.6,3576.4,5498.5,4704.6,7864.4,2071.3,976.4,279,554.6,165,964.4,4736.9,4750.6,3501.3,1468.9,2172.8,299.3,466.1,902.3,785.7
106,0.888,0.887,0.886,0.885,0.884,0.883,0.882,0.881,0.88,0.879,0.889,0.89,0.891,0.892,0.893,0.894,0.895,0.896,0.897,0.899,327.5,3728.4,6594.5,5051.3,5155.5,1146,279,805.8,165,779.4,962.4,4295.5,6256.4,2932.1,3238,2133.7,1463.8,307.8,466.1,902.3
107,0.888,0.887,0.886,0.885,0.884,0.883,0.882,0.881,0.88,0.879,0.889,0.89,0.891,0.892,0.893,0.894,0.895,0.896,0.897,0.899,597.6,5750.3,4363,6150.8,5155.5,997.3,530.2,723.7,165,440.4,919.5,4290.1,6678.7,2932.1,3238,2133.7,1463.8,307.8,466.1,902.3
108,0.889,0.888,0.887,0.886,0.885,0.884,0.883,0.882,0.881,0.88,0.89,0.891,0.892,0.893,0.894,0.895,0.896,0.897,0.899,0.9,157.5,4785.4,4158.5,4277.4,6068,4696,830.2,530.2,723.7,165,767.2,4024.7,6100.7,3924.7,2300.4,1463.8,307.8,466.1,902.3,785.7
109,0.889,0.888,0.887,0.886,0.885,0.884,0.883,0.882,0.881,0.88,0.89,0.891,0.892,0.893,0.894,0.895,0.896,0.897,0.899,0.9,433.3,4810.6,4233.9,4175.9,8836.1,2360.4,1065,279,723.7,165,308.8,4024.7,7436.5,3924.7,2179,1463.8,307.8,466.1,902.3,785.7
110,0.89,0.889,0.888,0.887,0.886,0.885,0.884,0.883,0.882,0.881,0.891,0.892,0.893,0.894,0.895,0.896,0.897,0.899,0.9,0.901,150.4,3095.6,4842.1,4224.6,4633.6,5539.4,1902.3,976.4,279,554.6,1135.7,6751.6,5403.1,2552.3,2362.2,287.8,486.1,902.3,785.7,427.6
111,0.89,0.889,0.888,0.887,0.886,0.885,0.884,0.883,0.882,0.881,0.891,0.892,0.893,0.894,0.895,0.896,0.897,0.899,0.9,0.901,150.4,3794.3,6263,5492.3,5092.6,5098.2,1882.3,976.4,279,554.6,1097.3,6224.3,5492.8,2097.7,2816.6,287.8,486.1,902.3,785.7,427.6
112,0.889,0.888,0.887,0.886,0.885,0.884,0.883,0.882,0.881,0.88,0.89,0.891,0.892,0.893,0.894,0.895,0.896,0.897,0.899,0.9,611.8,3921.9,8379.5,5175.7,5285.8,2076.4,975.4,279,554.6,165,668.3,3794.3,5777,5119.3,1468.9,2478.5,307.8,466.1,902.3,785.7
113,0.889,0.888,0.887,0.886,0.885,0.884,0.883,0.882,0.881,0.88,0.89,0.891,0.892,0.893,0.894,0.895,0.896,0.897,0.899,0.9,157.5,3896.4,8652.9,4819.4,5745.1,2242.9,721.6,532.8,554.6,165,941.4,4856,5255.8,4774.7,1923.5,2024.1,307.8,466.1,902.3,785.7
114,0.89,0.889,0.888,0.887,0.886,0.885,0.884,0.883,0.882,0.881,0.891,0.892,0.893,0.894,0.895,0.896,0.897,0.899,0.9,0.901,427,5072.1,3533.9,5487.5,4633.6,5765.1,1882.3,975.4,279,554.6,1086.3,3795,6546.8,2579.3,2362.2,307.8,466.1,902.3,785.7,427.6
115,0.89,0.889,0.888,0.887,0.886,0.885,0.884,0.883,0.882,0.881,0.891,0.892,0.893,0.894,0.895,0.896,0.897,0.899,0.9,0.901,427,3800,4016.2,6629.3,7504.4,2912.5,1882.3,975.4,279,554.6,1064.4,3795,6149.1,2124.7,2816.6,307.8,466.1,902.3,785.7,427.6
116,0.89,0.889,0.888,0.887,0.886,0.885,0.884,0.883,0.882,0.881,0.891,0.892,0.893,0.894,0.895,0.896,0.897,0.899,0.9,0.901,427,3576.4,5132,6663.7,7504.4,2912.5,1882.3,975.4,279,554.6,1174.4,4534.6,5416.6,2124.7,2816.6,287.8,486.1,902.3,785.7,427.6
117,0.89,0.889,0.888,0.887,0.886,0.885,0.884,0.883,0.882,0.881,0.891,0.892,0.893,0.894,0.895,0.896,0.897,0.899,0.9,0.901,427,3284.2,5381.3,6663.7,7504.4,2912.5,1628.9,975.4,279,554.6,1099.5,4032.3,5791.3,2124.7,2561.1,287.8,486.1,436.9,785.7,427.6
118,0.891,0.89,0.889,0.888,0.887,0.886,0.885,0.884,0.883,0.882,0.892,0.893,0.894,0.895,0.896,0.897,0.898,0.899,0.9,0.901,426.7,2199.3,4847.1,1949.8,9138.4,5079.1,2911.3,1628.9,721.6,279,896.2,4030.6,3740.4,2497.5,547.5,1556.3,342.3,428.2,785.7,436.3
119,0.89,0.889,0.888,0.887,0.886,0.885,0.884,0.883,0.882,0.881,0.892,0.893,0.894,0.895,0.896,0.897,0.898,0.899,0.9,0.901,2712.8,4847.1,3063.4,9677.1,4600.1,2670.2,1890,721.6,279,432.8,2067.6,4114.1,3657.7,3063.9,945.4,1385.5,384.7,428.2,785.7,436.3
120,0.891,0.89,0.889,0.888,0.887,0.886,0.885,0.884,0.883,0.882,0.892,0.893,0.894,0.895,0.896,0.897,0.898,0.899,0.9,0.901,426.7,3235.7,5282.3,3729.8,10119.6,3509.1,2011.9,1628.9,721.6,279,935.9,4830.3,5850.7,2455.2,560,1532.6,404.7,428.2,785.7,436.3
121,0.892,0.891,0.89,0.889,0.888,0.887,0.886,0.885,0.884,0.883,0.893,0.894,0.895,0.896,0.897,0.898,0.899,0.9,0.901,0.902,426.4,3352,5700.7,2968.7,7140.7,4840.2,2315.5,1919.1,1628.9,552.9,323.9,2812.1,6395.4,2836.7,1921.8,865.1,610.6,777,436.3,673.2
122,0.892,0.891,0.89,0.889,0.888,0.887,0.886,0.885,0.884,0.883,0.893,0.894,0.895,0.896,0.897,0.898,0.899,0.9,0.901,0.902,157.5,3491.6,6299,3070.1,6162.5,3006.3,549.3,982.7,1249.1,552.9,898.8,3876.3,4431,1705.7,2375.7,689.5,610.6,777,436.3,673.2
123,0.891,0.89,0.889,0.888,0.887,0.886,0.885,0.884,0.883,0.882,0.892,0.893,0.894,0.895,0.896,0.897,0.898,0.899,0.9,0.901,596.7,4112.6,6030.1,4299.4,4574.4,1534.4,982.7,1249.1,552.9,157.5,930.9,3031.7,6779.1,2443.1,1259.4,1751,709.5,590.6,785.7,436.3
124,0.891,0.89,0.889,0.888,0.887,0.886,0.885,0.884,0.883,0.882,0.892,0.893,0.894,0.895,0.896,0.897,0.898,0.899,0.9,0.901,157.5,3978.5,6045.8,4344.1,3675,2546.9,718,1510.2,552.9,157.5,938.6,2973.6,5878.7,2385,1713.5,1525.8,709.5,590.6,785.7,436.3
125,0.891,0.89,0.889,0.888,0.887,0.886,0.885,0.884,0.883,0.882,0.892,0.893,0.894,0.895,0.896,0.897,0.898,0.899,0.9,0.901,426.7,6270.4,5823.6,4361.3,3683,2546.9,979.1,2090.4,552.9,157.5,1212.2,3773.5,4749.3,2699.9,2069,1269.8,709.5,590.6,785.7,436.3
126,0.892,0.891,0.89,0.889,0.888,0.887,0.886,0.885,0.884,0.883,0.893,0.894,0.895,0.896,0.897,0.898,0.899,0.9,0.901,0.902,157.5,3452.7,4165.8,7124.4,4714.4,3683,1665.4,979.1,2090.4,552.9,1160.7,3555.3,5202,2248.2,1861.1,701,590.6,785.7,436.3,673.2
127,0.894,0.893,0.892,0.891,0.89,0.889,0.888,0.887,0.886,0.885,0.895,0.896,0.897,0.898,0.899,0.9,0.901,0.902,0.903,0.904,425.9,3084.4,4918.3,2492.1,5257.9,6488.9,3261,1918.7,549.3,428.5,749.9,3700.1,4101,2109.8,1907.7,897.8,1374.9,195.1,436,638.8
128,0.894,0.893,0.892,0.891,0.89,0.889,0.888,0.887,0.886,0.885,0.895,0.896,0.897,0.898,0.899,0.9,0.901,0.902,0.903,0.904,157.5,2689.3,2458.4,6573.5,3097.9,8186.1,3033.5,2175.5,549.3,428.5,1062.4,4877.6,3796.1,2139.8,2150.6,897.8,1374.9,195.1,436,638.8
129,0.893,0.892,0.891,0.89,0.889,0.888,0.887,0.886,0.885,0.884,0.894,0.895,0.896,0.897,0.898,0.899,0.9,0.901,0.902,0.903,157.5,3058.6,4403.9,4202,8186.1,3212.7,1906.6,816.3,428.5,164.4,961.3,3996.6,6110.6,3125,1549.3,1978.1,897.8,1374.9,203.8,436
130,0.892,0.891,0.89,0.889,0.888,0.887,0.886,0.885,0.884,0.883,0.893,0.894,0.895,0.896,0.897,0.898,0.899,0.9,0.901,0.902,1616.1,5766.2,5528,5382.4,5362.5,1927.9,816.3,596.8,164.4,433,552.3,3069.7,6965.9,4565.5,3033.2,1751.8,1446.4,897.8,1374.9,203.8
131,0.892,0.891,0.89,0.889,0.888,0.887,0.886,0.885,0.884,0.883,0.893,0.894,0.895,0.896,0.897,0.898,0.899,0.9,0.901,0.902,1616.1,7630.9,3679.8,5382.4,5363.7,1927.9,816.3,596.8,164.4,433,157.5,3044.2,4631.3,5836.9,3033.2,1751.9,1446.4,897.8,1374.9,203.8
132,0.893,0.892,0.891,0.89,0.889,0.888,0.887,0.886,0.885,0.884,0.894,0.895,0.896,0.897,0.898,0.899,0.9,0.901,0.902,0.903,157.5,4005.8,5460.2,3655.5,5298.3,5383.7,2005.7,549.3,596.8,164.4,1168.4,4253.7,6215.5,3587.9,1737.2,1446.4,897.8,1374.9,203.8,436
133,0.893,0.892,0.891,0.89,0.889,0.888,0.887,0.886,0.885,0.884,0.894,0.895,0.896,0.897,0.898,0.899,0.9,0.901,0.902,0.903,157.5,4005.8,4381.8,2438.1,5190.5,2611.2,2005.7,549.3,596.8,164.4,1119.7,4253.7,6001.2,3587.9,1737.2,1446.4,897.8,1374.9,203.8,436
134,0.892,0.891,0.89,0.889,0.888,0.887,0.886,0.885,0.884,0.883,0.893,0.894,0.895,0.896,0.897,0.898,0.899,0.9,0.901,0.902,326,3828.8,5615.1,1943.3,2851,2185.4,814.5,596.8,164.4,433,861.9,3647.4,7778,3699.5,3033.2,1751.7,1446.4,906.5,1383.6,203.8
135,0.891,0.89,0.889,0.888,0.887,0.886,0.885,0.884,0.883,0.882,0.892,0.893,0.894,0.895,0.896,0.897,0.898,0.899,0.9,0.901,1007.6,3626.1,4205.3,1708.1,2134.4,1533.5,860.2,164.4,433,157.5,985.3,3203.3,7798.3,4446.4,3878,3124.9,334.7,590.4,906.5,542.3
136,0.891,0.89,0.889,0.888,0.887,0.886,0.885,0.884,0.883,0.882,0.892,0.893,0.894,0.895,0.896,0.897,0.898,0.899,0.9,0.901,157.5,6415.4,4453.7,1937.2,2509.1,1544.4,691.9,164.4,601.7,157.5,879.7,2859.9,7446.6,5773.5,4105.1,2897.8,326.9,590.4,906.5,542.3
137,0.891,0.89,0.889,0.888,0.887,0.886,0.885,0.884,0.883,0.882,0.892,0.893,0.894,0.895,0.896,0.897,0.898,0.899,0.9,0.901,426.7,6384.3,4453.7,1927.9,2667,1544.4,691.9,164.4,601.7,157.5,879.7,3423.3,7702.1,4650.3,4105.1,2897.8,326.9,590.4,906.5,542.3
138,0.891,0.89,0.889,0.888,0.887,0.886,0.885,0.884,0.883,0.882,0.892,0.893,0.894,0.895,0.896,0.897,0.898,0.899,0.9,0.901,426.7,5120.2,4453.7,1927.9,2502.2,1544.4,691.9,164.4,601.7,157.5,879.7,3423.3,7702.2,4650.3,4105.1,2897.8,369.3,590.4,906.5,499.9
139,0.891,0.89,0.889,0.888,0.887,0.886,0.885,0.884,0.883,0.882,0.892,0.893,0.894,0.895,0.896,0.897,0.898,0.899,0.9,0.901,2126.3,5501.8,3481.5,1927.9,2650.1,1533.8,690.1,164.4,601.7,157.5,460.1,2956.6,6569.4,5651.5,4105.1,2897.8,357.1,610.4,906.5,499.9
140,0.891,0.89,0.889,0.888,0.887,0.886,0.885,0.884,0.883,0.882,0.892,0.893,0.894,0.895,0.896,0.897,0.898,0.899,0.9,0.901,1948.2,4794,5569.1,1927.9,2650.1,1549.1,809.4,164.4,601.7,157.5,481.5,2956,7683.9,4587.5,4105.1,2897.8,377.1,590.4,906.5,499.9
141,0.889,0.888,0.887,0.886,0.885,0.884,0.883,0.882,0.881,0.88,0.891,0.892,0.893,0.894,0.895,0.896,0.897,0.898,0.899,0.9,4042.4,4239.4,2132.2,2379.6,1189.5,1668.8,1793.9,998.8,903.1,165,2856.4,5067.1,5861.4,2584.6,3248.2,4301.5,1619.2,384.3,549.1,1368.1
142,0.889,0.888,0.887,0.886,0.885,0.884,0.883,0.882,0.881,0.88,0.89,0.891,0.892,0.893,0.894,0.895,0.896,0.897,0.898,0.899,1555.4,4844.5,2862.7,2379.6,1169.5,1947.7,1625.2,998.8,1072.2,165,157.5,2886.7,4410.9,6371.2,1795.2,3596.7,4074.4,1619.2,384.3,549.1
143,0.89,0.889,0.888,0.887,0.886,0.885,0.884,0.883,0.882,0.881,0.891,0.892,0.893,0.894,0.895,0.896,0.897,0.898,0.899,0.9,2439.6,4102.3,4472.6,2114.7,2510.6,1189.5,1926.6,1369,157.5,1072.2,523.1,3239,5704.1,5521,3625.5,4074.4,1619.2,384.3,549.1,1368.1
144,0.89,0.889,0.888,0.887,0.886,0.885,0.884,0.883,0.882,0.881,0.891,0.892,0.893,0.894,0.895,0.896,0.897,0.898,0.899,0.9,1084.4,8758.9,3696,2114.7,3064.2,992.4,1384.6,1369,157.5,1072.2,365.6,2810.5,5415,5841.2,3625.5,4241.9,1619.2,384.3,549.1,1368.1
145,0.891,0.89,0.889,0.888,0.887,0.886,0.885,0.884,0.883,0.882,0.892,0.893,0.894,0.895,0.896,0.897,0.898,0.899,0.9,0.901,256.3,3386.3,7969.6,3229.1,3174.5,2188.9,805.3,1388.2,1537.7,157.5,778.9,4478.3,5633.5,4549.7,4893.5,1599.2,404.3,549.1,1368.1,436.3
146,0.89,0.889,0.888,0.887,0.886,0.885,0.884,0.883,0.882,0.881,0.891,0.892,0.893,0.894,0.895,0.896,0.897,0.898,0.899,0.9,2302.4,8904.3,4530,3162.3,2553.3,825.3,1388.2,1537.7,157.5,903.1,157.5,2781.5,4662.7,5152.7,3143.8,4893.5,1615.5,384.3,549.1,1368.1
147,0.891,0.89,0.889,0.888,0.887,0.886,0.885,0.884,0.883,0.882,0.892,0.893,0.894,0.895,0.896,0.897,0.898,0.899,0.9,0.901,157.5,3399,7567.1,4321.4,3079.1,2573.3,805.3,1388.2,1537.7,157.5,778.9,4974.7,6694.1,4104.8,4893.5,1599.2,404.3,549.1,1368.1,436.3
148,0.891,0.89,0.889,0.888,0.887,0.886,0.885,0.884,0.883,0.882,0.892,0.893,0.894,0.895,0.896,0.897,0.898,0.899,0.9,0.901,157.5,3399,7922.3,3989.5,3079.1,2194.3,1184.7,1388.2,1537.7,157.5,778.9,5178.3,6694.1,4104.8,4893.5,1599.2,404.3,549.1,1368.1,436.3
149,0.89,0.889,0.888,0.887,0.886,0.885,0.884,0.883,0.882,0.881,0.891,0.892,0.893,0.894,0.895,0.896,0.897,0.898,0.899,0.9,1699.1,9365.5,2579.8,3243.3,2573.3,805.3,1388.2,1537.7,157.5,903.1,157.5,3324.1,5362.7,6203.3,3143.8,4893.5,1614.3,384.3,549.1,1368.1
150,0.89,0.889,0.888,0.887,0.886,0.885,0.884,0.883,0.882,0.881,0.891,0.892,0.893,0.894,0.895,0.896,0.897,0.898,0.899,0.9,1506.9,4615.2,7020.4,2194.8,4014.3,1063.8,1384.6,1537.7,157.5,903.1,157.5,3197.7,6338,6551.8,3371,4508.5,1610.7,384.3,549.1,1368.1
151,0.89,0.889,0.888,0.887,0.886,0.885,0.884,0.883,0.882,0.881,0.892,0.893,0.894,0.895,0.896,0.897,0.898,0.899,0.9,0.901,3289.8,4934.6,5871.8,2194.8,3635.3,1443.2,1384.6,1537.7,157.5,903.1,3085.6,5617.3,7627.7,3371,4508.5,1599.2,404.3,549.1,1368.1,436.3
152,0.89,0.889,0.888,0.887,0.886,0.885,0.884,0.883,0.882,0.881,0.891,0.892,0.893,0.894,0.895,0.896,0.897,0.898,0.899,0.9,1629.6,4617.1,8163.7,2194.8,3635.3,1480.2,1384.6,1537.7,157.5,903.1,427,2890.4,5679.7,7497.1,3371,4508.5,1599.2,404.3,549.1,1368.1
153,0.89,0.889,0.888,0.887,0.886,0.885,0.884,0.883,0.882,0.881,0.891,0.892,0.893,0.894,0.895,0.896,0.897,0.898,0.899,0.9,1629.6,4307.4,8107.2,3682.3,2174.3,1480.2,1384.6,1537.7,157.5,903.1,427,3493.2,6748.2,6072.7,3371,4508.5,1599.2,404.3,549.1,1368.1
154,0.89,0.889,0.888,0.887,0.886,0.885,0.884,0.883,0.882,0.881,0.891,0.892,0.893,0.894,0.895,0.896,0.897,0.898,0.899,0.9,1629.6,4234.3,7946.7,2194.8,3803.8,1480.2,1384.6,1537.7,157.5,903.1,427,3197.6,7002.5,5595.6,3371,4508.5,1619.2,384.3,549.1,1368.1
155,0.889,0.888,0.887,0.886,0.885,0.884,0.883,0.882,0.881,0.88,0.89,0.891,0.892,0.893,0.894,0.895,0.896,0.897,0.898,0.899,2376.1,7785.2,2930.3,3203.3,1100.7,2232.5,1626.8,157.5,602.8,165,157.5,3141.5,5164.4,5177.6,1795.2,2266.9,2813,448.5,384.3,549.1
156,0.889,0.888,0.887,0.886,0.885,0.884,0.883,0.882,0.881,0.88,0.891,0.892,0.893,0.894,0.895,0.896,0.897,0.898,0.899,0.9,3880.9,4119,5895.6,2849.3,728.8,2320.6,1626.8,157.5,602.8,165,3053.2,6130.1,5450.7,2504.1,1892.1,1283.6,428.5,384.3,549.1,1368.1
157,0.89,0.889,0.888,0.887,0.886,0.885,0.884,0.883,0.882,0.881,0.891,0.892,0.893,0.894,0.895,0.896,0.897,0.898,0.899,0.9,157.5,4005.9,4529.2,6653.5,1633.6,1778.1,2320.6,1626.5,157.5,602.8,578.3,4636.2,6677.3,2435.3,2144.5,1431.6,448.5,384.3,549.1,1368.1
158,0.889,0.888,0.887,0.886,0.885,0.884,0.883,0.882,0.881,0.88,0.89,0.891,0.892,0.893,0.894,0.895,0.896,0.897,0.898,0.899,1940,3309.4,7189.6,1716.8,1778.1,2320.6,1626.5,157.5,602.8,165,473.1,3107.1,6092.6,5466.6,1795.2,1998.1,958.8,448.5,384.3,549.1
159,0.889,0.888,0.887,0.886,0.885,0.884,0.883,0.882,0.881,0.88,0.89,0.891,0.892,0.893,0.894,0.895,0.896,0.897,0.898,0.899,340,3396,8516.6,2123.3,1688.6,2487,1626.5,157.5,602.8,165,442.2,3351.9,8529.7,4616,1795.2,2119.5,978.8,428.5,384.3,549.1
160,0.889,0.888,0.887,0.886,0.885,0.884,0.883,0.882,0.881,0.88,0.89,0.891,0.892,0.893,0.894,0.895,0.896,0.897,0.898,0.899,340,4654.2,7241.6,2123.3,1688.6,2487,1626.5,157.5,602.8,165,442.2,3351.9,7925.4,3485.8,1795.2,2119.5,978.8,428.5,384.3,549.1
161,0.889,0.888,0.887,0.886,0.885,0.884,0.883,0.882,0.881,0.88,0.89,0.891,0.892,0.893,0.894,0.895,0.896,0.897,0.898,0.899,340,5717.4,5950.4,2123.3,1918.3,2487,1626.5,157.5,602.8,165,442.2,3351.9,7925.4,3485.8,2022.5,1892.3,978.8,428.5,384.3,549.1
162,0.887,0.886,0.885,0.884,0.883,0.882,0.881,0.88,0.879,0.878,0.889,0.89,0.891,0.892,0.893,0.894,0.895,0.896,0.897,0.898,4921.6,2851,2651.7,3992.9,2001.2,524.7,851.2,165,469.7,157.5,2691.2,3941.2,6722.7,3691.7,3178.9,1796.3,673.8,967.5,437.2,849.7
163,0.888,0.887,0.886,0.885,0.884,0.883,0.882,0.881,0.88,0.879,0.889,0.89,0.891,0.892,0.893,0.894,0.895,0.896,0.897,0.898,104.1,4732.1,2890.4,3774.1,2534.4,1981.2,842.1,851.2,165,469.7,953.3,3858.7,7365.4,3987.2,3178.9,1644.9,743.4,967.5,437.2,743.7
164,0.887,0.886,0.885,0.884,0.883,0.882,0.881,0.88,0.879,0.878,0.888,0.889,0.89,0.891,0.892,0.893,0.894,0.895,0.896,0.897,180.9,5154.3,3045.3,2098.1,2167.7,1297,801.8,165,639.2,157.5,442.7,3987.6,7884.5,3446.8,2970.4,3278.7,596.4,723.4,967.5,437.2
165,0.887,0.886,0.885,0.884,0.883,0.882,0.881,0.88,0.879,0.878,0.888,0.889,0.89,0.891,0.892,0.893,0.894,0.895,0.896,0.897,180.9,5128.5,2967.9,2199.6,2010.5,1297,801.8,286.6,639.2,157.5,610.2,4787.6,7084.5,3446.8,2970.4,3803,596.4,723.4,443.2,437.2
166,0.886,0.885,0.884,0.883,0.882,0.881,0.88,0.879,0.878,0.877,0.887,0.888,0.889,0.89,0.891,0.892,0.893,0.894,0.895,0.896,4651.8,3256.6,3541,3417.7,2118.3,784.4,533.2,639.2,157.5,907,157.5,3195,5545.2,6762,3022.2,3347.7,3360.4,567.3,723.4,443.2
167,0.886,0.885,0.884,0.883,0.882,0.881,0.88,0.879,0.878,0.877,0.887,0.888,0.889,0.89,0.891,0.892,0.893,0.894,0.895,0.896,2963.8,3979.4,2469.4,2557.1,2603.8,1380.2,533.2,469.7,157.5,1076.9,157.5,2899.8,4707.8,7480.9,3022.2,3590.4,1452.4,547.3,732.1,174.9
168,0.887,0.886,0.885,0.884,0.883,0.882,0.881,0.88,0.879,0.878,0.889,0.89,0.891,0.892,0.893,0.894,0.895,0.896,0.897,0.898,3878.7,5046.1,1595.7,2552.3,2596.8,2252.2,801.8,668.4,469.7,157.5,3314.6,3985,7175.1,4456.5,1793.2,567.3,723.4,174.9,436.9,752.4
169,0.888,0.887,0.886,0.885,0.884,0.883,0.882,0.881,0.88,0.879,0.889,0.89,0.891,0.892,0.893,0.894,0.895,0.896,0.897,0.898,157.5,3426.7,5351.5,2800.7,2470,2616.8,1799.5,801.8,668.4,469.7,768.5,4249.7,6702.4,4456.5,1793.2,713.6,743.4,166.2,436.9,752.4
170,0.887,0.886,0.885,0.884,0.883,0.882,0.881,0.88,0.879,0.878,0.888,0.889,0.89,0.891,0.892,0.893,0.894,0.895,0.896,0.897,427.9,3489,3955.1,2781.9,3478.9,2001.2,801.8,668.4,469.7,157.5,442.7,3332,6369,3999.6,3921.2,1793.2,567.3,723.4,166.2,436.9
171,0.886,0.885,0.884,0.883,0.882,0.881,0.88,0.879,0.878,0.877,0.887,0.888,0.889,0.89,0.891,0.892,0.893,0.894,0.895,0.896,1778.4,5229.5,6225.6,3922.5,1899.3,997.5,911.3,469.7,157.5,1076.9,157.5,3192.7,5356.9,5451,3022.2,4175,1275.5,547.3,723.4,166.2
172,0.886,0.885,0.884,0.883,0.882,0.881,0.88,0.879,0.878,0.877,0.887,0.888,0.889,0.89,0.891,0.892,0.893,0.894,0.895,0.896,1829.2,5963.2,6222.4,2965.2,3375.5,744.9,911.3,441.6,157.5,604.7,157.5,3073.8,5981.6,6439.4,3249.9,3694.8,1275.5,547.3,723.4,166.2
173,0.887,0.886,0.885,0.884,0.883,0.882,0.881,0.88,0.879,0.878,0.888,0.889,0.89,0.891,0.892,0.893,0.894,0.895,0.896,0.897,157.5,3132,3926.8,6273.3,2883.1,3375.5,575.2,911.3,441.6,157.5,1074.4,4583.3,6373.4,4352.8,3694.8,1255.5,567.3,723.4,166.2,436.9
174,0.887,0.886,0.885,0.884,0.883,0.882,0.881,0.88,0.879,0.878,0.889,0.89,0.891,0.892,0.893,0.894,0.895,0.896,0.897,0.898,3625.7,4926,1723.6,7537.7,3024.8,1723.7,804.3,668.3,611.1,157.5,2509.9,4599.5,5021.4,2845.8,1755.4,567.3,723.4,166.2,436.9,287
175,0.887,0.886,0.885,0.884,0.883,0.882,0.881,0.88,0.879,0.878,0.888,0.889,0.89,0.891,0.892,0.893,0.894,0.895,0.896,0.897,1799.1,3377.1,4243.2,6409.7,4222.2,1996.8,804.3,668.3,611.1,157.5,157.5,3363.1,6521.7,3776.6,2518,2008.5,567.3,723.4,166.2,436.9
176,0.886,0.885,0.884,0.883,0.882,0.881,0.88,0.879,0.878,0.877,0.887,0.888,0.889,0.89,0.891,0.892,0.893,0.894,0.895,0.896,1824.9,3969.2,7073.2,3924,3336.8,1029.7,917.4,441.6,157.5,604.7,157.5,3118,6254.9,3346,1821.8,2897.1,1482.8,567.3,723.4,166.2
177,0.887,0.886,0.885,0.884,0.883,0.882,0.881,0.88,0.879,0.878,0.888,0.889,0.89,0.891,0.892,0.893,0.894,0.895,0.896,0.897,157.5,2855.6,4413.7,5177.7,4069.1,1973.7,813.8,913.8,441.6,157.5,443,5169.6,4739.5,2878,2775.5,1507.1,567.3,723.4,166.2,436.9
178,0.887,0.886,0.885,0.884,0.883,0.882,0.881,0.88,0.879,0.878,0.888,0.889,0.89,0.891,0.892,0.893,0.894,0.895,0.896,0.897,1762,3358.4,4074.7,5177.7,4299,2116.3,804.3,668.3,611.1,157.5,157.5,3754,5987.7,3469.4,2744.5,1762.4,567.3,723.4,166.2,436.9
179,0.887,0.886,0.885,0.884,0.883,0.882,0.881,0.88,0.879,0.878,0.888,0.889,0.89,0.891,0.892,0.893,0.894,0.895,0.896,0.897,1762,3358.4,4304.1,5197.9,4069.1,2116.3,804.3,668.3,611.1,157.5,157.5,3410.2,6075.4,3469.4,2744.5,1762.4,567.3,723.4,166.2,436.9
180,0.887,0.886,0.885,0.884,0.883,0.882,0.881,0.88,0.879,0.878,0.888,0.889,0.89,0.891,0.892,0.893,0.894,0.895,0.896,0.897,157.5,2901.9,3595.2,6140.7,4125.8,2285.9,555.2,917.4,611.1,157.5,729.3,5111.2,5251.2,2650.3,2866.1,1762.4,567.3,723.4,166.2,436.9
181,0.886,0.885,0.884,0.883,0.882,0.881,0.88,0.879,0.878,0.877,0.887,0.888,0.889,0.89,0.891,0.892,0.893,0.894,0.895,0.896,2043.6,5147.1,4869.5,4208.1,2515.9,730.7,917.4,611.1,157.5,434.8,157.5,3351.7,6565.8,5066.1,2049.5,2895.8,1284.2,547.3,723.4,157.5
182,0.886,0.885,0.884,0.883,0.882,0.881,0.88,0.879,0.878,0.877,0.887,0.888,0.889,0.89,0.891,0.892,0.893,0.894,0.895,0.896,2043.6,5458.6,3844.2,2965.4,3670.6,730.7,917.4,611.1,157.5,434.8,157.5,2981,5249.1,5065.2,2049.5,2895.8,1264.2,567.3,723.4,157.5
183,0.887,0.886,0.885,0.884,0.883,0.882,0.881,0.88,0.879,0.878,0.888,0.889,0.89,0.891,0.892,0.893,0.894,0.895,0.896,0.897,998.8,3451.9,7288.2,3095.1,2883.1,3271,555.2,668.3,611.1,157.5,817.4,5090,5279.2,2594.9,2774.2,1621.7,567.3,723.4,157.5,436.9
184,0.887,0.886,0.885,0.884,0.883,0.882,0.881,0.88,0.879,0.878,0.888,0.889,0.89,0.891,0.892,0.893,0.894,0.895,0.896,0.897,2458.6,3787.4,6966.4,5120.9,3234.6,1573.1,804.3,668.3,611.1,157.5,157.5,3031.9,5474.9,3798.5,3001.8,1610.9,567.3,723.4,157.5,436.9
185,0.887,0.886,0.885,0.884,0.883,0.882,0.881,0.88,0.879,0.878,0.888,0.889,0.89,0.891,0.892,0.893,0.894,0.895,0.896,0.897,1617.3,3762.8,8309.5,3463.5,4608.2,1573.1,804.3,668.3,611.1,157.5,157.5,3327.2,5474.9,3798.5,2774.2,1838.2,567.3,723.4,157.5,436.9
186,0.887,0.886,0.885,0.884,0.883,0.882,0.881,0.88,0.879,0.878,0.888,0.889,0.89,0.891,0.892,0.893,0.894,0.895,0.896,0.897,1617.3,3106.5,8653.6,3463.5,4608.2,1573.1,804.3,668.3,611.1,157.5,157.5,3031.9,6835.3,3798.5,2774.2,1838.2,547.3,743.4,157.5,436.9
187,0.888,0.887,0.886,0.885,0.884,0.883,0.882,0.881,0.88,0.879,0.889,0.89,0.891,0.892,0.893,0.894,0.895,0.896,0.897,0.898,556.1,2120.9,2653.9,8704.8,3380.9,4608.2,1391.4,804.3,668.3,611.1,1239.6,4892.4,3926.5,3322.9,1838.2,547.3,743.4,157.5,436.9,751
188,0.888,0.887,0.886,0.885,0.884,0.883,0.882,0.881,0.88,0.879,0.889,0.89,0.891,0.892,0.893,0.894,0.895,0.896,0.897,0.898,157.5,2463.3,3877.9,7199.6,4955.9,3024.7,1371.4,973.4,668.3,441.6,1047.2,4817.2,3633.2,3065.6,2094.7,779.5,743.4,157.5,436.9,751
189,0.888,0.887,0.886,0.885,0.884,0.883,0.882,0.881,0.88,0.879,0.889,0.89,0.891,0.892,0.893,0.894,0.895,0.896,0.897,0.898,157.5,2979,4383.6,6338.4,4955.9,3024.7,1371.4,973.4,668.3,441.6,1043.5,4817.2,4970.7,3065.6,2094.7,779.5,743.4,157.5,436.9,751
190,0.888,0.887,0.886,0.885,0.884,0.883,0.882,0.881,0.88,0.879,0.889,0.89,0.891,0.892,0.893,0.894,0.895,0.896,0.897,0.898,157.5,2979,5548.5,5184.5,4955.9,3024.7,1371.4,973.4,668.3,441.6,1042.2,5038.3,4970.7,3065.6,2094.7,779.5,743.4,157.5,436.9,751
191,0.889,0.888,0.887,0.886,0.885,0.884,0.883,0.882,0.881,0.88,0.89,0.891,0.892,0.893,0.894,0.895,0.896,0.897,0.898,0.899,157.5,2290.5,3584.4,4044.5,6543.2,3380.9,2920.6,534.9,724.3,668.3,1133.8,4296.9,5081.5,2322,1872.3,1002.4,157.5,436.9,751,436.9
192,0.888,0.887,0.886,0.885,0.884,0.883,0.882,0.881,0.88,0.879,0.89,0.891,0.892,0.893,0.894,0.895,0.896,0.897,0.898,0.899,3252.5,4738,4999.9,5093,4947.8,2900.6,534.9,724.3,668.3,441.6,3653,5443.9,3884.2,2094.7,2099.6,925.8,298.9,436.9,751,436.9
193,0.889,0.888,0.887,0.886,0.885,0.884,0.883,0.882,0.881,0.88,0.89,0.891,0.892,0.893,0.894,0.895,0.896,0.897,0.898,0.899,157.5,3411.5,5815.4,4147.5,2755.3,5427.6,2920.6,534.9,724.3,668.3,961.5,6773.3,3967.4,2397.3,1872.3,927.7,298.9,436.9,751,436.9
194,0.887,0.886,0.885,0.884,0.883,0.882,0.881,0.88,0.879,0.878,0.888,0.889,0.89,0.891,0.892,0.893,0.894,0.895,0.896,0.897,1789,8255.7,3968,4710.9,3257,279.1,976.4,668.3,441.6,157.5,157.5,3309,5176.2,3699.4,2480.5,1989.7,1781.6,779.8,278.9,436.9
195,0.887,0.886,0.885,0.884,0.883,0.882,0.881,0.88,0.879,0.878,0.888,0.889,0.89,0.891,0.892,0.893,0.894,0.895,0.896,0.897,2971.4,8187.4,4124,4710.9,3257,279.1,1357.1,286.6,441.6,157.5,157.5,3215.8,5494.9,4669.1,2708.1,1989.7,1388.6,779.8,278.9,436.9
196,0.886,0.885,0.884,0.883,0.882,0.881,0.88,0.879,0.878,0.877,0.887,0.888,0.889,0.89,0.891,0.892,0.893,0.894,0.895,0.896,152.4,4460.1,7196.3,4361.9,2198.2,1548.7,286.6,855.9,157.5,434.8,813.4,4828.6,6306.3,5300.7,2053.9,1990.6,1405.7,547.3,732.1,756.1
197,0.887,0.886,0.885,0.884,0.883,0.882,0.881,0.88,0.879,0.878,0.888,0.889,0.89,0.891,0.892,0.893,0.894,0.895,0.896,0.897,157.5,4067.8,3368.6,7505.6,5899.1,984.7,810.1,912.6,611.1,157.5,1186.5,6206.2,7414.2,2565.6,2158.8,1385.7,567.3,732.1,756.1,436.9
198,0.887,0.886,0.885,0.884,0.883,0.882,0.881,0.88,0.879,0.878,0.888,0.889,0.89,0.891,0.892,0.893,0.894,0.895,0.896,0.897,157.5,4406,3381.2,7276.1,5899.1,1106.3,810.1,912.6,611.1,157.5,918.4,4739.5,7355.2,2310.1,2413,1549.6,567.3,732.1,756.1,436.9
199,0.887,0.886,0.885,0.884,0.883,0.882,0.881,0.88,0.879,0.878,0.888,0.889,0.89,0.891,0.892,0.893,0.894,0.895,0.896,0.897,157.5,3544.3,5006.7,6374.4,5899.1,1106.3,810.1,912.6,611.1,157.5,624.7,4636.7,7221.3,2310.1,2291.5,1549.6,567.3,723.4,756.1,436.9
200,0.887,0.886,0.885,0.884,0.883,0.882,0.881,0.88,0.879,0.878,0.888,0.889,0.89,0.891,0.892,0.893,0.894,0.895,0.896,0.897,427.9,3574,5006.3,6374.4,5676.6,1106.3,1058.6,667.8,611.1,157.5,624.7,5699.9,5725.8,2310.1,2291.5,1549.6,567.3,723.4,756.1,436.9
201,0.888,0.887,0.886,0.885,0.884,0.883,0.882,0.881,0.88,0.879,0.889,0.89,0.891,0.892,0.893,0.894,0.895,0.896,0.897,0.898,157.5,2908.6,4953.8,3243.6,8365.2,4197.4,533.4,972.8,667.8,441.6,1038.8,6239.8,3654.3,3258.3,1972.4,714.3,743.4,287.6,436.9,632.5
202,0.888,0.887,0.886,0.885,0.884,0.883,0.882,0.881,0.88,0.879,0.889,0.89,0.891,0.892,0.893,0.894,0.895,0.896,0.897,0.898,596.9,2918.6,4236.1,1806.4,7261.3,2959,532.4,1104.9,286.6,441.6,172.6,4655.6,5601.2,3763.5,2078.4,1756.9,743.4,278.9,436.9,632.5
203,0.888,0.887,0.886,0.885,0.884,0.883,0.882,0.881,0.88,0.879,0.889,0.89,0.891,0.892,0.893,0.894,0.895,0.896,0.897,0.898,157.5,3420.4,5679.9,1577,7139.8,2715.1,279.1,1356.4,286.6,441.6,442.7,3954.8,4379,3763.5,2078.4,1592,743.4,278.9,436.9,632.5
204,0.888,0.887,0.886,0.885,0.884,0.883,0.882,0.881,0.88,0.879,0.889,0.89,0.891,0.892,0.893,0.894,0.895,0.896,0.897,0.898,157.5,2893.2,4796.6,2834,6937.4,2715.1,279.1,1356.4,286.6,441.6,823.1,4350.5,5624.8,3763.5,2078.4,1592,743.4,278.9,436.9,632.5
205,0.888,0.887,0.886,0.885,0.884,0.883,0.882,0.881,0.88,0.879,0.889,0.89,0.891,0.892,0.893,0.894,0.895,0.896,0.897,0.898,157.5,5241.7,3732.7,2834.6,6937.4,2719.5,279.1,1356.4,286.6,441.6,442.7,4409.5,6527.9,2994.3,2080.5,1592,743.4,278.9,436.9,635.7
206,0.888,0.887,0.886,0.885,0.884,0.883,0.882,0.881,0.88,0.879,0.889,0.89,0.891,0.892,0.893,0.894,0.895,0.896,0.897,0.898,157.5,3027.9,5894.7,6366.6,1659.1,3076.9,1096.4,1356.4,286.6,1262.4,759.9,5648.9,5782.1,3138.7,2202,1658.6,723.4,278.9,436.9,635.7
207,0.887,0.886,0.885,0.884,0.883,0.882,0.881,0.88,0.879,0.878,0.888,0.889,0.89,0.891,0.892,0.893,0.894,0.895,0.896,0.897,1450.2,5245.3,7229.2,1741.7,3076.9,1272.3,1356.4,286.6,1262.4,157.5,466.6,3243.5,7269.4,5310.9,2481.4,2202,1445,723.4,278.9,436.9
208,0.887,0.886,0.885,0.884,0.883,0.882,0.881,0.88,0.879,0.878,0.888,0.889,0.89,0.891,0.892,0.893,0.894,0.895,0.896,0.897,608.9,6301.5,6098.3,3011.6,3076.9,1272.3,1356.4,286.6,1262.4,157.5,466.6,3243.5,7269.4,5310.9,2481.4,2202,1445,723.4,278.9,436.9
209,0.886,0.885,0.884,0.883,0.882,0.881,0.88,0.879,0.878,0.877,0.887,0.888,0.889,0.89,0.891,0.892,0.893,0.894,0.895,0.896,2537.5,9252.3,3601.5,3047,1445.7,1270.3,532.6,1262.4,157.5,904.3,181.1,2049.7,3429.2,8200.1,3044.2,2966,1397.2,1425,723.4,278.9
210,0.887,0.886,0.885,0.884,0.883,0.882,0.881,0.88,0.879,0.878,0.888,0.889,0.89,0.891,0.892,0.893,0.894,0.895,0.896,0.897,157.5,5938.8,7260.8,3241,2963.2,1445.7,1104.9,532.6,1262.4,157.5,665.2,4049.6,8583.1,3448.1,2966,1549.2,1445,723.4,278.9,436.9
211,0.888,0.887,0.886,0.885,0.884,0.883,0.882,0.881,0.88,0.879,0.889,0.89,0.891,0.892,0.893,0.894,0.895,0.896,0.897,0.898,157.5,3492,3701.3,6941.4,5305.5,1770,1076.4,1352.7,286.6,1262.4,759.9,4756,7486.7,3221.1,1980.6,1621.9,743.4,278.9,436.9,635.7
212,0.887,0.886,0.885,0.884,0.883,0.882,0.881,0.88,0.879,0.878,0.889,0.89,0.891,0.892,0.893,0.894,0.895,0.896,0.897,0.898,3382.3,5183.4,6663.1,2988.2,3575.7,1076.4,1352.7,286.6,1262.4,157.5,3116.2,5703.2,5732.1,2481.4,2208.1,1425,743.4,278.9,436.9,635.7
213,0.888,0.887,0.886,0.885,0.884,0.883,0.882,0.881,0.88,0.879,0.889,0.89,0.891,0.892,0.893,0.894,0.895,0.896,0.897,0.898,157.5,3469.2,5060.7,6899.2,3447.6,4635.7,530.6,1104.9,286.6,441.6,442.7,4783.6,5853.5,4481.5,2086.6,1641.2,743.4,278.9,436.9,635.7
214,0.888,0.887,0.886,0.885,0.884,0.883,0.882,0.881,0.88,0.879,0.889,0.89,0.891,0.892,0.893,0.894,0.895,0.896,0.897,0.898,157.5,3444,5291.8,6669.7,3447.6,4635.7,279.1,1356.4,286.6,441.6,442.7,4783.6,5853.5,4481.5,1859.1,1868.4,743.4,278.9,436.9,635.7
215,0.888,0.887,0.886,0.885,0.884,0.883,0.882,0.881,0.88,0.879,0.889,0.89,0.891,0.892,0.893,0.894,0.895,0.896,0.897,0.898,157.5,3582.4,5269.2,6692.2,5247.5,3209.8,279.1,975.8,286.6,441.6,628.7,4050.8,4607.7,4413.5,1859.1,1828.6,743.4,278.9,436.9,635.7
216,0.887,0.886,0.885,0.884,0.883,0.882,0.881,0.88,0.879,0.878,0.888,0.889,0.89,0.891,0.892,0.893,0.894,0.895,0.896,0.897,614.6,5855.5,6723.7,2988.1,4728.7,1281,975.8,286.6,441.6,157.5,442.7,3617.5,7784.1,2985.9,2476.4,2208.1,1445,723.4,278.9,436.9
217,0.887,0.886,0.885,0.884,0.883,0.882,0.881,0.88,0.879,0.878,0.889,0.89,0.891,0.892,0.893,0.894,0.895,0.896,0.897,0.898,4011.8,5411.9,5453.3,3759.7,4728.7,553.6,972.8,286.6,441.6,157.5,2408.5,4653.2,6708,3295.2,1980.6,1668.8,723.4,278.9,436.9,635.7
218,0.888,0.887,0.886,0.885,0.884,0.883,0.882,0.881,0.88,0.879,0.889,0.89,0.891,0.892,0.893,0.894,0.895,0.896,0.897,0.898,53.4,3055.5,5029.6,6782.7,3135.3,3734.8,1242.9,972.8,1106.5,441.6,1160.7,4671.1,6769.1,3295.2,1993.5,1425,743.4,278.9,428.2,627
219,0.888,0.887,0.886,0.885,0.884,0.883,0.882,0.881,0.88,0.879,0.889,0.89,0.891,0.892,0.893,0.894,0.895,0.896,0.897,0.898,53.4,3266.7,5029.6,6781.4,3135.3,3723.9,1076.8,976.4,1106.5,441.6,427.6,5635.7,5638.1,3295.2,1872,1641.7,743.4,278.9,428.2,627
220,0.887,0.886,0.885,0.884,0.883,0.882,0.881,0.88,0.879,0.878,0.889,0.89,0.891,0.892,0.893,0.894,0.895,0.896,0.897,0.898,2762.7,3231.6,8888.5,3217.8,3723.9,1249.1,976.4,1106.5,441.6,157.5,3491.5,6952.2,5453.3,2704,1984.8,1433.7,743.4,278.9,428.2,627
221,0.888,0.887,0.886,0.885,0.884,0.883,0.882,0.881,0.88,0.879,0.89,0.891,0.892,0.893,0.894,0.895,0.896,0.897,0.898,0.899,2932,3287.3,3693.3,5663.6,3910.9,2776.7,533.1,724.3,286.6,441.6,3947.9,6072.8,4844.7,2104.6,1954.4,899.6,298.9,428.2,627,428.2
222,0.889,0.888,0.887,0.886,0.885,0.884,0.883,0.882,0.881,0.88,0.89,0.891,0.892,0.893,0.894,0.895,0.896,0.897,0.898,0.899,1745.6,3110,4292.6,3111,7025.7,2377.9,2054.3,279.1,555.2,286.6,176.9,3737.1,5782.2,3079.8,2284.2,1621.6,298.9,549.6,627,428.2
223,0.89,0.889,0.888,0.887,0.886,0.885,0.884,0.883,0.882,0.881,0.891,0.892,0.893,0.894,0.895,0.896,0.897,0.898,0.899,0.9,157.5,2435.7,3994.9,3683.8,5580.4,5219.4,556.2,2057.9,279.1,555.8,1179.3,4202.7,5423.9,3742.3,1462.6,1357.9,549.6,157.5,428.2,1286.5
224,0.888,0.887,0.886,0.885,0.884,0.883,0.882,0.881,0.88,0.879,0.889,0.89,0.891,0.892,0.893,0.894,0.895,0.896,0.897,0.898,2356.3,3945,5503.9,6609,1700.8,1960.6,534.9,555.8,286.6,909.2,157.5,3624.4,5603,6047.7,4485.7,2537.5,1393.8,1140.2,549.6,157.5
225,0.888,0.887,0.886,0.885,0.884,0.883,0.882,0.881,0.88,0.879,0.889,0.89,0.891,0.892,0.893,0.894,0.895,0.896,0.897,0.898,2336.4,3945,5483.3,5030.3,2893,2232.7,534.9,555.8,286.6,909.2,427.6,3108.4,6891.2,5811.2,4485.7,2764.7,990.4,1140.2,549.6,157.5
226,0.887,0.886,0.885,0.884,0.883,0.882,0.881,0.88,0.879,0.878,0.888,0.889,0.89,0.891,0.892,0.893,0.894,0.895,0.896,0.897,977.1,5909.2,5961.6,2201.1,3346,1278.7,977,1106.4,441.9,157.5,797.6,3413.3,6386.1,6344.2,3567.7,3575.4,1681,990.4,278.9,549.6
227,0.886,0.885,0.884,0.883,0.882,0.881,0.88,0.879,0.878,0.877,0.887,0.888,0.889,0.89,0.891,0.892,0.893,0.894,0.895,0.896,887.9,6345.7,5152.6,2170.7,2320.2,2006.8,1353.1,441.9,157.5,435.4,709.7,2769.3,6138.9,6650.3,3719.7,3272.2,3214.8,556.1,685.6,740
228,0.886,0.885,0.884,0.883,0.882,0.881,0.88,0.879,0.878,0.877,0.887,0.888,0.889,0.89,0.891,0.892,0.893,0.894,0.895,0.896,887.9,6116.3,5152.6,2400.5,2320.2,2006.8,1353.1,441.9,157.5,435.4,813.4,4932.2,4225.1,7713.5,3719.7,3499.7,2987.5,556.1,685.6,740
229,0.886,0.885,0.884,0.883,0.882,0.881,0.88,0.879,0.878,0.877,0.887,0.888,0.889,0.89,0.891,0.892,0.893,0.894,0.895,0.896,911.8,5614.6,5674.6,2398.9,2320.2,2006.8,1353.1,441.9,157.5,435.4,814.7,4896.2,4829.7,7713.5,3972.6,3247.8,2987.5,556.1,685.6,740
230,0.886,0.885,0.884,0.883,0.882,0.881,0.88,0.879,0.878,0.877,0.887,0.888,0.889,0.89,0.891,0.892,0.893,0.894,0.895,0.896,911.8,5650.7,5674.6,2398.9,2237.7,2006.8,1353.1,441.9,157.5,435.4,814.7,5707.9,7783.1,4107.5,3972.6,3247.8,2987.5,556.1,685.6,740
231,0.886,0.885,0.884,0.883,0.882,0.881,0.88,0.879,0.878,0.877,0.887,0.888,0.889,0.89,0.891,0.892,0.893,0.894,0.895,0.896,911.8,5650.7,7046.7,2298.5,2237.7,2006.8,1353.1,441.9,157.5,435.4,428.2,4448.9,7886.2,4107.5,3972.6,3247.8,2987.5,556.1,685.6,740
232,0.886,0.885,0.884,0.883,0.882,0.881,0.88,0.879,0.878,0.877,0.887,0.888,0.889,0.89,0.891,0.892,0.893,0.894,0.895,0.896,1292.5,4100,7013.9,2298.7,2599.5,1998.4,1353.1,441.9,157.5,435.4,157.5,3264.7,7097,2961.1,2146.2,2259.1,2096.8,576.1,685.6,740
233,0.888,0.887,0.886,0.885,0.884,0.883,0.882,0.881,0.88,0.879,0.889,0.89,0.891,0.892,0.893,0.894,0.895,0.896,0.897,0.898,189,2832.7,4137.9,2395.6,6265.3,3642.8,1096,1815,1106.4,441.9,960.5,5415.1,4055.6,3519.4,2912.5,737.5,685.6,740,549.6,157.5
234,0.887,0.886,0.885,0.884,0.883,0.882,0.881,0.88,0.879,0.878,0.888,0.889,0.89,0.891,0.892,0.893,0.894,0.895,0.896,0.897,786.7,3153,6038.7,6265.5,3521.9,1278.4,1815,1106.4,441.9,157.5,427.9,5304.5,5854,2997.2,2363.1,2685.3,803.3,685.6,740,549.6
235,0.886,0.885,0.884,0.883,0.882,0.881,0.88,0.879,0.878,0.877,0.887,0.888,0.889,0.89,0.891,0.892,0.893,0.894,0.895,0.896,736.8,3022.8,8227.9,2170,2595.8,2028.2,1106.4,687.1,157.5,605.3,427.9,5493.1,6723.7,4139.9,2146.2,1863.8,2344.1,556.1,685.6,740
236,0.886,0.885,0.884,0.883,0.882,0.881,0.88,0.879,0.878,0.877,0.887,0.888,0.889,0.89,0.891,0.892,0.893,0.894,0.895,0.896,1177.1,4644.1,8078,3592.8,2595.8,2028.2,1351.6,441.9,157.5,435.4,428.2,4438.6,7787.1,4139.9,2146.2,2254.4,2116.8,556.1,685.6,740
237,0.886,0.885,0.884,0.883,0.882,0.881,0.88,0.879,0.878,0.877,0.887,0.888,0.889,0.89,0.891,0.892,0.893,0.894,0.895,0.896,1007.5,4842.1,4006.9,3592.8,2595.8,2028.2,1351.6,441.9,157.5,435.4,428.2,3657.5,9071.8,4139.9,2146.2,2091.3,2116.8,556.1,685.6,740
238,0.886,0.885,0.884,0.883,0.882,0.881,0.88,0.879,0.878,0.877,0.887,0.888,0.889,0.89,0.891,0.892,0.893,0.894,0.895,0.896,1007.5,5396.6,3505.8,3592.8,2198.3,2028.2,1351.6,441.9,157.5,435.4,428.2,3657.5,9247.3,4139.9,2146.2,2091.3,2116.8,556.1,685.6,740
239,0.886,0.885,0.884,0.883,0.882,0.881,0.88,0.879,0.878,0.877,0.887,0.888,0.889,0.89,0.891,0.892,0.893,0.894,0.895,0.896,752.7,3775.4,3449.7,3695.8,2198.3,2189.2,1351.6,441.9,157.5,435.4,774.7,3657.5,9247.3,4139.9,2146.2,2091.3,2116.8,556.1,685.6,740
240,0.886,0.885,0.884,0.883,0.882,0.881,0.88,0.879,0.878,0.877,0.887,0.888,0.889,0.89,0.891,0.892,0.893,0.894,0.895,0.896,752.7,5059.7,3449.7,3695.8,2198.3,2189.2,1351.6,441.9,157.5,435.4,735.8,6805,6099.2,4139.9,2146.2,2091.3,2116.8,556.1,685.6,740
241,0.886,0.885,0.884,0.883,0.882,0.881,0.88,0.879,0.878,0.877,0.887,0.888,0.889,0.89,0.891,0.892,0.893,0.894,0.895,0.896,859.2,5438.5,4863.9,3592.8,2078.4,2028.2,1351.6,441.9,157.5,435.4,428.2,6257.8,6179.6,4617,1669.1,2254.4,2116.8,556.1,685.6,740
242,0.886,0.885,0.884,0.883,0.882,0.881,0.88,0.879,0.878,0.877,0.887,0.888,0.889,0.89,0.891,0.892,0.893,0.894,0.895,0.896,859.2,5084.9,3524.9,2298.7,2078.4,2028.2,1351.6,441.9,157.5,435.4,579.5,6257.8,5021.8,4617,1669.1,2254.4,2116.8,556.1,685.6,740
243,0.886,0.885,0.884,0.883,0.882,0.881,0.88,0.879,0.878,0.877,0.887,0.888,0.889,0.89,0.891,0.892,0.893,0.894,0.895,0.896,859.2,5394.4,4704.6,3660.3,2078.4,2028.2,1351.6,441.9,157.5,435.4,308.8,4973.8,7598.7,4617,1669.1,2254.4,2116.8,556.1,685.6,740
244,0.886,0.885,0.884,0.883,0.882,0.881,0.88,0.879,0.878,0.877,0.887,0.888,0.889,0.89,0.891,0.892,0.893,0.894,0.895,0.896,859.2,5394.4,4840.5,3660.3,2268.7,2028.2,1351.6,441.9,157.5,435.4,308.8,6247.3,6147.2,4617,1669.1,2254.4,2116.8,556.1,685.6,740
245,0.886,0.885,0.884,0.883,0.882,0.881,0.88,0.879,0.878,0.877,0.887,0.888,0.889,0.89,0.891,0.892,0.893,0.894,0.895,0.896,427.7,4529.8,3960.1,3792.4,2268.7,2188.7,1351.6,441.9,157.5,435.4,579.5,6247.3,6147.2,4617,1669.1,2091.3,2116.8,556.1,685.6,740
246,0.886,0.885,0.884,0.883,0.882,0.881,0.88,0.879,0.878,0.877,0.887,0.888,0.889,0.89,0.891,0.892,0.893,0.894,0.895,0.896,427.7,4877.3,3960.9,3792.4,2268.7,2188.7,1351.6,441.9,157.5,435.4,579.5,6247.3,6147.2,4617,1669.1,2091.3,2116.8,556.1,685.6,740
247,0.885,0.884,0.883,0.882,0.881,0.88,0.879,0.878,0.877,0.876,0.886,0.887,0.888,0.889,0.89,0.891,0.892,0.893,0.894,0.895,951.3,4177,3665.1,1728.1,2805.3,1268.5,687.4,157.5,435.4,1453.2,308.8,3922.1,6669,5495.5,3499.3,2044.5,1717.1,1275.5,556.1,353.7
248,0.886,0.885,0.884,0.883,0.882,0.881,0.88,0.879,0.878,0.877,0.887,0.888,0.889,0.89,0.891,0.892,0.893,0.894,0.895,0.896,520.2,5176.4,3781.4,3350.3,3056.7,1934.1,2149.7,441.9,157.5,435.4,324,6239.3,6273.4,4654.6,2150.3,1693.5,1275.5,556.1,353.7,1010.7
249,0.886,0.885,0.884,0.883,0.882,0.881,0.88,0.879,0.878,0.877,0.887,0.888,0.889,0.89,0.891,0.892,0.893,0.894,0.895,0.896,520.2,4895.1,3781.4,3648.2,2826.8,1765,2149.7,611.4,157.5,435.4,324,5439.3,7490,4177.5,1922.7,1921,1275.5,556.1,353.7,1010.7
250,0.887,0.886,0.885,0.884,0.883,0.882,0.881,0.88,0.879,0.878,0.888,0.889,0.89,0.891,0.892,0.893,0.894,0.895,0.896,0.899,249.4,3041.4,4449.2,3203.1,3465,3511.8,1653.7,1355.6,611.4,157.5,1147,7603.4,6481,2282.1,2053.5,1440.5,556.1,353.7,1010.7,157.5
251,0.887,0.886,0.885,0.884,0.883,0.882,0.881,0.88,0.879,0.878,0.888,0.889,0.89,0.891,0.892,0.893,0.894,0.895,0.896,0.899,249.4,2717.9,4503.6,4679.6,4671.4,2331.1,1653.7,1355.6,611.4,157.5,1145.9,7620,6440,2282.1,2053.5,1440.5,556.1,353.7,1010.7,157.5
252,0.887,0.886,0.885,0.884,0.883,0.882,0.881,0.88,0.879,0.878,0.888,0.889,0.89,0.891,0.892,0.893,0.894,0.895,0.896,0.899,249.4,2717.9,4503.6,4679.6,4671.4,2331.1,1653.7,1355.6,611.4,157.5,1147.3,7620,6633,3346.6,2053.5,1440.5,556.1,353.7,1010.7,157.5
253,0.886,0.885,0.884,0.883,0.882,0.881,0.88,0.879,0.878,0.877,0.887,0.888,0.889,0.89,0.891,0.892,0.893,0.894,0.895,0.896,971.7,3664,5652.1,3466.2,4875.4,1858.8,1355.6,611.4,157.5,435.4,157.5,5429.1,7895.8,5016.7,1669.1,2175.1,1275.5,556.1,353.7,1010.7
254,0.886,0.885,0.884,0.883,0.882,0.881,0.88,0.879,0.878,0.877,0.887,0.888,0.889,0.89,0.891,0.892,0.893,0.894,0.895,0.896,363.8,2484.2,4825,2400.6,2850,2935.5,1085.7,856.9,157.5,1258,867.6,5703.6,9552.4,3499.3,1927.3,2064.6,1275.5,556.1,353.7,740
255,0.886,0.885,0.884,0.883,0.882,0.881,0.88,0.879,0.878,0.877,0.887,0.888,0.889,0.89,0.891,0.892,0.893,0.894,0.895,0.896,363.8,5299.1,3730,3292.8,2850,2935.5,1466.8,856.9,157.5,1258,875.7,5703.6,9552.4,3499.3,1927.3,1880.5,1275.5,556.1,353.7,740
256,0.886,0.885,0.884,0.883,0.882,0.881,0.88,0.879,0.878,0.877,0.887,0.888,0.889,0.89,0.891,0.892,0.893,0.894,0.895,0.896,363.8,5211.9,3730,3202.2,2850,2935.5,1466.8,856.9,157.5,1258,875.7,5658.7,9178.6,3499.3,2155,1653,1275.5,556.1,353.7,740
257,0.886,0.885,0.884,0.883,0.882,0.881,0.88,0.879,0.878,0.877,0.887,0.888,0.889,0.89,0.891,0.892,0.893,0.894,0.895,0.896,634.5,3296.3,5626,3202.2,4201.7,1598.6,1712.3,611.4,157.5,1258,921.7,5774.7,9178.6,3499.3,2155,1653,1275.5,556.1,353.7,740
258,0.885,0.884,0.883,0.882,0.881,0.88,0.879,0.878,0.877,0.876,0.886,0.887,0.888,0.889,0.89,0.891,0.892,0.893,0.894,0.895,372.9,3387.4,6046.4,3034.5,1623.1,2746.2,696.6,521.2,1427.9,165.5,2746.6,9841.6,4629.5,3836.1,4397.5,2160.3,710.7,464,287.7,278.7
259,0.885,0.884,0.883,0.882,0.881,0.88,0.879,0.878,0.877,0.876,0.886,0.887,0.888,0.889,0.89,0.891,0.892,0.893,0.894,0.895,846.8,6045.4,4711.9,3163.6,1745,2576.3,938.4,279.4,1427.9,165.5,308.8,4796.5,8873.3,4107,4503.4,2100.9,710.7,464,287.7,549.7
260,0.885,0.884,0.883,0.882,0.881,0.88,0.879,0.878,0.877,0.876,0.886,0.887,0.888,0.889,0.89,0.891,0.892,0.893,0.894,0.895,846.8,6045.4,4689,3163.6,1745,2576.3,938.4,279.4,1427.9,165.5,671.8,4796.5,8873.3,4107,4503.4,2100.9,710.7,464,287.7,549.7
261,0.885,0.884,0.883,0.882,0.881,0.88,0.879,0.878,0.877,0.876,0.886,0.887,0.888,0.889,0.89,0.891,0.892,0.893,0.894,0.895,846.8,6045.4,4711.8,3163.6,3113.9,1387.9,938.4,279.4,1427.9,165.5,308.8,4796.5,9936.3,2889.1,4503.4,2100.9,710.7,464,287.7,549.7
262,0.885,0.884,0.883,0.882,0.881,0.88,0.879,0.878,0.877,0.876,0.886,0.887,0.888,0.889,0.89,0.891,0.892,0.893,0.894,0.895,846.8,4440.9,4307.1,2211.9,3113.9,1387.9,938.4,279.4,1427.9,165.5,308.8,4796.5,9108.8,2889.1,4503.4,2100.9,710.7,464,287.7,549.7
263,0.885,0.884,0.883,0.882,0.881,0.88,0.879,0.878,0.877,0.876,0.886,0.887,0.888,0.889,0.89,0.891,0.892,0.893,0.894,0.895,846.8,5720.9,3103,1985.2,2645.7,1387.9,938.4,279.4,1427.9,165.5,308.8,6076.2,7806,2889.1,4503.4,2100.9,710.7,464,287.7,549.7
264,0.884,0.883,0.882,0.881,0.88,0.879,0.878,0.877,0.876,0.875,0.885,0.886,0.887,0.888,0.889,0.89,0.891,0.892,0.893,0.894,631.4,4339.1,5797.6,2389.9,2465,942.6,279.4,1666.7,165.5,435.9,886.2,4215.2,5829.9,5773,2925.5,4275.6,1756.2,654.3,195.1,279
265,0.883,0.882,0.881,0.88,0.879,0.878,0.877,0.876,0.875,0.874,0.884,0.885,0.886,0.887,0.888,0.889,0.89,0.891,0.892,0.893,157.5,2931.6,4113.3,3377.3,2947.4,2298,2032.6,519.2,558.2,1056,986.7,4968.8,7216.5,3613.2,2553,2068.4,1626.1,279.3,551,665.8
266,0.883,0.882,0.881,0.88,0.879,0.878,0.877,0.876,0.875,0.874,0.884,0.885,0.886,0.887,0.888,0.889,0.89,0.891,0.892,0.893,157.5,4307.1,3275.8,4315.2,3143.1,2297.9,2032.6,519.2,558.2,1056,1035.2,4796.9,6790.6,3308.4,2580.7,2389.6,1626.1,288,551,665.8
267,0.884,0.883,0.882,0.881,0.88,0.879,0.878,0.877,0.876,0.875,0.885,0.886,0.887,0.888,0.889,0.89,0.891,0.892,0.893,0.894,428.8,4841.1,6967,3855.9,2924.6,3285.2,3012.1,1177.2,287.7,435.9,1102.2,5337.5,8929.2,2204.1,3530.9,1776.7,308,551,665.8,429.7
268,0.884,0.883,0.882,0.881,0.88,0.879,0.878,0.877,0.876,0.875,0.885,0.886,0.887,0.888,0.889,0.89,0.891,0.892,0.893,0.894,428.8,3410.6,8261.6,3603.1,5208.9,1651.3,2409.6,940.2,287.7,435.9,210,5879.9,5973.1,3892.8,4239,1949.5,1149.3,551,665.8,429.7
269,0.883,0.882,0.881,0.88,0.879,0.878,0.877,0.876,0.875,0.874,0.884,0.885,0.886,0.887,0.888,0.889,0.89,0.891,0.892,0.893,157.5,3773.5,5623,5100.8,1536.1,4589.4,940.2,522.9,435.9,233.1,746.5,5156.4,6428.6,3806.1,2204.1,4094.1,1728.2,1129.3,551,665.8
270,0.883,0.882,0.881,0.88,0.879,0.878,0.877,0.876,0.875,0.874,0.884,0.885,0.886,0.887,0.888,0.889,0.89,0.891,0.892,0.893,429.1,3798.7,7935.6,3464.5,1766.5,4589.4,793,670.5,435.9,233.1,429.1,6018.8,5051.4,5858.6,2204.1,4074.1,1748.2,1129.3,551,665.8
271,0.883,0.882,0.881,0.88,0.879,0.878,0.877,0.876,0.875,0.874,0.884,0.885,0.886,0.887,0.888,0.889,0.89,0.891,0.892,0.893,429.4,4982,3696.2,5754.2,1766.5,3485.2,793,670.5,606.1,1058.3,788,5078.5,7712.8,2600.3,1189.1,2611.6,549.4,1129.3,551,665.8
272,0.883,0.882,0.881,0.88,0.879,0.878,0.877,0.876,0.875,0.874,0.885,0.886,0.887,0.888,0.889,0.89,0.891,0.892,0.893,0.894,2425.6,4808.5,4891.9,5641.5,3528.7,2366,793,670.5,606.1,233.1,3167.6,5098.7,5828,931.7,2844.9,549.4,1149.3,551,665.8,429.7
273,0.883,0.882,0.881,0.88,0.879,0.878,0.877,0.876,0.875,0.874,0.885,0.886,0.887,0.888,0.889,0.89,0.891,0.892,0.893,0.894,3906.3,5782.6,3598.3,5526.1,3318.3,1524.5,1175.4,287.7,1430.4,233.1,3483.6,6055,4165.9,931.7,2844.9,549.4,1149.3,551,665.8,429.7
274,0.883,0.882,0.881,0.88,0.879,0.878,0.877,0.876,0.875,0.874,0.885,0.886,0.887,0.888,0.889,0.89,0.891,0.892,0.893,0.894,3330.5,4436.7,5024.4,5368.6,3140.8,1387,1017.9,130.2,1272.9,75.6,3056,6318.2,4165.1,931.7,2844.9,564.4,1129.3,551,665.8,429.7
275,0.884,0.883,0.882,0.881,0.88,0.879,0.878,0.877,0.876,0.875,0.886,0.887,0.888,0.889,0.89,0.891,0.892,0.893,0.894,0.895,3292.9,4245.8,5379.6,2871.8,7607.6,1500.4,1454.5,952.6,130.2,278.4,3258.7,6046.5,3895.6,2528,1700.4,1317.5,614.6,195.1,429.7,622.1
276,0.885,0.884,0.883,0.882,0.881,0.88,0.879,0.878,0.877,0.876,0.887,0.888,0.889,0.89,0.891,0.892,0.893,0.894,0.895,0.896,3263,3928.8,6001.9,3640.3,1889.7,4368.1,649.1,1215.7,952.6,8,3717.8,5604.8,3757.5,1326.3,2034.2,667.2,317,429.7,622.1,429.4
277,0.885,0.884,0.883,0.882,0.881,0.88,0.879,0.878,0.877,0.876,0.886,0.887,0.888,0.889,0.89,0.891,0.892,0.893,0.894,0.895,1665.8,3897.1,6035.3,4371.7,1679.6,4348.1,649.1,1215.7,952.6,8,157.5,5724.1,3959.4,4805.9,1554.2,2034.2,647.2,337,429.7,622.1
278,0.885,0.884,0.883,0.882,0.881,0.88,0.879,0.878,0.877,0.876,0.886,0.887,0.888,0.889,0.89,0.891,0.892,0.893,0.894,0.895,18.6,2803.1,3912.6,5331,3503.8,4545.4,406.6,1457.9,952.6,8,2730.9,3825.4,6603,4519.7,1326.3,1855.1,659.6,317,429.7,622.1
279,0.885,0.884,0.883,0.882,0.881,0.88,0.879,0.878,0.877,0.876,0.886,0.887,0.888,0.889,0.89,0.891,0.892,0.893,0.894,0.895,18.6,2803.1,3912.6,4997.1,1849.9,6200.3,406.6,1457.9,952.6,8,1416.7,4950.9,6602.8,4519.7,1705.2,1602.3,659.6,317,429.7,622.1
280,0.884,0.883,0.882,0.881,0.88,0.879,0.878,0.877,0.876,0.875,0.885,0.886,0.887,0.888,0.889,0.89,0.891,0.892,0.893,0.894,2043.8,4558,4526,3149.7,6080.8,576.5,1457.9,570.2,390.9,279.2,157.5,3925,6107.6,4124.2,3677.4,1705.2,1434.1,667.2,317,429.7
281,0.885,0.884,0.883,0.882,0.881,0.88,0.879,0.878,0.877,0.876,0.886,0.887,0.888,0.889,0.89,0.891,0.892,0.893,0.894,0.895,271.1,3983.5,7409.9,3229.9,1767.8,3814.6,406.6,1457.9,570.2,390.9,1783.2,5051.6,6525.8,3519.8,1425.8,1442.5,509.7,159.5,272.2,464.6
282,0.884,0.883,0.882,0.881,0.88,0.879,0.878,0.877,0.876,0.875,0.886,0.887,0.888,0.889,0.89,0.891,0.892,0.893,0.894,0.895,3891.7,7409.9,3147.9,3309.5,2279.2,406.6,1457.9,570.2,390.9,279.2,2765.8,4324.2,6241.1,3519.8,1425.8,1442.5,509.7,159.5,272.2,464.6
283,0.884,0.883,0.882,0.881,0.88,0.879,0.878,0.877,0.876,0.875,0.886,0.887,0.888,0.889,0.89,0.891,0.892,0.893,0.894,0.895,3839.3,7605,3147.9,3309.5,2279.2,406.6,1457.9,570.2,390.9,279.2,2714,5196.4,3925.2,4652,1425.8,1442.5,509.7,159.5,272.2,464.6
284,0.885,0.884,0.883,0.882,0.881,0.88,0.879,0.878,0.877,0.876,0.887,0.888,0.889,0.89,0.891,0.892,0.893,0.894,0.895,0.896,3268.9,4458.9,7636.9,2971.6,3247.7,2081.9,648.8,1215.7,570.2,390.9,3828.4,5622.6,3342.3,1168.8,1852,489.7,179.5,280.9,464.6,271.9
285,0.885,0.884,0.883,0.882,0.881,0.88,0.879,0.878,0.877,0.876,0.887,0.888,0.889,0.89,0.891,0.892,0.893,0.894,0.895,0.896,2435.5,3587.2,8050.9,2971.6,3533.1,2081.9,650.6,1215.7,570.2,390.9,3162.2,4966.3,3404.9,1396.7,1868.8,489.7,179.5,280.9,464.6,271.9
286,0.885,0.884,0.883,0.882,0.881,0.88,0.879,0.878,0.877,0.876,0.887,0.888,0.889,0.89,0.891,0.892,0.893,0.894,0.895,0.896,2435.5,3587.2,8050.9,2971.6,3533.1,2081.9,820.1,1215.7,400.3,390.9,3855,6192.5,2988,1396.7,1868.8,489.7,179.5,280.9,464.6,271.9
287,0.885,0.884,0.883,0.882,0.881,0.88,0.879,0.878,0.877,0.876,0.887,0.888,0.889,0.89,0.891,0.892,0.893,0.894,0.895,0.896,2435.5,3587.2,8050.9,3201.6,3303,2081.9,820.1,1215.7,400.3,390.9,3870.1,4966.3,2988,1396.7,1868.8,489.7,179.5,280.9,464.6,271.9
288,0.885,0.884,0.883,0.882,0.881,0.88,0.879,0.878,0.877,0.876,0.886,0.887,0.888,0.889,0.89,0.891,0.892,0.893,0.894,0.895,1498,4205.2,8144.3,2971.6,3313,2081.9,820.1,1215.7,400.3,390.9,389.8,3491.4,6545.3,3219.4,1396.7,1868.8,489.7,179.5,280.9,464.6
289,0.885,0.884,0.883,0.882,0.881,0.88,0.879,0.878,0.877,0.876,0.886,0.887,0.888,0.889,0.89,0.891,0.892,0.893,0.894,0.895,1498,5848,5983.2,3201.5,3313,2081.9,820.1,1215.7,400.3,390.9,389.8,3519.4,5389.5,3219.4,1396.7,1868.8,509.7,159.5,280.9,464.6
290,0.885,0.884,0.883,0.882,0.881,0.88,0.879,0.878,0.877,0.876,0.886,0.887,0.888,0.889,0.89,0.891,0.892,0.893,0.894,0.895,1797,5661.9,5983.2,3201.5,3313,2081.9,820.1,1215.7,400.3,390.9,389.8,3436.1,4692.6,3219.4,1396.7,1868.8,509.7,159.5,280.9,464.6
291,0.885,0.884,0.883,0.882,0.881,0.88,0.879,0.878,0.877,0.876,0.886,0.887,0.888,0.889,0.89,0.891,0.892,0.893,0.894,0.895,1527.8,6916,4322.7,5253.9,1557.7,2081.9,820.1,1215.7,400.3,390.9,350.4,3696,5966.2,2956.7,1396.7,1868.8,489.7,179.5,280.9,464.6
292,0.885,0.884,0.883,0.882,0.881,0.88,0.879,0.878,0.877,0.876,0.886,0.887,0.888,0.889,0.89,0.891,0.892,0.893,0.894,0.895,1527.8,6004.2,4630.7,4153.1,3279.2,2101.9,820.1,1215.7,400.3,390.9,350.4,3497,4670.4,3134,1396.7,1868.8,501.2,159.5,280.9,464.6
293,0.885,0.884,0.883,0.882,0.881,0.88,0.879,0.878,0.877,0.876,0.886,0.887,0.888,0.889,0.89,0.891,0.892,0.893,0.894,0.895,1527.8,5117.5,5898.6,4153.1,3279.2,2277.1,820.1,1215.7,400.3,390.9,350.4,3621.9,5386.1,3134,1396.7,1868.8,489.7,179.5,280.9,464.6
294,0.885,0.884,0.883,0.882,0.881,0.88,0.879,0.878,0.877,0.876,0.887,0.888,0.889,0.89,0.891,0.892,0.893,0.894,0.895,0.896,4066.4,6880.9,3664.7,3201.5,3299.2,1918.4,820.1,1215.7,400.3,390.9,4040.8,3609.8,4261,1396.7,1868.8,711,179.5,280.9,464.6,271.9
295,0.885,0.884,0.883,0.882,0.881,0.88,0.879,0.878,0.877,0.876,0.887,0.888,0.889,0.89,0.891,0.892,0.893,0.894,0.895,0.896,4091.7,6957.5,3561.8,5564.2,1679.5,1374,820.1,1215.7,400.3,390.9,3287.4,4291.6,4473.1,1396.7,1747,711,179.5,280.9,464.6,271.9
296,0.885,0.884,0.883,0.882,0.881,0.88,0.879,0.878,0.877,0.876,0.887,0.888,0.889,0.89,0.891,0.892,0.893,0.894,0.895,0.896,3760.2,6881.2,3727.9,5564.2,1679.5,1538.4,820.1,1215.7,400.3,390.9,2819.7,5127.5,4473.1,1396.7,1747,711,179.5,280.9,464.6,271.9
297,0.886,0.885,0.884,0.883,0.882,0.881,0.88,0.879,0.878,0.877,0.887,0.888,0.889,0.89,0.891,0.892,0.893,0.894,0.895,0.896,270.8,2938.6,6526.6,4839.9,5482.2,1909.1,1242.5,820.1,1215.7,7.8,583.8,3261.6,7102,2082.4,1747,711,174.5,280.9,464.6,271.9
298,0.885,0.884,0.883,0.882,0.881,0.88,0.879,0.878,0.877,0.876,0.887,0.888,0.889,0.89,0.891,0.892,0.893,0.894,0.895,0.896,3875.8,6526.6,4344.1,6201.3,1909.1,1242.5,820.1,1213.5,7.8,661.6,1388.7,3144.9,7019.7,2082.4,1747,711,174.5,280.9,464.6,271.9
299,0.886,0.885,0.884,0.883,0.882,0.881,0.88,0.879,0.878,0.877,0.887,0.888,0.889,0.89,0.891,0.892,0.893,0.894,0.895,0.896,1599.2,3489.2,7658.5,3295.4,5889.3,1988,647.3,576.1,1213.5,7.8,276.7,3261.6,5762.9,2082.4,1747,711,174.5,280.9,464.6,271.9
300,0.886,0.885,0.884,0.883,0.882,0.881,0.88,0.879,0.878,0.877,0.887,0.888,0.889,0.89,0.891,0.892,0.893,0.894,0.895,0.896,1599.2,4106.1,7973.5,3525.2,5909.3,1708.6,647.3,576.1,1213.5,7.8,276.7,3334.3,5425,1849.4,1974.7,711,159.5,422.7,464.6,271.9
301,0.886,0.885,0.884,0.883,0.882,0.881,0.88,0.879,0.878,0.877,0.887,0.888,0.889,0.89,0.891,0.892,0.893,0.894,0.895,0.896,1636.5,3532.3,6385.5,5765.2,3452.8,1708.6,647.3,576.1,1213.5,7.8,276.7,3805.4,4808.1,3370.5,1747,711,159.5,422.7,464.6,271.9
302,0.886,0.885,0.884,0.883,0.882,0.881,0.88,0.879,0.878,0.877,0.887,0.888,0.889,0.89,0.891,0.892,0.893,0.894,0.895,0.896,1607,2915.4,6925.6,5763.8,3452.8,1708.6,647.3,576.1,1213.5,7.8,276.7,3805.4,4808.1,3370.5,1747,711,159.5,422.7,464.6,271.9
303,0.886,0.885,0.884,0.883,0.882,0.881,0.88,0.879,0.878,0.877,0.887,0.888,0.889,0.89,0.891,0.892,0.893,0.894,0.896,0.897,1600.9,5971.4,5709.1,5763.8,3452.8,1708.6,647.3,576.1,1213.5,7.8,276.7,4059.4,4240.9,3469,1185.5,968.5,426.7,422.7,271.9,508.2
304,0.886,0.885,0.884,0.883,0.882,0.881,0.88,0.879,0.878,0.877,0.888,0.889,0.89,0.891,0.892,0.893,0.894,0.896,0.897,0.898,4311.3,6256.4,3611.8,5760.8,3452.8,1513.7,647.3,576.1,1213.5,7.8,1936.7,4771.2,4198.4,2157.3,883.3,655.5,422.7,271.9,516.9,280.3
305,0.886,0.885,0.884,0.883,0.882,0.881,0.88,0.879,0.878,0.877,0.888,0.889,0.89,0.891,0.892,0.893,0.894,0.896,0.897,0.898,4311.3,7679.4,3611.8,5529.2,3682.9,1513.7,647.3,576.1,1213.5,7.8,1776.9,3727.8,4623.4,2852.6,883.3,655.5,422.7,271.9,516.9,280.3
306,0.887,0.886,0.885,0.884,0.883,0.882,0.881,0.88,0.879,0.878,0.889,0.89,0.891,0.892,0.893,0.894,0.895,0.896,0.897,0.898,3055.9,4078.6,7611.9,3414.5,5224,3063.1,812.6,401.2,406.6,941.6,4665.9,4939.1,2978.6,1009,1755.4,565.6,205.3,271.9,516.9,280.3
307,0.888,0.887,0.886,0.885,0.884,0.883,0.882,0.881,0.88,0.879,0.889,0.89,0.891,0.892,0.893,0.894,0.895,0.896,0.897,0.898,1679.3,3378.4,6513.9,5067.9,6018,3425.9,1942.1,1379.3,279.4,14.6,42.4,3753.7,5346.8,2574,1778.2,986.5,393.7,576.7,46.3,280.3
308,0.889,0.888,0.887,0.886,0.885,0.884,0.883,0.882,0.881,0.88,0.89,0.891,0.892,0.893,0.894,0.895,0.896,0.897,0.898,0.899,1577,3540.4,5014.6,4443.9,4100.6,2394.9,1530.8,393.5,1421.9,7.5,170.1,3786.8,4631.8,3197.5,638.9,1637,596.7,46.3,280.3,498.5
309,0.889,0.888,0.887,0.886,0.885,0.884,0.883,0.882,0.881,0.88,0.891,0.892,0.893,0.894,0.895,0.896,0.897,0.898,0.899,0.9,2029.8,2584.4,4631.8,3426.9,5762.3,2245.4,858.2,393.5,1252.8,7.5,3935.5,4801.9,4471.4,1175,1609.8,576.7,251.3,280.3,498.5,899.6
310,0.889,0.888,0.887,0.886,0.885,0.884,0.883,0.882,0.881,0.88,0.891,0.892,0.893,0.894,0.895,0.896,0.897,0.898,0.899,0.9,2868.8,3088.3,6163.4,1870.4,5762.3,2245.4,858.2,393.5,1252.8,7.5,4595.8,3470.1,5056.1,1175,1609.8,740.9,251.3,280.3,498.5,899.6
311,0.889,0.888,0.887,0.886,0.885,0.884,0.883,0.882,0.881,0.88,0.891,0.892,0.893,0.894,0.895,0.896,0.897,0.898,0.899,0.9,3020.1,3889.8,5368.4,1870.4,5782.3,2267.2,817.7,393.5,1252.8,7.5,4613.8,4679.9,4319.5,1967.5,1609.8,740.9,251.3,280.3,498.5,899.6
312,0.889,0.888,0.887,0.886,0.885,0.884,0.883,0.882,0.881,0.88,0.891,0.892,0.893,0.894,0.895,0.896,0.897,0.898,0.899,0.9,3020.1,3321,5368.6,2508.4,5793.5,2267.2,817.7,393.5,1252.8,7.5,3094,6687.4,4886,829.8,1609.8,740.9,251.3,280.3,498.5,899.6
313,0.888,0.887,0.886,0.885,0.884,0.883,0.882,0.881,0.88,0.879,0.89,0.891,0.892,0.893,0.894,0.895,0.896,0.897,0.898,0.899,3621.6,7399.7,3202.9,3600.6,2259.3,725.5,647.1,1210.2,7.5,284.2,2869.7,7039,4001.1,3828.7,829.8,1446.4,271.9,251.3,280.3,498.5
314,0.887,0.886,0.885,0.884,0.883,0.882,0.881,0.88,0.879,0.878,0.889,0.89,0.891,0.892,0.893,0.894,0.895,0.896,0.897,0.898,3209.3,7543.3,3536.9,3596.3,975.3,574.2,643.7,176.8,284.2,1668.6,2531.5,5003.1,5725.4,4109.9,4056.2,814.5,1052,271.9,231.3,280.3
315,0.887,0.886,0.885,0.884,0.883,0.882,0.881,0.88,0.879,0.878,0.889,0.89,0.891,0.892,0.893,0.894,0.895,0.896,0.897,0.898,5271.4,5857.8,4241.9,3596.3,995.3,554.2,643.7,176.8,284.2,1286.6,1681,3001.4,6978.6,4337.6,3828.7,814.5,1032,291.9,231.3,280.3
316,0.887,0.886,0.885,0.884,0.883,0.882,0.881,0.88,0.879,0.878,0.889,0.89,0.891,0.892,0.893,0.894,0.895,0.896,0.897,0.898,5233.4,5857.8,3106.6,3596.3,975.3,735.8,686.3,176.8,284.2,1286.6,2704.3,5171,5393.5,4337.6,4084.8,556.5,1032,291.9,231.3,280.3
317,0.887,0.886,0.885,0.884,0.883,0.882,0.881,0.88,0.879,0.878,0.889,0.89,0.891,0.892,0.893,0.894,0.895,0.896,0.897,0.898,3211.2,6911.6,3952.4,1918.3,2571.7,785.6,643.7,7.5,284.2,1286.6,2766.1,5080.3,6267.8,1334.5,2863.4,556.5,1052,271.9,231.3,280.3
318,0.889,0.888,0.887,0.886,0.885,0.884,0.883,0.882,0.881,0.88,0.891,0.892,0.893,0.894,0.895,0.896,0.897,0.898,0.899,0.9,2412.3,2548.9,4303.4,4677.7,4356.7,3535.3,2048.1,604.9,393.7,7.5,3261.2,5350.1,3753.1,686.6,1194.4,579.7,536.1,300.3,471.2,899.6
319,0.889,0.888,0.887,0.886,0.885,0.884,0.883,0.882,0.881,0.88,0.891,0.892,0.893,0.894,0.895,0.896,0.897,0.898,0.899,0.9,2412.3,2813.6,6345.4,4907.2,4794.7,3506.2,2048.1,604.9,393.7,7.5,3041.8,4492.7,4964.7,1572.3,1672.7,579.7,556.1,280.3,471.2,899.6
320,0.889,0.888,0.887,0.886,0.885,0.884,0.883,0.882,0.881,0.88,0.891,0.892,0.893,0.894,0.895,0.896,0.897,0.898,0.899,0.9,2595.8,2813.6,5690.7,5562.6,4774.7,3494,2048.1,604.9,393.7,7.5,4130.6,5549.1,5301.1,1800.7,1445.5,579.7,556.1,280.3,471.2,899.6
321,0.888,0.887,0.886,0.885,0.884,0.883,0.882,0.881,0.88,0.879,0.89,0.891,0.892,0.893,0.894,0.895,0.896,0.897,0.898,0.899,2398.9,4139.4,6950.8,4857.5,3494,1989.7,858.5,393.7,7.5,284.2,2801.3,6232.7,3859.9,6213.7,662.5,1445.5,393.5,251.3,280.3,471.2
322,0.888,0.887,0.886,0.885,0.884,0.883,0.882,0.881,0.88,0.879,0.89,0.891,0.892,0.893,0.894,0.895,0.896,0.897,0.898,0.899,2554.5,4881.6,5994.2,5028,3474,2009.7,858.5,393.7,7.5,284.2,2826.2,5955.8,4459.7,5308.5,688.7,1194.4,413.5,231.3,280.3,471.2
323,0.888,0.887,0.886,0.885,0.884,0.883,0.882,0.881,0.88,0.879,0.89,0.891,0.892,0.893,0.894,0.895,0.896,0.897,0.898,0.899,2554.5,5681.6,5194.2,6165,3494,1407.1,858.5,393.7,7.5,284.2,3760.6,3830,6583.6,4169,688.7,1194.4,413.5,231.3,280.3,471.2
324,0.888,0.887,0.886,0.885,0.884,0.883,0.882,0.881,0.88,0.879,0.89,0.891,0.892,0.893,0.894,0.895,0.896,0.897,0.898,0.899,2554.5,5160.4,3527,6176.3,3485.3,1438.4,869.8,405,18.8,295.5,4086.9,4432.5,6493.8,4180.3,700,1205.7,424.8,242.6,291.6,482.5
325,0.888,0.887,0.886,0.885,0.884,0.883,0.882,0.881,0.88,0.879,0.89,0.891,0.892,0.893,0.894,0.895,0.896,0.897,0.898,0.899,2554.5,5159.3,3527,5969.7,3461.8,1438.4,869.8,405,18.8,295.5,3760.6,4978.3,6101.8,4180.3,700,1205.7,424.8,242.6,291.6,482.5
326,0.888,0.887,0.886,0.885,0.884,0.883,0.882,0.881,0.88,0.879,0.89,0.891,0.892,0.893,0.894,0.895,0.896,0.897,0.898,0.899,2554.5,5159.3,3527,4832.7,3481.8,1418.4,827.3,405,18.8,295.5,5143.8,5964.8,4625.8,4180.3,700,1205.7,424.8,242.6,291.6,482.5
327,0.888,0.887,0.886,0.885,0.884,0.883,0.882,0.881,0.88,0.879,0.89,0.891,0.892,0.893,0.894,0.895,0.896,0.897,0.898,0.899,2536.6,5159.3,3527,4832.7,3476.6,1418.4,827.3,405,18.8,295.5,4942.1,5964.8,4625.8,4180.3,821.4,1205.7,424.8,242.6,291.6,482.5
328,0.888,0.887,0.886,0.885,0.884,0.883,0.882,0.881,0.88,0.879,0.889,0.89,0.891,0.892,0.893,0.894,0.895,0.896,0.897,0.898,155.2,3672,6191.8,3672.3,4366.6,1458.5,1476.4,1472.7,18.8,295.5,436.4,6129.4,6008.3,2871.9,4335.5,885,1182.1,404.8,179,291.6
329,0.888,0.887,0.886,0.885,0.884,0.883,0.882,0.881,0.88,0.879,0.889,0.89,0.891,0.892,0.893,0.894,0.895,0.896,0.897,0.898,1751.8,5152.2,3912.8,4378.1,4928.6,1593.7,1022.6,1221.5,18.8,295.5,166.5,3696.5,6887.3,4632.8,4335.5,1040.2,1386.4,404.8,179,446.8
330,0.889,0.888,0.887,0.886,0.885,0.884,0.883,0.882,0.881,0.88,0.89,0.891,0.892,0.893,0.894,0.895,0.896,0.897,0.898,0.899,1831.3,3596,4608.6,3947.5,6383,3433.1,814.8,771.4,1376.7,18.8,11.3,3665.8,6488.1,5955.4,955.2,1373.1,590.5,483.8,446.8,482.5
331,0.889,0.888,0.887,0.886,0.885,0.884,0.883,0.882,0.881,0.88,0.89,0.891,0.892,0.893,0.894,0.895,0.896,0.897,0.898,0.899,1111.4,3088.5,5469.5,3811.5,6653.8,4244.1,977.6,771.4,1376.7,400,436.3,5828.8,4437.1,5438.7,1182.5,1373.1,590.5,483.8,446.8,482.5
332,0.889,0.888,0.887,0.886,0.885,0.884,0.883,0.882,0.881,0.88,0.89,0.891,0.892,0.893,0.894,0.895,0.896,0.897,0.898,0.899,1866.9,4078.9,5387.8,2918.8,5339.2,2974.9,814.8,771.4,1376.7,400,166.5,5129,5522.6,5438.7,1182.5,1373.1,745.7,483.8,446.8,637.7
333,0.888,0.887,0.886,0.885,0.884,0.883,0.882,0.881,0.88,0.879,0.89,0.891,0.892,0.893,0.894,0.895,0.896,0.897,0.898,0.899,3836.2,3848,4043.2,4524.3,2945.8,748.5,1026.2,1376.7,400,450.7,2876.6,4580.3,5294.3,3803.2,1182.5,1373.1,580,483.8,446.8,637.7
334,0.889,0.888,0.887,0.886,0.885,0.884,0.883,0.882,0.881,0.88,0.89,0.891,0.892,0.893,0.894,0.895,0.896,0.897,0.898,0.899,155.2,4057.7,7653.4,2137.3,4065.4,2925.8,728.7,1026.2,1376.7,400,436.3,5699.6,4477.3,5637.2,955.2,1373.1,744.6,483.8,438.1,629
335,0.888,0.887,0.886,0.885,0.884,0.883,0.882,0.881,0.88,0.879,0.889,0.89,0.891,0.892,0.893,0.894,0.895,0.896,0.897,0.898,1811.6,6717.4,5166,3067.3,4932.4,748.7,1026.2,1376.7,400,450.7,155.2,4209.8,4624.5,4510.9,5409.7,1303.9,1373.1,580,483.8,438.1
336,0.887,0.886,0.885,0.884,0.883,0.882,0.881,0.88,0.879,0.878,0.888,0.889,0.89,0.891,0.892,0.893,0.894,0.895,0.896,0.897,3772.8,6932.4,4956.6,5062.2,984.4,954.1,1624.2,555.2,450.7,633.8,324.4,2442.7,4541.2,5105,2835.5,4335.5,1096.6,1162.1,560,179
337,0.887,0.886,0.885,0.884,0.883,0.882,0.881,0.88,0.879,0.878,0.888,0.889,0.89,0.891,0.892,0.893,0.894,0.895,0.896,0.897,1646.2,7503,5186,4543.7,984.4,1497.3,1624.2,555.2,450.7,633.8,324.4,2824.4,6029.1,5728,3063.1,4364.5,823,1182.1,560,179
338,0.887,0.886,0.885,0.884,0.883,0.882,0.881,0.88,0.879,0.878,0.888,0.889,0.89,0.891,0.892,0.893,0.894,0.895,0.896,0.897,2103.9,6799.5,4529,4854,984.4,1497.3,1624.2,555.2,450.7,633.8,324.4,2849.7,4801.8,5728,3063.1,4364.5,823,1182.1,560,179
339,0.887,0.886,0.885,0.884,0.883,0.882,0.881,0.88,0.879,0.878,0.888,0.889,0.89,0.891,0.892,0.893,0.894,0.895,0.896,0.897,967.5,4361.8,6698.8,4203.3,2521.6,1706,1788.2,555.2,450.7,633.8,746.1,4130.8,6321.8,3601.6,3063.1,3656.4,680.1,320.8,560,651.6
340,0.887,0.886,0.885,0.884,0.883,0.882,0.881,0.88,0.879,0.878,0.888,0.889,0.89,0.891,0.892,0.893,0.894,0.895,0.896,0.897,155.2,3708,5712.9,4956.9,1605.8,3862.4,1817.7,1090.9,450.7,166.5,1405.3,6507,6727.6,3601.6,3473.9,2808.3,643.7,320.8,560,798.1
341,0.887,0.886,0.885,0.884,0.883,0.882,0.881,0.88,0.879,0.878,0.888,0.889,0.89,0.891,0.892,0.893,0.894,0.895,0.896,0.897,155.2,4038.5,4743,6228.3,1605.8,3882.4,1797.7,1090.9,450.7,166.5,1405.3,5006.4,6727.6,3601.6,3473.9,2808.3,652.4,320.8,560,798.1
342,0.887,0.886,0.885,0.884,0.883,0.882,0.881,0.88,0.879,0.878,0.888,0.889,0.89,0.891,0.892,0.893,0.894,0.895,0.896,0.897,155.2,3766.3,4457.2,5950.6,2188.5,3882.4,1797.7,1090.9,450.7,166.5,1377.3,5043.7,6661,3601.6,3473.9,2808.3,652.4,320.8,560,798.1
343,0.887,0.886,0.885,0.884,0.883,0.882,0.881,0.88,0.879,0.878,0.888,0.889,0.89,0.891,0.892,0.893,0.894,0.895,0.896,0.897,1837.3,4523.2,5118.9,7470.8,2310.1,2525.3,1625.2,846.1,450.7,166.5,180.5,3214.1,5648.3,7096.9,3099.5,3063.1,817,320.8,560,798.1
344,0.888,0.887,0.886,0.885,0.884,0.883,0.882,0.881,0.88,0.879,0.89,0.891,0.892,0.893,0.894,0.895,0.896,0.897,0.898,0.899,2840.6,4982.5,3070.2,3775.7,7452.9,2581.8,981,1376.7,676.8,450.7,3407.1,5151.3,5623.8,3516.4,1084.8,511.8,560,325.5,438.1,630.6
345,0.888,0.887,0.886,0.885,0.884,0.883,0.882,0.881,0.88,0.879,0.889,0.89,0.891,0.892,0.893,0.894,0.895,0.896,0.897,0.898,2861.9,3815,4255.5,4349.5,4396.6,2561.8,981,1376.7,555.2,450.9,155.2,3691.6,2921.2,4653.7,3743.9,963.4,511.8,560,325.5,438.1
346,0.888,0.887,0.886,0.885,0.884,0.883,0.882,0.881,0.88,0.879,0.889,0.89,0.891,0.892,0.893,0.894,0.895,0.896,0.897,0.898,2978.2,2761,5046.7,4378.6,4949.5,1979.1,981,1376.7,555.2,450.9,155.2,3691.6,2921.2,4685.4,4876.9,963.4,511.8,560,325.5,438.1
347,0.888,0.887,0.886,0.885,0.884,0.883,0.882,0.881,0.88,0.879,0.89,0.891,0.892,0.893,0.894,0.895,0.896,0.897,0.898,0.899,2878.8,3754.1,5194.9,5035.4,5179.5,771.2,984.7,1376.7,555.2,450.9,3264.1,5051.4,1892.2,5242.4,963.4,491.8,580,325.5,438.1,630.6
348,0.888,0.887,0.886,0.885,0.884,0.883,0.882,0.881,0.88,0.879,0.889,0.89,0.891,0.892,0.893,0.894,0.895,0.896,0.897,0.898,2676.2,4848.8,5728.5,5035.4,5179.5,771.2,984.7,1376.7,555.2,450.9,155.2,3115.6,5180,3716.7,5014.9,1190.7,511.8,560,325.5,438.1
349,0.888,0.887,0.886,0.885,0.884,0.883,0.882,0.881,0.88,0.879,0.889,0.89,0.891,0.892,0.893,0.894,0.895,0.896,0.897,0.898,1860.8,4848.8,5728.5,5035.4,5179.5,771.2,984.7,1376.7,555.2,450.9,155.2,3779.2,5180,3159.5,5242.4,963.4,491.8,580,325.5,438.1
350,0.888,0.887,0.886,0.885,0.884,0.883,0.882,0.881,0.88,0.879,0.889,0.89,0.891,0.892,0.893,0.894,0.895,0.896,0.897,0.898,1761.7,7099.7,5483.1,4841,2923.5,771.2,984.7,1376.7,555.2,450.9,155.2,3779.2,4715.5,4793.5,3743.9,963.4,491.8,580,325.5,438.1
351,0.888,0.887,0.886,0.885,0.884,0.883,0.882,0.881,0.88,0.879,0.889,0.89,0.891,0.892,0.893,0.894,0.895,0.896,0.897,0.898,2717.9,7634.5,4632.4,4841,2923.5,771.2,984.7,1376.7,555.2,450.9,155.2,3779.2,4715.5,4793.5,3516.4,1190.6,491.8,580,325.5,438.1
352,0.888,0.887,0.886,0.885,0.884,0.883,0.882,0.881,0.88,0.879,0.889,0.89,0.891,0.892,0.893,0.894,0.895,0.896,0.897,0.898,2001.3,7634.5,5108.8,4335,2923.5,771.2,984.7,1376.7,555.2,450.9,138.8,3809.1,4882,4505.7,3516.4,1190.6,491.8,580,325.5,438.1
353,0.889,0.888,0.887,0.886,0.885,0.884,0.883,0.882,0.881,0.88,0.89,0.891,0.892,0.893,0.894,0.895,0.896,0.897,0.898,0.899,2756.9,4974.9,7397,6180.8,3440.7,2321.5,857.6,728.9,1376.7,555.2,11.3,4030.4,3988.5,6321.2,939.2,745.5,786,325.5,438.1,630.6
354,0.889,0.888,0.887,0.886,0.885,0.884,0.883,0.882,0.881,0.88,0.89,0.891,0.892,0.893,0.894,0.895,0.896,0.897,0.898,0.899,1800.7,4143.4,9137.2,3050.5,5372.3,2341.5,857.6,728.9,1376.7,555.2,11.3,5032.9,4186.3,6219.3,939.2,745.5,786,325.5,438.1,630.6
355,0.889,0.888,0.887,0.886,0.885,0.884,0.883,0.882,0.881,0.88,0.89,0.891,0.892,0.893,0.894,0.895,0.896,0.897,0.898,0.899,1800.7,4185.3,8147.8,3526.9,5372.3,2341.5,857.6,728.9,1376.7,555.2,11.3,4307.1,3036.2,5914.5,939.2,1050.3,786,325.5,438.1,630.6
356,0.889,0.888,0.887,0.886,0.885,0.884,0.883,0.882,0.881,0.88,0.89,0.891,0.892,0.893,0.894,0.895,0.896,0.897,0.898,0.899,2756.9,4185.3,8561.3,3050.5,5372.3,2341.5,857.6,728.9,1376.7,555.2,155.2,4546.9,4257.8,6521.4,875.6,1050.3,786,389.1,438.1,630.6
357,0.889,0.888,0.887,0.886,0.885,0.884,0.883,0.882,0.881,0.88,0.89,0.891,0.892,0.893,0.894,0.895,0.896,0.897,0.898,0.899,1955.9,4185.3,8561.3,5819.8,2366.3,2341.5,857.6,728.9,1376.7,555.2,155.2,4533.4,4212.6,6521.4,875.6,1050.3,786,389.1,438.1,630.6
358,0.889,0.888,0.887,0.886,0.885,0.884,0.883,0.882,0.881,0.88,0.89,0.891,0.892,0.893,0.894,0.895,0.896,0.897,0.898,0.899,1800.7,4185.3,8561.3,5819.8,2366.3,2341.5,857.6,728.9,1376.7,555.2,155.2,4308.3,3036.2,6521.4,875.6,1050.3,786,389.1,438.1,630.6
359,0.888,0.887,0.886,0.885,0.884,0.883,0.882,0.881,0.88,0.879,0.889,0.89,0.891,0.892,0.893,0.894,0.895,0.896,0.897,0.898,2680.4,7152.8,5096.8,3103.7,5032.8,760.6,1143.6,1376.7,555.2,674.9,238,4037.1,3821.2,4661.1,4588.9,1253.2,796.6,580,389.1,438.1
360,0.887,0.886,0.885,0.884,0.883,0.882,0.881,0.88,0.879,0.878,0.889,0.89,0.891,0.892,0.893,0.894,0.895,0.896,0.897,0.898,4324.9,7393.1,2638.2,3179.1,760.6,1431.7,1628.2,555.2,451.2,166.5,3334.6,6193.1,3252.9,2677,3735.9,997,645.6,560,389.1,446.8
361,0.886,0.885,0.884,0.883,0.882,0.881,0.88,0.879,0.878,0.877,0.887,0.888,0.889,0.89,0.891,0.892,0.893,0.894,0.895,0.896,2172.5,6428.3,2305.1,2931.7,2239,1562.8,970.5,451.2,166.5,444.7,605.3,3366.9,5414.7,2000.1,3673.5,2835,3560,652.4,320.8,560
362,0.886,0.885,0.884,0.883,0.882,0.881,0.88,0.879,0.878,0.877,0.887,0.888,0.889,0.89,0.891,0.892,0.893,0.894,0.895,0.896,1817.6,6850.6,3156.7,4070.7,2239,1562.8,970.5,451.2,166.5,444.7,605.3,2672.5,4848.3,4285.1,3673.5,3062.5,3351.7,632.4,320.8,560
363,0.886,0.885,0.884,0.883,0.882,0.881,0.88,0.879,0.878,0.877,0.887,0.888,0.889,0.89,0.891,0.892,0.893,0.894,0.895,0.896,2169.1,7303.1,4457.1,4113.2,2117.4,1562.8,970.5,451.2,166.5,444.7,450.1,2672.5,5238.9,5634.5,2309.5,3062.5,3346.1,632.4,320.8,560
364,0.886,0.885,0.884,0.883,0.882,0.881,0.88,0.879,0.878,0.877,0.887,0.888,0.889,0.89,0.891,0.892,0.893,0.894,0.895,0.896,1254.9,7458.4,4515.3,4123,2097.4,1839.6,970.5,451.2,166.5,444.7,876,3463.1,5264.8,4662.1,2309.5,3319.3,3346.1,632.4,320.8,560
365,0.886,0.885,0.884,0.883,0.882,0.881,0.88,0.879,0.878,0.877,0.887,0.888,0.889,0.89,0.891,0.892,0.893,0.894,0.895,0.896,1178,7458.4,4515.3,3213.8,2097.4,1839.6,970.5,451.2,166.5,444.7,450.1,3564.1,6129.7,4662.1,2309.5,3319.3,3352,632.4,320.8,560
366,0.886,0.885,0.884,0.883,0.882,0.881,0.88,0.879,0.878,0.877,0.887,0.888,0.889,0.89,0.891,0.892,0.893,0.894,0.895,0.896,720.6,7458.4,4515.3,3213.8,2097.4,1839.6,970.5,451.2,166.5,444.7,876,5573,5256.2,4979.1,2309.5,3319.3,3347,632.4,320.8,560
367,0.886,0.885,0.884,0.883,0.882,0.881,0.88,0.879,0.878,0.877,0.887,0.888,0.889,0.89,0.891,0.892,0.893,0.894,0.895,0.896,2604.2,7462.5,4302.5,3181.1,2097.4,1839.6,1128.6,451.2,166.5,444.7,876,4438.2,5256.2,4979.1,2309.5,3319.3,3346.1,632.4,320.8,560
368,0.886,0.885,0.884,0.883,0.882,0.881,0.88,0.879,0.878,0.877,0.887,0.888,0.889,0.89,0.891,0.892,0.893,0.894,0.895,0.896,2002.6,7462.5,4302.5,3181.1,2097.4,1839.6,1128.6,451.2,166.5,444.7,605.3,4416.4,5281.8,4979.1,2309.5,3319.3,3346.1,632.4,320.8,560
369,0.886,0.885,0.884,0.883,0.882,0.881,0.88,0.879,0.878,0.877,0.887,0.888,0.889,0.89,0.891,0.892,0.893,0.894,0.895,0.896,1648,7465.6,4302.5,3181.1,2097.4,1839.6,1128.6,451.2,166.5,444.7,833.5,5715.1,5256.2,5057.6,2309.5,3319.3,3346.1,632.4,320.8,560
370,0.885,0.884,0.883,0.882,0.881,0.88,0.879,0.878,0.877,0.876,0.886,0.887,0.888,0.889,0.89,0.891,0.892,0.893,0.894,0.895,2575.2,7810.2,3246.1,4173.7,1839.6,1015.4,696.7,166.5,444.7,645.3,583,2546.6,5607.9,5273.7,2922.1,2309.5,3319.3,2343.3,632.4,320.8
371,0.885,0.884,0.883,0.882,0.881,0.88,0.879,0.878,0.877,0.876,0.886,0.887,0.888,0.889,0.89,0.891,0.892,0.893,0.894,0.895,2575.2,7255.7,3003.4,3854.5,1819.6,1035.4,696.7,166.5,444.7,645.3,583,2041.5,4198.5,6409.4,2954.3,2537.1,3110.1,2329.8,632.4,320.8
372,0.885,0.884,0.883,0.882,0.881,0.88,0.879,0.878,0.877,0.876,0.886,0.887,0.888,0.889,0.89,0.891,0.892,0.893,0.894,0.895,2617.8,7298.1,1734.4,3854.5,1839.6,1015.4,696.7,166.5,444.7,645.3,583,1637.7,4198.5,6409.4,2954.3,2537.1,3110.1,2329.8,632.4,320.8
373,0.885,0.884,0.883,0.882,0.881,0.88,0.879,0.878,0.877,0.876,0.886,0.887,0.888,0.889,0.89,0.891,0.892,0.893,0.894,0.895,1921.9,2002.3,3357,1866.1,2634.3,1834.9,696.7,288.4,444.7,645.3,677.5,1663.3,4194.6,5433.2,2970.4,2203.7,1971.6,2338.6,641.2,320.8
374,0.884,0.883,0.882,0.881,0.88,0.879,0.878,0.877,0.876,0.875,0.885,0.886,0.887,0.888,0.889,0.89,0.891,0.892,0.893,0.894,1748.9,6745.5,2361.5,1549.9,2838.4,1030.1,530.2,614.6,174.5,445.4,241.4,1807.1,4223.1,2819.9,4272.7,2565.1,984.6,616.4,699.6,641.2
375,0.883,0.882,0.881,0.88,0.879,0.878,0.877,0.876,0.875,0.874,0.884,0.885,0.886,0.887,0.888,0.889,0.89,0.891,0.892,0.893,2810.4,6664,1972.6,2893.7,1030.1,1000.7,852.8,174.5,445.4,712.6,426.8,2914.6,4496.4,2857,4248.9,2768.1,2536.1,663.4,560,742
376,0.883,0.882,0.881,0.88,0.879,0.878,0.877,0.876,0.875,0.874,0.885,0.886,0.887,0.888,0.889,0.89,0.891,0.892,0.893,0.894,3881.1,6627.7,3009.1,4143.9,1030.1,455,974.9,997.7,445.4,712.6,2572.6,2952.8,6459.4,2843.4,2752.9,2556.1,663.4,560,742,568.9
377,0.883,0.882,0.881,0.88,0.879,0.878,0.877,0.876,0.875,0.874,0.884,0.885,0.886,0.887,0.888,0.889,0.89,0.891,0.892,0.893,397,7230.8,3038.1,4278.4,888.2,475,1140.6,997.7,445.4,712.6,880.9,2605,4047.1,3812,4848.4,2736,2885.3,663.4,560,217.7
378,0.883,0.882,0.881,0.88,0.879,0.878,0.877,0.876,0.875,0.874,0.884,0.885,0.886,0.887,0.888,0.889,0.89,0.891,0.892,0.893,868,6430.8,3838.1,3734,908.2,1000.7,904.2,1232.2,445.4,712.6,1005.6,2135.2,5691.8,2846.7,4848.4,2736,2885.3,663.4,560,217.7
379,0.884,0.883,0.882,0.881,0.88,0.879,0.878,0.877,0.876,0.875,0.885,0.886,0.887,0.888,0.889,0.89,0.891,0.892,0.893,0.894,2013.6,4126.5,6090.2,2987.4,4197.1,1030.4,526.6,736.7,997.7,445.4,11.4,1778.6,3816.7,5230.4,2356.2,3129.7,843.2,560,217.7,568.9
380,0.884,0.883,0.882,0.881,0.88,0.879,0.878,0.877,0.876,0.875,0.885,0.886,0.887,0.888,0.889,0.89,0.891,0.892,0.893,0.894,1573.1,3250.2,6968,5160.4,2224.9,1030.4,526.6,736.7,997.7,445.4,166.6,2293.8,3302.4,4539.6,2356.2,3149.7,823.2,560,217.7,568.9
381,0.884,0.883,0.882,0.881,0.88,0.879,0.878,0.877,0.876,0.875,0.885,0.886,0.887,0.888,0.889,0.89,0.891,0.892,0.893,0.894,2051.8,3250.2,5716.9,5160.4,2224.9,1030.4,526.6,736.7,997.7,445.4,166.6,3140.2,2738.7,3008.7,2356.2,3144.4,823.2,560,217.7,568.9
382,0.884,0.883,0.882,0.881,0.88,0.879,0.878,0.877,0.876,0.875,0.885,0.886,0.887,0.888,0.889,0.89,0.891,0.892,0.893,0.894,1530.7,2736.4,7531,5160.4,2224.9,1030.4,526.6,736.7,997.7,445.4,166.6,3453.2,4160.1,2907.6,2356.2,3146.8,823.2,560,217.7,568.9
383,0.886,0.885,0.884,0.883,0.882,0.881,0.88,0.879,0.878,0.877,0.887,0.888,0.889,0.89,0.891,0.892,0.893,0.894,0.895,0.896,411.4,2247.8,3180.2,4904.4,9185.3,3866.4,1932.9,986,288.4,566.8,1926,2511.3,3825.4,3379.4,1341.5,746.3,330.8,568.9,644.8,438.4
384,0.885,0.884,0.883,0.882,0.881,0.88,0.879,0.878,0.877,0.876,0.886,0.887,0.888,0.889,0.89,0.891,0.892,0.893,0.894,0.895,1982.5,3933.8,4278.2,9267.5,3027.9,2074.7,1806.4,288.4,444.7,174.5,155.2,2070.7,3671.8,5014.5,3379.4,1341.5,726.3,350.8,568.9,644.8
385,0.885,0.884,0.883,0.882,0.881,0.88,0.879,0.878,0.877,0.876,0.886,0.887,0.888,0.889,0.89,0.891,0.892,0.893,0.894,0.895,1751.8,4054.3,6083,7236.3,2906,2074.7,1806.4,288.4,444.7,174.5,426.2,3621.8,4236.3,4627.8,2521.5,1341.5,744.2,330.8,568.9,644.8
386,0.885,0.884,0.883,0.882,0.881,0.88,0.879,0.878,0.877,0.876,0.886,0.887,0.888,0.889,0.89,0.891,0.892,0.893,0.894,0.895,1741.4,2595.5,7613.2,3605.4,5068.5,2599.1,1806.4,288.4,444.7,174.5,155.2,3178.6,2501.2,4952.8,2749.3,1113.8,737.8,330.8,568.9,644.8
387,0.885,0.884,0.883,0.882,0.881,0.88,0.879,0.878,0.877,0.876,0.886,0.887,0.888,0.889,0.89,0.891,0.892,0.893,0.894,0.895,1810.2,2595.5,7431.8,3605.4,5048.5,2619.1,1806.4,288.4,444.7,174.5,426.2,2263,5107,4256.3,2749.3,1113.8,735.6,330.8,568.9,644.8
388,0.885,0.884,0.883,0.882,0.881,0.88,0.879,0.878,0.877,0.876,0.886,0.887,0.888,0.889,0.89,0.891,0.892,0.893,0.894,0.895,1762.9,3117.1,5638.3,3513.3,3750.5,2619.1,1806.4,288.4,444.7,174.5,155.2,2263,3642.1,4406.2,2749.3,1113.8,719.9,350.8,568.9,644.8
389,0.886,0.885,0.884,0.883,0.882,0.881,0.88,0.879,0.878,0.877,0.887,0.888,0.889,0.89,0.891,0.892,0.893,0.894,0.895,0.896,1645,3140.6,2753.5,5933.5,5554,2005,1880,1563.3,288.4,444.7,166.5,1673.4,4599.9,3697.4,729,977.3,507,560.1,175.3,914.9
390,0.887,0.886,0.885,0.884,0.883,0.882,0.881,0.88,0.879,0.878,0.888,0.889,0.89,0.891,0.892,0.893,0.894,0.895,0.896,0.897,1018.7,2181.2,3273.1,4517.8,5602.9,5344.1,1448.3,677,1393.8,288.4,555.5,4470,4792.5,1601.2,1874.4,487,817.1,175.3,914.9,212.8
391,0.886,0.885,0.884,0.883,0.882,0.881,0.88,0.879,0.878,0.877,0.887,0.888,0.889,0.89,0.891,0.892,0.893,0.894,0.895,0.896,1785.6,2744.1,5210.2,7458.7,3744.6,1217.9,925.6,1393.8,288.4,444.7,425.9,2834.2,5118.6,4458.8,1373.5,2102,507,632.4,175.3,914.9
392,0.886,0.885,0.884,0.883,0.882,0.881,0.88,0.879,0.878,0.877,0.887,0.888,0.889,0.89,0.891,0.892,0.893,0.894,0.895,0.896,1785.6,1816.4,5736.7,7458.7,3744.6,1217.9,925.6,1393.8,288.4,444.7,425.9,3469.7,4244.6,4458.8,1601.2,1874.4,507,632.4,175.3,914.9
393,0.886,0.885,0.884,0.883,0.882,0.881,0.88,0.879,0.878,0.877,0.887,0.888,0.889,0.89,0.891,0.892,0.893,0.894,0.895,0.896,1185.2,2130.3,5251.7,6306.4,5507.1,1217.9,1112.8,1393.8,288.4,444.7,441,2698.2,5407,4458.8,1373.5,2101.9,507,632.4,175.3,914.9
394,0.886,0.885,0.884,0.883,0.882,0.881,0.88,0.879,0.878,0.877,0.887,0.888,0.889,0.89,0.891,0.892,0.893,0.894,0.895,0.896,1187.7,1817.1,6919.9,5685.5,5253.6,1217.9,923.8,1393.8,288.4,444.7,425.9,2078.5,6652.6,4356,1601.2,1874.4,507,632.4,175.3,914.9
395,0.886,0.885,0.884,0.883,0.882,0.881,0.88,0.879,0.878,0.877,0.887,0.888,0.889,0.89,0.891,0.892,0.893,0.894,0.895,0.896,1589,3017.6,4451.6,5685.5,5253.6,1217.9,923.8,1393.8,288.4,444.7,425.9,1755.1,5443,5556.9,1601.2,1874.4,499.1,632.4,175.3,914.9
396,0.881,0.88,0.879,0.878,0.877,0.876,0.875,0.874,0.873,0.872,0.882,0.883,0.884,0.885,0.886,0.887,0.888,0.889,0.89,0.891,2152.1,7264.6,1683.6,3032.5,970,1755.3,969.6,2085.9,616,345.9,155.2,1746.8,4294.9,4082.4,3043,3955,2078.6,630.1,2785.9,743.2
397,0.882,0.881,0.88,0.879,0.878,0.877,0.876,0.875,0.874,0.873,0.883,0.884,0.885,0.886,0.887,0.888,0.889,0.89,0.891,0.892,155.2,3270.2,6150.4,2847.1,4016.9,1119.9,2006.2,799.4,2103.9,445.4,1746.8,3164.4,6598.4,3043,3049,2464.7,630.1,2785.9,515.5,903.8
398,0.883,0.882,0.881,0.88,0.879,0.878,0.877,0.876,0.875,0.874,0.884,0.885,0.886,0.887,0.888,0.889,0.89,0.891,0.892,0.893,4727.7,2742.9,4260.2,6344.3,3043.8,1986.7,1857.3,296.4,445.4,260.1,155.2,1769.5,3171.1,5035,3258.6,1549.4,2973.2,637.7,438.4,330.8
