timestamp,bid_price_0,bid_price_1,bid_price_2,bid_price_3,bid_price_4,bid_price_5,bid_price_6,bid_price_7,bid_price_8,bid_price_9,ask_price_0,ask_price_1,ask_price_2,ask_price_3,ask_price_4,ask_price_5,ask_price_6,ask_price_7,ask_price_8,ask_price_9,bid_size_0,bid_size_1,bid_size_2,bid_size_3,bid_size_4,bid_size_5,bid_size_6,bid_size_7,bid_size_8,bid_size_9,ask_size_0,ask_size_1,ask_size_2,ask_size_3,ask_size_4,ask_size_5,ask_size_6,ask_size_7,ask_size_8,ask_size_9
0,0.00561,0.0056,0.00559,0.00558,0.00557,0.00556,0.00555,0.00554,0.00553,0.00552,0.00562,0.00563,0.00564,0.00565,0.00566,0.00567,0.00568,0.00569,0.0057,0.00571,32789.9,1948338.4,872946.7,1854213.7,390558.4,315277.7,244776.3,228490.8,535443.9,191958.5,229337.4,622803.1,625992.7,929119.4,328468.5,379610.4,248864.1,248823.7,26396.1,21261.8
1,0.00561,0.0056,0.00559,0.00558,0.00557,0.00556,0.00555,0.00554,0.00553,0.00552,0.00562,0.00563,0.00564,0.00565,0.00566,0.00567,0.00568,0.00569,0.0057,0.00571,29276.9,1943889.9,877412.3,1477758.5,390558.4,349308.5,244776.3,228490.8,535443.9,191958.5,229337.4,648683.1,586764.2,929119.4,328468.5,379610.4,248864.1,248823.7,26396.1,21261.8
2,0.0056,0.00559,0.00558,0.00557,0.00556,0.00555,0.00554,0.00553,0.00552,0.00551,0.00561,0.00562,0.00563,0.00564,0.00565,0.00566,0.00567,0.00568,0.00569,0.0057,71623,1215238.6,1140601.5,972104.3,362695.9,288626.9,228490.8,670090.7,191958.5,139279.8,265184.1,799542.4,744329,495601.2,434483.2,291493.4,312391.4,228531.9,248823.7,26396.1
3,0.0056,0.00559,0.00558,0.00557,0.00556,0.00555,0.00554,0.00553,0.00552,0.00551,0.00561,0.00562,0.00563,0.00564,0.00565,0.00566,0.00567,0.00568,0.00569,0.0057,53767.2,1297031.1,1140601.5,1325933.5,362695.9,288626.9,192232.5,670090.7,191958.5,139279.8,270696.8,768862.6,744329,506899.4,434483.2,291493.4,368982.6,228531.9,192232.5,26396.1
4,0.0056,0.00559,0.00558,0.00557,0.00556,0.00555,0.00554,0.00553,0.00552,0.00551,0.00561,0.00562,0.00563,0.00564,0.00565,0.00566,0.00567,0.00568,0.00569,0.0057,258719.6,1103164.6,1325285,1325885.7,362695.9,288626.9,192232.5,499120,191958.5,139279.8,269205.1,593806.5,733243.1,517964.4,434483.2,291493.4,368982.6,228531.9,192232.5,26396.1
5,0.0056,0.00559,0.00558,0.00557,0.00556,0.00555,0.00554,0.00553,0.00552,0.00551,0.00561,0.00562,0.00563,0.00564,0.00565,0.00566,0.00567,0.00568,0.00569,0.0057,77198.7,953546.7,1455612.2,1325885.7,362695.9,288626.9,192232.5,670090.7,191958.5,139279.8,268074.5,594930.2,793129,588000.3,353439.6,291493.4,368982.6,228531.9,192232.5,26396.1
6,0.0056,0.00559,0.00558,0.00557,0.00556,0.00555,0.00554,0.00553,0.00552,0.00551,0.00561,0.00562,0.00563,0.00564,0.00565,0.00566,0.00567,0.00568,0.00569,0.0057,53767.2,905343.5,1460384.6,1325885.7,362695.9,288626.9,192232.5,670090.7,191958.5,139279.8,303531.1,593806.5,822928.6,588000.3,353439.6,291493.4,368982.6,228531.9,192232.5,26396.1
7,0.0056,0.00559,0.00558,0.00557,0.00556,0.00555,0.00554,0.00553,0.00552,0.00551,0.00561,0.00562,0.00563,0.00564,0.00565,0.00566,0.00567,0.00568,0.00569,0.0057,76088.6,883019.6,1460384.6,1325885.7,362695.9,288626.9,192232.5,670090.7,191958.5,139279.8,303531.1,593806.5,820352.3,588000.3,353439.6,291493.4,368982.6,228531.9,192232.5,26396.1
8,0.0056,0.00559,0.00558,0.00557,0.00556,0.00555,0.00554,0.00553,0.00552,0.00551,0.00561,0.00562,0.00563,0.00564,0.00565,0.00566,0.00567,0.00568,0.00569,0.0057,110593.2,957394.5,1425436.2,1325885.7,362695.9,288626.9,192232.5,670090.7,191958.5,139279.8,269184.3,593806.5,833569.1,599152,353439.6,291493.4,368982.6,228531.9,192232.5,26396.1
9,0.0056,0.00559,0.00558,0.00557,0.00556,0.00555,0.00554,0.00553,0.00552,0.00551,0.00561,0.00562,0.00563,0.00564,0.00565,0.00566,0.00567,0.00568,0.00569,0.0057,294195,956286.9,1460476.5,1325908.5,362695.9,244776.3,192232.5,499120,191958.5,139279.8,234066.8,594907.2,832111.2,599262.1,353439.6,291493.4,368982.6,228531.9,192232.5,26396.1
10,0.0056,0.00559,0.00558,0.00557,0.00556,0.00555,0.00554,0.00553,0.00552,0.00551,0.00561,0.00562,0.00563,0.00564,0.00565,0.00566,0.00567,0.00568,0.00569,0.0057,260697.8,897931,1507409.2,1325889.8,362695.9,278708.1,192232.5,499120,191958.5,139279.8,269706.1,593806.5,833707.5,599262.1,353439.6,291493.4,368982.6,228531.9,192232.5,26396.1
11,0.0056,0.00559,0.00558,0.00557,0.00556,0.00555,0.00554,0.00553,0.00552,0.00551,0.00561,0.00562,0.00563,0.00564,0.00565,0.00566,0.00567,0.00568,0.00569,0.0057,247059.3,685209.8,1658480.4,1325918.9,362695.9,315292.4,192232.5,499120,191958.5,139279.8,269688.2,645657.1,792991,588000.3,353439.6,291493.4,368982.6,228531.9,192232.5,26396.1
12,0.0056,0.00559,0.00558,0.00557,0.00556,0.00555,0.00554,0.00553,0.00552,0.00551,0.00561,0.00562,0.00563,0.00564,0.00565,0.00566,0.00567,0.00568,0.00569,0.0057,281972,744075.2,1604034.3,1325912.7,362695.9,278708.1,192232.5,499120,191958.5,139279.8,235181.5,639022.8,792991,588000.3,353439.6,291493.4,368982.6,228531.9,192232.5,26396.1
13,0.0056,0.00559,0.00558,0.00557,0.00556,0.00555,0.00554,0.00553,0.00552,0.00551,0.00561,0.00562,0.00563,0.00564,0.00565,0.00566,0.00567,0.00568,0.00569,0.0057,53767.2,711604.7,1657405.2,1325945.9,362695.9,278708.1,192232.5,670090.7,191958.5,102824,289145,639810.8,792991,588000.3,353439.6,291493.4,368982.6,228531.9,192232.5,26396.1
14,0.0056,0.00559,0.00558,0.00557,0.00556,0.00555,0.00554,0.00553,0.00552,0.00551,0.00561,0.00562,0.00563,0.00564,0.00565,0.00566,0.00567,0.00568,0.00569,0.0057,973.6,678518.3,1252273.1,1749247.8,374022.7,349654.8,192232.5,670090.7,191958.5,102824,329894.4,649787.6,835213.5,556412,311217.1,290221.7,368982.6,193167.3,192232.5,26396.1
15,0.00559,0.00558,0.00557,0.00556,0.00555,0.00554,0.00553,0.00552,0.00551,0.0055,0.0056,0.00561,0.00562,0.00563,0.00564,0.00565,0.00566,0.00567,0.00568,0.00569,424706.9,1440503.6,1695522.6,503645.3,348919.3,192232.5,670090.7,191958.5,66368.2,1011075.1,56519.2,488420.5,575281.3,835213.5,505986.5,311217.1,236950.1,368982.6,193167.3,192232.5
16,0.00559,0.00558,0.00557,0.00556,0.00555,0.00554,0.00553,0.00552,0.00551,0.0055,0.0056,0.00561,0.00562,0.00563,0.00564,0.00565,0.00566,0.00567,0.00568,0.00569,216558.2,1270047.6,1301862.3,1034146.6,348919.3,226211.1,649706.6,326539.5,50337.9,1011075.1,260853.1,582320,475281.3,862723.8,424885.6,274627.9,257323.3,348258.5,193167.3,192232.5
17,0.0056,0.00559,0.00558,0.00557,0.00556,0.00555,0.00554,0.00553,0.00552,0.00551,0.00561,0.00562,0.00563,0.00564,0.00565,0.00566,0.00567,0.00568,0.00569,0.0057,52653.4,732961.6,969462.7,1405317.4,992885.3,314901.1,192232.5,649706.6,155568.8,50337.9,363523.5,505701.2,862723.8,424885.6,367468.5,257323.3,291667.3,193167.3,192232.5,26396.1
18,0.0056,0.00559,0.00558,0.00557,0.00556,0.00555,0.00554,0.00553,0.00552,0.00551,0.00561,0.00562,0.00563,0.00564,0.00565,0.00566,0.00567,0.00568,0.00569,0.0057,191220.7,737422.8,964993.5,1893592.9,503645.3,314901.1,192232.5,478735.9,155568.8,50337.9,263535.8,594902.4,862876,545373.7,367468.5,292064.9,291667.3,193167.3,192232.5,26396.1
19,0.00559,0.00558,0.00557,0.00556,0.00555,0.00554,0.00553,0.00552,0.00551,0.0055,0.0056,0.00561,0.00562,0.00563,0.00564,0.00565,0.00566,0.00567,0.00568,0.00569,425184.3,1642766.7,1811531.8,469614.5,351681.5,192232.5,649706.6,155568.8,50337.9,1011075.1,51693.4,681302.6,497523.3,862876,424885.6,367468.5,257323.3,291667.3,193167.3,192232.5
20,0.0056,0.00559,0.00558,0.00557,0.00556,0.00555,0.00554,0.00553,0.00552,0.00551,0.00561,0.00562,0.00563,0.00564,0.00565,0.00566,0.00567,0.00568,0.00569,0.0057,270272.1,1174430.1,918683,1904837.9,498809.1,315059.9,192232.5,478735.9,155568.8,50337.9,57583.4,621378.7,905089.1,556507.1,367468.5,331001.4,291667.3,193167.3,192232.5,26396.1
21,0.0056,0.00559,0.00558,0.00557,0.00556,0.00555,0.00554,0.00553,0.00552,0.00551,0.00561,0.00562,0.00563,0.00564,0.00565,0.00566,0.00567,0.00568,0.00569,0.0057,265295,1176347,1485921.9,1305762.3,498809.1,315059.9,192232.5,499482.6,155568.8,139279.8,232201.1,687889.2,461940.6,637608,367468.5,331001.4,291667.3,193167.3,192232.5,26396.1
22,0.0056,0.00559,0.00558,0.00557,0.00556,0.00555,0.00554,0.00553,0.00552,0.00551,0.00561,0.00562,0.00563,0.00564,0.00565,0.00566,0.00567,0.00568,0.00569,0.0057,263263.6,856272.2,1485922.3,1305732.1,498809.1,315059.9,192232.5,499482.6,191958.5,139279.8,232201.1,513250,486698.8,637608,310877.3,331001.4,348258.5,193167.3,192232.5,26396.1
23,0.00561,0.0056,0.00559,0.00558,0.00557,0.00556,0.00555,0.00554,0.00553,0.00552,0.00562,0.00563,0.00564,0.00565,0.00566,0.00567,0.00568,0.00569,0.0057,0.00571,237899.3,806967.6,1244998.6,1043995.1,778754.7,484868.5,244776.3,21261.8,535806.5,191958.5,244123.8,496554.4,626309.8,449194.8,321926.4,405361.8,193167.3,192232.5,26396.1,21261.8
24,0.00561,0.0056,0.00559,0.00558,0.00557,0.00556,0.00555,0.00554,0.00553,0.00552,0.00562,0.00563,0.00564,0.00565,0.00566,0.00567,0.00568,0.00569,0.0057,0.00571,237899.3,806967.6,1716806.5,1070015.8,431993.1,484868.5,244776.3,21261.8,535806.5,191958.5,242668.8,525884.7,626309.8,449194.8,321926.4,405361.8,193167.3,192232.5,26396.1,21261.8
25,0.0056,0.00559,0.00558,0.00557,0.00556,0.00555,0.00554,0.00553,0.00552,0.00551,0.00561,0.00562,0.00563,0.00564,0.00565,0.00566,0.00567,0.00568,0.00569,0.0057,317827.4,1202430.7,1897994.7,548269.3,355245.9,244776.3,192232.5,535806.5,191958.5,102824,76694.1,430502.3,492151.1,626309.8,353099.8,286436.8,368514.2,228531.9,192232.5,26396.1
26,0.00561,0.0056,0.00559,0.00558,0.00557,0.00556,0.00555,0.00554,0.00553,0.00552,0.00562,0.00563,0.00564,0.00565,0.00566,0.00567,0.00568,0.00569,0.0057,0.00571,223622.9,787826.5,811599.1,2003027.6,431993.1,366918.1,244776.3,21261.8,535806.5,191958.5,230460.7,515751.4,626309.8,438601.2,286436.8,409301.6,228531.9,192232.5,197366.8,21261.8
27,0.00561,0.0056,0.00559,0.00558,0.00557,0.00556,0.00555,0.00554,0.00553,0.00552,0.00562,0.00563,0.00564,0.00565,0.00566,0.00567,0.00568,0.00569,0.0057,0.00571,319783.9,818815.3,1328276.4,1544440.7,420729.4,294506.7,244776.3,21261.8,535806.5,191958.5,21396.1,494010.2,759266.9,796484.3,286436.8,443368.6,228531.9,192232.5,197366.8,21261.8
28,0.00561,0.0056,0.00559,0.00558,0.00557,0.00556,0.00555,0.00554,0.00553,0.00552,0.00562,0.00563,0.00564,0.00565,0.00566,0.00567,0.00568,0.00569,0.0057,0.00571,604265.3,1165537.7,1175144.6,1306337.3,379468.1,294506.7,244776.3,93778.4,572130.4,191958.5,20250,475448.4,651573.5,877527.9,339708.4,366521.7,248989,248823.7,197366.8,21261.8
29,0.00562,0.00561,0.0056,0.00559,0.00558,0.00557,0.00556,0.00555,0.00554,0.00553,0.00563,0.00564,0.00565,0.00566,0.00567,0.00568,0.00569,0.0057,0.00571,0.00572,20250,604327.8,903863.4,1227572,1306370.4,379468.1,294506.7,280969.3,93778.4,535806.5,236230.6,728082.4,877527.9,459913.9,366521.7,282884.3,248823.7,197366.8,21261.8,15162.5
30,0.00563,0.00562,0.00561,0.0056,0.00559,0.00558,0.00557,0.00556,0.00555,0.00554,0.00565,0.00566,0.00567,0.00568,0.00569,0.0057,0.00571,0.00572,0.00573,0.00574,455865.5,540302.3,1465521.2,945320.3,499936.6,774302.7,268843.3,123536,130621.8,93778.4,953334.8,967757.5,510004.1,427007.5,297465.7,217544.6,192232.5,186133.2,57793.2,20250
31,0.00563,0.00562,0.00561,0.0056,0.00559,0.00558,0.00557,0.00556,0.00555,0.00554,0.00564,0.00565,0.00566,0.00567,0.00568,0.00569,0.0057,0.00571,0.00572,0.00573,263503.8,548877.1,1254714,1483088.6,438051.2,774302.7,304906.4,159663.9,94428.8,130036.7,20250,570068,504850.2,500554.7,332126.2,297465.7,217544.6,227411.3,186133.2,22737.1
32,0.00563,0.00562,0.00561,0.0056,0.00559,0.00558,0.00557,0.00556,0.00555,0.00554,0.00564,0.00565,0.00566,0.00567,0.00568,0.00569,0.0057,0.00571,0.00572,0.00573,363503.8,395564.6,1281378.9,1437828.4,438051.2,774302.7,304906.4,159663.9,94428.8,130036.7,20250,514969.5,685922.8,329104.9,332126.2,297465.7,308021.9,192232.5,186133.2,22737.1
33,0.00563,0.00562,0.00561,0.0056,0.00559,0.00558,0.00557,0.00556,0.00555,0.00554,0.00564,0.00565,0.00566,0.00567,0.00568,0.00569,0.0057,0.00571,0.00572,0.00573,327215.9,693106.7,1725506.3,993293.9,438051.2,809897.9,304906.4,159663.9,94428.8,130036.7,191220.7,721792.9,776043.4,428244.6,332126.2,297465.7,308021.9,227411.3,186133.2,22737.1
34,0.00563,0.00562,0.00561,0.0056,0.00559,0.00558,0.00557,0.00556,0.00555,0.00554,0.00564,0.00565,0.00566,0.00567,0.00568,0.00569,0.0057,0.00571,0.00572,0.00573,327215.9,1010384.5,1284503.2,1153075,407179.2,680555.8,268843.3,159663.9,130621.8,130036.7,191220.7,777316.1,680452.4,428244.6,332126.2,297465.7,308021.9,227411.3,186133.2,22737.1
