timestamp,bid_price_0,bid_price_1,bid_price_2,bid_price_3,bid_price_4,bid_price_5,bid_price_6,bid_price_7,bid_price_8,bid_price_9,ask_price_0,ask_price_1,ask_price_2,ask_price_3,ask_price_4,ask_price_5,ask_price_6,ask_price_7,ask_price_8,ask_price_9,bid_size_0,bid_size_1,bid_size_2,bid_size_3,bid_size_4,bid_size_5,bid_size_6,bid_size_7,bid_size_8,bid_size_9,ask_size_0,ask_size_1,ask_size_2,ask_size_3,ask_size_4,ask_size_5,ask_size_6,ask_size_7,ask_size_8,ask_size_9
0,0.00561,0.0056,0.00559,0.00558,0.00557,0.00556,0.00555,0.00554,0.00553,0.00552,0.00562,0.00563,0.00564,0.00565,0.00566,0.00567,0.00568,0.00569,0.0057,0.00571,32789.9,1948338.4,872946.7,1854213.7,390558.4,315277.7,244776.3,228490.8,535443.9,191958.5,229337.4,622803.1,625992.7,929119.4,328468.5,379610.4,248864.1,248823.7,26396.1,21261.8
1,0.00561,0.0056,0.00559,0.00558,0.00557,0.00556,0.00555,0.00554,0.00553,0.00552,0.00562,0.00563,0.00564,0.00565,0.00566,0.00567,0.00568,0.00569,0.0057,0.00571,29276.9,1943889.9,877412.3,1477758.5,390558.4,349308.5,244776.3,228490.8,535443.9,191958.5,229337.4,648683.1,586764.2,929119.4,328468.5,379610.4,248864.1,248823.7,26396.1,21261.8
2,0.0056,0.00559,0.00558,0.00557,0.00556,0.00555,0.00554,0.00553,0.00552,0.00551,0.00561,0.00562,0.00563,0.00564,0.00565,0.00566,0.00567,0.00568,0.00569,0.0057,71623,1215238.6,1140601.5,972104.3,362695.9,288626.9,228490.8,670090.7,191958.5,139279.8,265184.1,799542.4,744329,495601.2,434483.2,291493.4,312391.4,228531.9,248823.7,26396.1
3,0.0056,0.00559,0.00558,0.00557,0.00556,0.00555,0.00554,0.00553,0.00552,0.00551,0.00561,0.00562,0.00563,0.00564,0.00565,0.00566,0.00567,0.00568,0.00569,0.0057,53767.2,1297031.1,1140601.5,1325933.5,362695.9,288626.9,192232.5,670090.7,191958.5,139279.8,270696.8,768862.6,744329,506899.4,434483.2,291493.4,368982.6,228531.9,192232.5,26396.1
4,0.0056,0.00559,0.00558,0.00557,0.00556,0.00555,0.00554,0.00553,0.00552,0.00551,0.00561,0.00562,0.00563,0.00564,0.00565,0.00566,0.00567,0.00568,0.00569,0.0057,258719.6,1103164.6,1325285,1325885.7,362695.9,288626.9,192232.5,499120,191958.5,139279.8,269205.1,593806.5,733243.1,517964.4,434483.2,291493.4,368982.6,228531.9,192232.5,26396.1
5,0.0056,0.00559,0.00558,0.00557,0.00556,0.00555,0.00554,0.00553,0.00552,0.00551,0.00561,0.00562,0.00563,0.00564,0.00565,0.00566,0.00567,0.00568,0.00569,0.0057,77198.7,953546.7,1455612.2,1325885.7,362695.9,288626.9,192232.5,670090.7,191958.5,139279.8,268074.5,594930.2,793129,588000.3,353439.6,291493.4,368982.6,228531.9,192232.5,26396.1
6,0.0056,0.00559,0.00558,0.00557,0.00556,0.00555,0.00554,0.00553,0.00552,0.00551,0.00561,0.00562,0.00563,0.00564,0.00565,0.00566,0.00567,0.00568,0.00569,0.0057,53767.2,905343.5,1460384.6,1325885.7,362695.9,288626.9,192232.5,670090.7,191958.5,139279.8,303531.1,593806.5,822928.6,588000.3,353439.6,291493.4,368982.6,228531.9,192232.5,26396.1
7,0.0056,0.00559,0.00558,0.00557,0.00556,0.00555,0.00554,0.00553,0.00552,0.00551,0.00561,0.00562,0.00563,0.00564,0.00565,0.00566,0.00567,0.00568,0.00569,0.0057,76088.6,883019.6,1460384.6,1325885.7,362695.9,288626.9,192232.5,670090.7,191958.5,139279.8,303531.1,593806.5,820352.3,588000.3,353439.6,291493.4,368982.6,228531.9,192232.5,26396.1
8,0.0056,0.00559,0.00558,0.00557,0.00556,0.00555,0.00554,0.00553,0.00552,0.00551,0.00561,0.00562,0.00563,0.00564,0.00565,0.00566,0.00567,0.00568,0.00569,0.0057,110593.2,957394.5,1425436.2,1325885.7,362695.9,288626.9,192232.5,670090.7,191958.5,139279.8,269184.3,593806.5,833569.1,599152,353439.6,291493.4,368982.6,228531.9,192232.5,26396.1
9,0.0056,0.00559,0.00558,0.00557,0.00556,0.00555,0.00554,0.00553,0.00552,0.00551,0.00561,0.00562,0.00563,0.00564,0.00565,0.00566,0.00567,0.00568,0.00569,0.0057,294195,956286.9,1460476.5,1325908.5,362695.9,244776.3,192232.5,499120,191958.5,139279.8,234066.8,594907.2,832111.2,599262.1,353439.6,291493.4,368982.6,228531.9,192232.5,26396.1
10,0.0056,0.00559,0.00558,0.00557,0.00556,0.00555,0.00554,0.00553,0.00552,0.00551,0.00561,0.00562,0.00563,0.00564,0.00565,0.00566,0.00567,0.00568,0.00569,0.0057,260697.8,897931,1507409.2,1325889.8,362695.9,278708.1,192232.5,499120,191958.5,139279.8,269706.1,593806.5,833707.5,599262.1,353439.6,291493.4,368982.6,228531.9,192232.5,26396.1
11,0.0056,0.00559,0.00558,0.00557,0.00556,0.00555,0.00554,0.00553,0.00552,0.00551,0.00561,0.00562,0.00563,0.00564,0.00565,0.00566,0.00567,0.00568,0.00569,0.0057,247059.3,685209.8,1658480.4,1325918.9,362695.9,315292.4,192232.5,499120,191958.5,139279.8,269688.2,645657.1,792991,588000.3,353439.6,291493.4,368982.6,228531.9,192232.5,26396.1
12,0.0056,0.00559,0.00558,0.00557,0.00556,0.00555,0.00554,0.00553,0.00552,0.00551,0.00561,0.00562,0.00563,0.00564,0.00565,0.00566,0.00567,0.00568,0.00569,0.0057,281972,744075.2,1604034.3,1325912.7,362695.9,278708.1,192232.5,499120,191958.5,139279.8,235181.5,639022.8,792991,588000.3,353439.6,291493.4,368982.6,228531.9,192232.5,26396.1
13,0.0056,0.00559,0.00558,0.00557,0.00556,0.00555,0.00554,0.00553,0.00552,0.00551,0.00561,0.00562,0.00563,0.00564,0.00565,0.00566,0.00567,0.00568,0.00569,0.0057,53767.2,711604.7,1657405.2,1325945.9,362695.9,278708.1,192232.5,670090.7,191958.5,102824,289145,639810.8,792991,588000.3,353439.6,291493.4,368982.6,228531.9,192232.5,26396.1
14,0.0056,0.00559,0.00558,0.00557,0.00556,0.00555,0.00554,0.00553,0.00552,0.00551,0.00561,0.00562,0.00563,0.00564,0.00565,0.00566,0.00567,0.00568,0.00569,0.0057,973.6,678518.3,1252273.1,1749247.8,374022.7,349654.8,192232.5,670090.7,191958.5,102824,329894.4,649787.6,835213.5,556412,311217.1,290221.7,368982.6,193167.3,192232.5,26396.1
15,0.00559,0.00558,0.00557,0.00556,0.00555,0.00554,0.00553,0.00552,0.00551,0.0055,0.0056,0.00561,0.00562,0.00563,0.00564,0.00565,0.00566,0.00567,0.00568,0.00569,424706.9,1440503.6,1695522.6,503645.3,348919.3,192232.5,670090.7,191958.5,66368.2,1011075.1,56519.2,488420.5,575281.3,835213.5,505986.5,311217.1,236950.1,368982.6,193167.3,192232.5
16,0.00559,0.00558,0.00557,0.00556,0.00555,0.00554,0.00553,0.00552,0.00551,0.0055,0.0056,0.00561,0.00562,0.00563,0.00564,0.00565,0.00566,0.00567,0.00568,0.00569,216558.2,1270047.6,1301862.3,1034146.6,348919.3,226211.1,649706.6,326539.5,50337.9,1011075.1,260853.1,582320,475281.3,862723.8,424885.6,274627.9,257323.3,348258.5,193167.3,192232.5
17,0.0056,0.00559,0.00558,0.00557,0.00556,0.00555,0.00554,0.00553,0.00552,0.00551,0.00561,0.00562,0.00563,0.00564,0.00565,0.00566,0.00567,0.00568,0.00569,0.0057,52653.4,732961.6,969462.7,1405317.4,992885.3,314901.1,192232.5,649706.6,155568.8,50337.9,363523.5,505701.2,862723.8,424885.6,367468.5,257323.3,291667.3,193167.3,192232.5,26396.1
18,0.0056,0.00559,0.00558,0.00557,0.00556,0.00555,0.00554,0.00553,0.00552,0.00551,0.00561,0.00562,0.00563,0.00564,0.00565,0.00566,0.00567,0.00568,0.00569,0.0057,191220.7,737422.8,964993.5,1893592.9,503645.3,314901.1,192232.5,478735.9,155568.8,50337.9,263535.8,594902.4,862876,545373.7,367468.5,292064.9,291667.3,193167.3,192232.5,26396.1
19,0.00559,0.00558,0.00557,0.00556,0.00555,0.00554,0.00553,0.00552,0.00551,0.0055,0.0056,0.00561,0.00562,0.00563,0.00564,0.00565,0.00566,0.00567,0.00568,0.00569,425184.3,1642766.7,1811531.8,469614.5,351681.5,192232.5,649706.6,155568.8,50337.9,1011075.1,51693.4,681302.6,497523.3,862876,424885.6,367468.5,257323.3,291667.3,193167.3,192232.5
20,0.0056,0.00559,0.00558,0.00557,0.00556,0.00555,0.00554,0.00553,0.00552,0.00551,0.00561,0.00562,0.00563,0.00564,0.00565,0.00566,0.00567,0.00568,0.00569,0.0057,270272.1,1174430.1,918683,1904837.9,498809.1,315059.9,192232.5,478735.9,155568.8,50337.9,57583.4,621378.7,905089.1,556507.1,367468.5,331001.4,291667.3,193167.3,192232.5,26396.1
21,0.0056,0.00559,0.00558,0.00557,0.00556,0.00555,0.00554,0.00553,0.00552,0.00551,0.00561,0.00562,0.00563,0.00564,0.00565,0.00566,0.00567,0.00568,0.00569,0.0057,265295,1176347,1485921.9,1305762.3,498809.1,315059.9,192232.5,499482.6,155568.8,139279.8,232201.1,687889.2,461940.6,637608,367468.5,331001.4,291667.3,193167.3,192232.5,26396.1
22,0.0056,0.00559,0.00558,0.00557,0.00556,0.00555,0.00554,0.00553,0.00552,0.00551,0.00561,0.00562,0.00563,0.00564,0.00565,0.00566,0.00567,0.00568,0.00569,0.0057,263263.6,856272.2,1485922.3,1305732.1,498809.1,315059.9,192232.5,499482.6,191958.5,139279.8,232201.1,513250,486698.8,637608,310877.3,331001.4,348258.5,193167.3,192232.5,26396.1
23,0.00561,0.0056,0.00559,0.00558,0.00557,0.00556,0.00555,0.00554,0.00553,0.00552,0.00562,0.00563,0.00564,0.00565,0.00566,0.00567,0.00568,0.00569,0.0057,0.00571,237899.3,806967.6,1244998.6,1043995.1,778754.7,484868.5,244776.3,21261.8,535806.5,191958.5,244123.8,496554.4,626309.8,449194.8,321926.4,405361.8,193167.3,192232.5,26396.1,21261.8
24,0.00561,0.0056,0.00559,0.00558,0.00557,0.00556,0.00555,0.00554,0.00553,0.00552,0.00562,0.00563,0.00564,0.00565,0.00566,0.00567,0.00568,0.00569,0.0057,0.00571,237899.3,806967.6,1716806.5,1070015.8,431993.1,484868.5,244776.3,21261.8,535806.5,191958.5,242668.8,525884.7,626309.8,449194.8,321926.4,405361.8,193167.3,192232.5,26396.1,21261.8
25,0.0056,0.00559,0.00558,0.00557,0.00556,0.00555,0.00554,0.00553,0.00552,0.00551,0.00561,0.00562,0.00563,0.00564,0.00565,0.00566,0.00567,0.00568,0.00569,0.0057,317827.4,1202430.7,1897994.7,548269.3,355245.9,244776.3,192232.5,535806.5,191958.5,102824,76694.1,430502.3,492151.1,626309.8,353099.8,286436.8,368514.2,228531.9,192232.5,26396.1
26,0.00561,0.0056,0.00559,0.00558,0.00557,0.00556,0.00555,0.00554,0.00553,0.00552,0.00562,0.00563,0.00564,0.00565,0.00566,0.00567,0.00568,0.00569,0.0057,0.00571,223622.9,787826.5,811599.1,2003027.6,431993.1,366918.1,244776.3,21261.8,535806.5,191958.5,230460.7,515751.4,626309.8,438601.2,286436.8,409301.6,228531.9,192232.5,197366.8,21261.8
27,0.00561,0.0056,0.00559,0.00558,0.00557,0.00556,0.00555,0.00554,0.00553,0.00552,0.00562,0.00563,0.00564,0.00565,0.00566,0.00567,0.00568,0.00569,0.0057,0.00571,319783.9,818815.3,1328276.4,1544440.7,420729.4,294506.7,244776.3,21261.8,535806.5,191958.5,21396.1,494010.2,759266.9,796484.3,286436.8,443368.6,228531.9,192232.5,197366.8,21261.8
28,0.00561,0.0056,0.00559,0.00558,0.00557,0.00556,0.00555,0.00554,0.00553,0.00552,0.00562,0.00563,0.00564,0.00565,0.00566,0.00567,0.00568,0.00569,0.0057,0.00571,604265.3,1165537.7,1175144.6,1306337.3,379468.1,294506.7,244776.3,93778.4,572130.4,191958.5,20250,475448.4,651573.5,877527.9,339708.4,366521.7,248989,248823.7,197366.8,21261.8
29,0.00562,0.00561,0.0056,0.00559,0.00558,0.00557,0.00556,0.00555,0.00554,0.00553,0.00563,0.00564,0.00565,0.00566,0.00567,0.00568,0.00569,0.0057,0.00571,0.00572,20250,604327.8,903863.4,1227572,1306370.4,379468.1,294506.7,280969.3,93778.4,535806.5,236230.6,728082.4,877527.9,459913.9,366521.7,282884.3,248823.7,197366.8,21261.8,15162.5
30,0.00563,0.00562,0.00561,0.0056,0.00559,0.00558,0.00557,0.00556,0.00555,0.00554,0.00565,0.00566,0.00567,0.00568,0.00569,0.0057,0.00571,0.00572,0.00573,0.00574,455865.5,540302.3,1465521.2,945320.3,499936.6,774302.7,268843.3,123536,130621.8,93778.4,953334.8,967757.5,510004.1,427007.5,297465.7,217544.6,192232.5,186133.2,57793.2,20250
31,0.00563,0.00562,0.00561,0.0056,0.00559,0.00558,0.00557,0.00556,0.00555,0.00554,0.00564,0.00565,0.00566,0.00567,0.00568,0.00569,0.0057,0.00571,0.00572,0.00573,263503.8,548877.1,1254714,1483088.6,438051.2,774302.7,304906.4,159663.9,94428.8,130036.7,20250,570068,504850.2,500554.7,332126.2,297465.7,217544.6,227411.3,186133.2,22737.1
32,0.00563,0.00562,0.00561,0.0056,0.00559,0.00558,0.00557,0.00556,0.00555,0.00554,0.00564,0.00565,0.00566,0.00567,0.00568,0.00569,0.0057,0.00571,0.00572,0.00573,363503.8,395564.6,1281378.9,1437828.4,438051.2,774302.7,304906.4,159663.9,94428.8,130036.7,20250,514969.5,685922.8,329104.9,332126.2,297465.7,308021.9,192232.5,186133.2,22737.1
33,0.00563,0.00562,0.00561,0.0056,0.00559,0.00558,0.00557,0.00556,0.00555,0.00554,0.00564,0.00565,0.00566,0.00567,0.00568,0.00569,0.0057,0.00571,0.00572,0.00573,327215.9,693106.7,1725506.3,993293.9,438051.2,809897.9,304906.4,159663.9,94428.8,130036.7,191220.7,721792.9,776043.4,428244.6,332126.2,297465.7,308021.9,227411.3,186133.2,22737.1
34,0.00563,0.00562,0.00561,0.0056,0.00559,0.00558,0.00557,0.00556,0.00555,0.00554,0.00564,0.00565,0.00566,0.00567,0.00568,0.00569,0.0057,0.00571,0.00572,0.00573,327215.9,1010384.5,1284503.2,1153075,407179.2,680555.8,268843.3,159663.9,130621.8,130036.7,191220.7,777316.1,680452.4,428244.6,332126.2,297465.7,308021.9,227411.3,186133.2,22737.1
35,0.00563,0.00562,0.00561,0.0056,0.00559,0.00558,0.00557,0.00556,0.00555,0.00554,0.00565,0.00566,0.00567,0.00568,0.00569,0.0057,0.00571,0.00572,0.00573,0.00574,602649.2,895171.2,1609139.6,990288.7,407179.2,299362.5,268843.3,159663.9,130621.8,130036.7,693431.1,769170,428244.6,501792.6,297465.7,308021.9,227411.3,186133.2,22737.1,20250
36,0.00564,0.00563,0.00562,0.00561,0.0056,0.00559,0.00558,0.00557,0.00556,0.00555,0.00565,0.00566,0.00567,0.00568,0.00569,0.0057,0.00571,0.00572,0.00573,0.00574,20250,653066.4,910716.2,1609348.1,990282.5,407179.2,299362.5,268843.3,159663.9,130621.8,543251.3,647337.3,475349.9,621188.2,297465.7,308021.9,227411.3,186133.2,22737.1,20250
37,0.00564,0.00563,0.00562,0.00561,0.0056,0.00559,0.00558,0.00557,0.00556,0.00555,0.00565,0.00566,0.00567,0.00568,0.00569,0.0057,0.00571,0.00572,0.00573,0.00574,20250,630863.9,1111408.7,1483479.3,959394.8,407179.2,299362.5,268843.3,123536,130621.8,552651,647734.7,475349.9,621188.2,297465.7,308021.9,227411.3,186133.2,22737.1,20250
38,0.00564,0.00563,0.00562,0.00561,0.0056,0.00559,0.00558,0.00557,0.00556,0.00555,0.00565,0.00566,0.00567,0.00568,0.00569,0.0057,0.00571,0.00572,0.00573,0.00574,20250,630863.9,932346.5,1483479.3,959394.8,406867.2,299362.5,268843.3,123536,130621.8,276791.4,813484.3,560774.4,551114.1,297465.7,342570.5,227411.3,186133.2,22737.1,20250
39,0.00563,0.00562,0.00561,0.0056,0.00559,0.00558,0.00557,0.00556,0.00555,0.00554,0.00564,0.00565,0.00566,0.00567,0.00568,0.00569,0.0057,0.00571,0.00572,0.00573,265351.2,1367840.9,1164975.9,1000422.5,406867.2,299362.5,268843.3,123536,130621.8,93778.4,206193,545692.1,679074.4,479758.9,451521.8,297465.7,308021.9,227411.3,186133.2,22737.1
40,0.00563,0.00562,0.00561,0.0056,0.00559,0.00558,0.00557,0.00556,0.00555,0.00554,0.00564,0.00565,0.00566,0.00567,0.00568,0.00569,0.0057,0.00571,0.00572,0.00573,398997.1,1012246.6,1681637.8,1000467.7,406867.2,334735.6,268843.3,123536,94428.8,93778.4,207152.9,539125.9,676245.4,479758.9,451521.8,332768.2,308021.9,192232.5,186133.2,22737.1
41,0.00563,0.00562,0.00561,0.0056,0.00559,0.00558,0.00557,0.00556,0.00555,0.00554,0.00564,0.00565,0.00566,0.00567,0.00568,0.00569,0.0057,0.00571,0.00572,0.00573,260542.1,1183770.4,1677616.3,1000459.5,406867.2,299362.5,268843.3,123536,94428.8,93778.4,207161.4,513545.9,725747.8,479758.9,451521.8,332768.2,308021.9,192232.5,186133.2,22737.1
42,0.00563,0.00562,0.00561,0.0056,0.00559,0.00558,0.00557,0.00556,0.00555,0.00554,0.00564,0.00565,0.00566,0.00567,0.00568,0.00569,0.0057,0.00571,0.00572,0.00573,226943.2,951344.3,1913317.1,1000451.3,406867.2,333686.7,268843.3,123536,94428.8,93778.4,206045.7,565891.3,676138.6,479758.9,451521.8,332768.2,308021.9,192232.5,186133.2,22737.1
43,0.00563,0.00562,0.00561,0.0056,0.00559,0.00558,0.00557,0.00556,0.00555,0.00554,0.00564,0.00565,0.00566,0.00567,0.00568,0.00569,0.0057,0.00571,0.00572,0.00573,19974,679573.4,1399045.4,1819747.2,418084.8,369004.4,268843.3,294506.7,94428.8,93778.4,553445.4,512579.8,633494.9,456866.4,332126.2,248823.7,308021.9,192232.5,186133.2,22737.1
44,0.00563,0.00562,0.00561,0.0056,0.00559,0.00558,0.00557,0.00556,0.00555,0.00554,0.00564,0.00565,0.00566,0.00567,0.00568,0.00569,0.0057,0.00571,0.00572,0.00573,21216.1,679573.4,1129676.8,1819747.2,418084.8,369004.4,268843.3,294506.7,94428.8,93778.4,384284.6,737292.4,633494.9,456866.4,332126.2,248823.7,308021.9,192232.5,186133.2,22737.1
45,0.00563,0.00562,0.00561,0.0056,0.00559,0.00558,0.00557,0.00556,0.00555,0.00554,0.00564,0.00565,0.00566,0.00567,0.00568,0.00569,0.0057,0.00571,0.00572,0.00573,241485.6,1133219.9,927244.8,1819569,418084.8,299362.5,268843.3,123536,94428.8,93778.4,207149.4,549822.9,798593.7,467894.2,332126.2,324159.7,308021.9,192232.5,186133.2,22737.1
46,0.00563,0.00562,0.00561,0.0056,0.00559,0.00558,0.00557,0.00556,0.00555,0.00554,0.00564,0.00565,0.00566,0.00567,0.00568,0.00569,0.0057,0.00571,0.00572,0.00573,21216.1,987051.7,838636.6,1362404.5,1019848.3,374698.5,268843.3,294506.7,94428.8,57520.1,414622.1,643745.8,686746.3,456866.4,278854.6,248823.7,308021.9,192232.5,186133.2,22737.1
47,0.00562,0.00561,0.0056,0.00559,0.00558,0.00557,0.00556,0.00555,0.00554,0.00553,0.00563,0.00564,0.00565,0.00566,0.00567,0.00568,0.00569,0.0057,0.00571,0.00572,21216.1,878182.8,883606.1,1431043.8,1001809.3,379176.2,294506.7,265399.5,21261.8,478735.9,384316.1,730837.1,503607.8,1022417.9,414317.9,241188.7,212668.9,287844.1,192232.5,186133.2
48,0.00561,0.0056,0.00559,0.00558,0.00557,0.00556,0.00555,0.00554,0.00553,0.00552,0.00562,0.00563,0.00564,0.00565,0.00566,0.00567,0.00568,0.00569,0.0057,0.00571,631811.1,893153.1,817288.7,1124339.8,390205.8,331272.7,244776.3,21261.8,499378.1,191958.5,206212.2,780969.8,1104389.7,375739.8,334800,380250.9,224798.4,192232.5,287844.1,192232.5
49,0.00561,0.0056,0.00559,0.00558,0.00557,0.00556,0.00555,0.00554,0.00553,0.00552,0.00562,0.00563,0.00564,0.00565,0.00566,0.00567,0.00568,0.00569,0.0057,0.00571,266573.4,905472.8,1456684.6,1240385.7,390205.8,331272.7,244776.3,21261.8,499378.1,191958.5,205907.1,680778.6,596686.8,346285.4,334800,380250.9,224798.4,192232.5,287844.1,192232.5
50,0.00561,0.0056,0.00559,0.00558,0.00557,0.00556,0.00555,0.00554,0.00553,0.00552,0.00562,0.00563,0.00564,0.00565,0.00566,0.00567,0.00568,0.00569,0.0057,0.00571,580181.7,902510.6,1113283.6,1587320.4,390205.8,331272.7,244776.3,21261.8,646378.1,191958.5,205614.3,682344,770183.2,346285.4,334800,380250.9,224798.4,192232.5,287844.1,192232.5
51,0.00561,0.0056,0.00559,0.00558,0.00557,0.00556,0.00555,0.00554,0.00553,0.00552,0.00562,0.00563,0.00564,0.00565,0.00566,0.00567,0.00568,0.00569,0.0057,0.00571,436659.4,901386.5,1113283.6,1598409.7,379176.2,294506.7,244776.3,21261.8,646378.1,191958.5,204488.1,689913.4,773851.5,346285.4,334800,414799.5,224798.4,192232.5,287844.1,192232.5
52,0.00561,0.0056,0.00559,0.00558,0.00557,0.00556,0.00555,0.00554,0.00553,0.00552,0.00562,0.00563,0.00564,0.00565,0.00566,0.00567,0.00568,0.00569,0.0057,0.00571,262072.4,1220163.2,1113283.6,1598411.8,379176.2,328819.3,244776.3,21261.8,499378.1,191958.5,205599.4,856667.4,649958.4,346285.4,281528.4,380250.9,224798.4,192232.5,287844.1,192232.5
53,0.00561,0.0056,0.00559,0.00558,0.00557,0.00556,0.00555,0.00554,0.00553,0.00552,0.00562,0.00563,0.00564,0.00565,0.00566,0.00567,0.00568,0.00569,0.0057,0.00571,297415.6,1219020,1559823.8,1192960.6,379176.2,294506.7,244776.3,21261.8,499378.1,191958.5,204488.1,791440.8,675829.7,346368.8,281528.4,414329.7,224798.4,192232.5,287844.1,192232.5
54,0.00561,0.0056,0.00559,0.00558,0.00557,0.00556,0.00555,0.00554,0.00553,0.00552,0.00562,0.00563,0.00564,0.00565,0.00566,0.00567,0.00568,0.00569,0.0057,0.00571,325544.9,1235206.3,1559823.6,1193101.8,379176.2,294506.7,244776.3,21261.8,499378.1,155568.8,26883.7,718375.6,733607.2,402960,323750.9,357738.5,224798.4,192232.5,287844.1,192232.5
55,0.00561,0.0056,0.00559,0.00558,0.00557,0.00556,0.00555,0.00554,0.00553,0.00552,0.00562,0.00563,0.00564,0.00565,0.00566,0.00567,0.00568,0.00569,0.0057,0.00571,325544.9,1232731.7,1559823.6,1193103.9,379176.2,294506.7,244776.3,21261.8,499378.1,155568.8,26883.7,724197.1,733607.2,402960,323750.9,357738.5,224798.4,192232.5,287844.1,192232.5
56,0.00561,0.0056,0.00559,0.00558,0.00557,0.00556,0.00555,0.00554,0.00553,0.00552,0.00562,0.00563,0.00564,0.00565,0.00566,0.00567,0.00568,0.00569,0.0057,0.00571,325282.7,1221683.4,1559823.6,1193112.1,379176.2,294506.7,244776.3,21261.8,499378.1,155568.8,26883.7,723757.7,706065.2,402960,323750.9,357738.5,224798.4,192232.5,287844.1,192232.5
57,0.00561,0.0056,0.00559,0.00558,0.00557,0.00556,0.00555,0.00554,0.00553,0.00552,0.00562,0.00563,0.00564,0.00565,0.00566,0.00567,0.00568,0.00569,0.0057,0.00571,325282.7,1402279.2,1379778.9,1192941.9,379176.2,294506.7,244776.3,21261.8,499378.1,155568.8,23566.8,738283.8,686729.1,303022.2,323750.9,357738.5,224798.4,192232.5,357436.9,192232.5
58,0.00562,0.00561,0.0056,0.00559,0.00558,0.00557,0.00556,0.00555,0.00554,0.00553,0.00563,0.00564,0.00565,0.00566,0.00567,0.00568,0.00569,0.0057,0.00571,0.00572,20250,1064558.4,905925.3,1420966.7,1035088.6,379176.2,294506.7,244776.3,21261.8,499378.1,288639.1,988459.1,388467.9,441552.2,357738.5,263320.2,192232.5,357436.9,192232.5,186133.2
59,0.00561,0.0056,0.00559,0.00558,0.00557,0.00556,0.00555,0.00554,0.00553,0.00552,0.00562,0.00563,0.00564,0.00565,0.00566,0.00567,0.00568,0.00569,0.0057,0.00571,397149.2,1296017.7,1710206.7,860821.9,379176.2,294506.7,244776.3,21261.8,499378.1,155568.8,23566.9,699433.4,767926.9,367839.2,323750.9,357738.5,224798.4,192232.5,357436.9,192232.5
60,0.00561,0.0056,0.00559,0.00558,0.00557,0.00556,0.00555,0.00554,0.00553,0.00552,0.00562,0.00563,0.00564,0.00565,0.00566,0.00567,0.00568,0.00569,0.0057,0.00571,419744.1,1023793.6,1933599.9,631846.2,379176.2,294506.7,244776.3,21261.8,499378.1,155568.8,23566.9,540857.5,669357.9,303074.8,323750.9,357738.5,224798.4,192232.5,357436.9,192232.5
61,0.00561,0.0056,0.00559,0.00558,0.00557,0.00556,0.00555,0.00554,0.00553,0.00552,0.00562,0.00563,0.00564,0.00565,0.00566,0.00567,0.00568,0.00569,0.0057,0.00571,214511,1046568.4,1821676.1,633369,379176.2,329984.4,244776.3,192232.5,499378.1,155568.8,234337.3,874700.3,578638.4,399714.4,323750.9,323659.7,224798.4,192232.5,357436.9,192232.5
62,0.00561,0.0056,0.00559,0.00558,0.00557,0.00556,0.00555,0.00554,0.00553,0.00552,0.00562,0.00563,0.00564,0.00565,0.00566,0.00567,0.00568,0.00569,0.0057,0.00571,385481.7,1098873.2,1768697.8,633369,379176.2,294506.7,244776.3,21261.8,499378.1,155568.8,194537.6,757067,678638.4,399714.4,323750.9,357931.7,224798.4,192232.5,357436.9,192232.5
63,0.00561,0.0056,0.00559,0.00558,0.00557,0.00556,0.00555,0.00554,0.00553,0.00552,0.00562,0.00563,0.00564,0.00565,0.00566,0.00567,0.00568,0.00569,0.0057,0.00571,24724.6,1092998.6,936641.2,1715167.3,512591.1,369566.1,244776.3,192232.5,499378.1,155568.8,227150.2,866974.1,622797.8,419491.7,270729.6,282241.8,213500.2,192232.5,357436.9,192232.5
64,0.00561,0.0056,0.00559,0.00558,0.00557,0.00556,0.00555,0.00554,0.00553,0.00552,0.00562,0.00563,0.00564,0.00565,0.00566,0.00567,0.00568,0.00569,0.0057,0.00571,33114.6,1091373.5,991567.3,1660958,512591.1,369566.1,244776.3,192232.5,499378.1,155568.8,267176.3,877362.1,622797.8,419491.7,270729.6,282241.8,213500.2,192232.5,357436.9,192232.5
65,0.0056,0.00559,0.00558,0.00557,0.00556,0.00555,0.00554,0.00553,0.00552,0.00551,0.00561,0.00562,0.00563,0.00564,0.00565,0.00566,0.00567,0.00568,0.00569,0.0057,84353.8,1020237.6,1849404.6,927562.3,356178.7,314821.6,192232.5,670348.8,155568.8,29912.4,229339,718828.4,655961.6,915884.3,380525.2,232145.6,316300.1,193167.3,192232.5,266959.6
66,0.0056,0.00559,0.00558,0.00557,0.00556,0.00555,0.00554,0.00553,0.00552,0.00551,0.00561,0.00562,0.00563,0.00564,0.00565,0.00566,0.00567,0.00568,0.00569,0.0057,30908.8,1020228.6,1279885.7,1498049.5,356178.7,354967.4,192232.5,670348.8,155568.8,29912.4,265391.2,982095.6,574630.1,743217.1,422954.2,232145.6,316300.1,193167.3,192232.5,266959.6
67,0.0056,0.00559,0.00558,0.00557,0.00556,0.00555,0.00554,0.00553,0.00552,0.00551,0.00561,0.00562,0.00563,0.00564,0.00565,0.00566,0.00567,0.00568,0.00569,0.0057,53230.2,1033338.1,1311279.4,1623404.7,356178.7,314821.6,192232.5,670348.8,155568.8,29912.4,226140.3,818211.8,747996.2,743217.1,422954.2,232145.6,316300.1,193167.3,192232.5,266959.6
68,0.0056,0.00559,0.00558,0.00557,0.00556,0.00555,0.00554,0.00553,0.00552,0.00551,0.00561,0.00562,0.00563,0.00564,0.00565,0.00566,0.00567,0.00568,0.00569,0.0057,89827,1106638.9,1311279.4,1498044.8,356178.7,314821.6,192232.5,670348.8,155568.8,29912.4,225016.1,992674.8,563405.2,754319,422954.2,232145.6,316300.1,193167.3,192232.5,266959.6
69,0.0056,0.00559,0.00558,0.00557,0.00556,0.00555,0.00554,0.00553,0.00552,0.00551,0.00561,0.00562,0.00563,0.00564,0.00565,0.00566,0.00567,0.00568,0.00569,0.0057,53230.2,1107741.6,1799646.4,1008936.8,356178.7,314821.6,192232.5,670348.8,155568.8,29912.4,226138,987337,563405.2,754319,422954.2,232145.6,316300.1,193167.3,192232.5,266959.6
70,0.0056,0.00559,0.00558,0.00557,0.00556,0.00555,0.00554,0.00553,0.00552,0.00551,0.00561,0.00562,0.00563,0.00564,0.00565,0.00566,0.00567,0.00568,0.00569,0.0057,52653.7,1297700.5,1316137.7,1497739.8,356178.7,355843.3,192232.5,670348.8,155568.8,29912.4,267216.6,994392.2,574617.3,743217.1,422954.2,197051.5,316300.1,193167.3,192232.5,266959.6
71,0.0056,0.00559,0.00558,0.00557,0.00556,0.00555,0.00554,0.00553,0.00552,0.00551,0.00561,0.00562,0.00563,0.00564,0.00565,0.00566,0.00567,0.00568,0.00569,0.0057,20250,946966.1,1274023,1163942.4,496585.2,355843.3,192232.5,670348.8,155568.8,29912.4,268440.1,937889.4,344893.9,386378.9,422954.2,197051.5,316300.1,193167.3,192232.5,266959.6
72,0.0056,0.00559,0.00558,0.00557,0.00556,0.00555,0.00554,0.00553,0.00552,0.00551,0.00561,0.00562,0.00563,0.00564,0.00565,0.00566,0.00567,0.00568,0.00569,0.0057,20250,801708.6,865551.4,1636668.1,948024.5,361057,192232.5,649706.6,155568.8,50242.8,260220.9,998845.7,401485.1,405270.5,366363,217356.2,296076.3,193167.3,192232.5,266959.6
73,0.00559,0.00558,0.00557,0.00556,0.00555,0.00554,0.00553,0.00552,0.00551,0.0055,0.0056,0.00561,0.00562,0.00563,0.00564,0.00565,0.00566,0.00567,0.00568,0.00569,322972.6,1079712.5,1194136.9,989285.8,361057,192232.5,649706.6,155568.8,50242.8,1047597.1,25945.3,562709.4,675719.8,401485.1,295911.1,366363,217356.2,296076.3,193167.3,192232.5
74,0.00561,0.0056,0.00559,0.00558,0.00557,0.00556,0.00555,0.00554,0.00553,0.00552,0.00562,0.00563,0.00564,0.00565,0.00566,0.00567,0.00568,0.00569,0.0057,0.00571,20250,664754.3,1013644.5,977543.4,1161892.7,660934.7,286183,192232.5,670378.8,155568.8,873214.2,594830.1,774408.7,366363,239314.8,316582.9,193167.3,192232.5,266959.6,192232.5
75,0.00561,0.0056,0.00559,0.00558,0.00557,0.00556,0.00555,0.00554,0.00553,0.00552,0.00562,0.00563,0.00564,0.00565,0.00566,0.00567,0.00568,0.00569,0.0057,0.00571,229118.2,1193628.3,1636088.4,981837.3,642905.9,444450,249990,192232.5,499408.1,228348.2,365034,981586.6,761043,448926.2,239314.8,351570.6,193167.3,192232.5,266959.6,192232.5
76,0.00561,0.0056,0.00559,0.00558,0.00557,0.00556,0.00555,0.00554,0.00553,0.00552,0.00562,0.00563,0.00564,0.00565,0.00566,0.00567,0.00568,0.00569,0.0057,0.00571,192339.3,865502.6,1465547.8,1480425,631584.5,444450,249990,192232.5,499408.1,228348.2,572651.6,730210.6,764364.6,448926.2,239314.8,351570.6,193167.3,192232.5,266959.6,192232.5
77,0.00561,0.0056,0.00559,0.00558,0.00557,0.00556,0.00555,0.00554,0.00553,0.00552,0.00562,0.00563,0.00564,0.00565,0.00566,0.00567,0.00568,0.00569,0.0057,0.00571,193309.1,865502.6,1321452.9,1483461.6,624111.2,444450,249990,192232.5,499408.1,228348.2,595855.4,708008.1,764364.6,448926.2,239314.8,351570.6,193167.3,192232.5,266959.6,192232.5
78,0.00561,0.0056,0.00559,0.00558,0.00557,0.00556,0.00555,0.00554,0.00553,0.00552,0.00562,0.00563,0.00564,0.00565,0.00566,0.00567,0.00568,0.00569,0.0057,0.00571,230004.3,865502.6,1434489.5,1483369.5,624111.2,444450,249990,192232.5,499408.1,228348.2,195033.1,903056.2,764364.6,448926.2,239314.8,351570.6,193167.3,192232.5,266959.6,192232.5
79,0.00561,0.0056,0.00559,0.00558,0.00557,0.00556,0.00555,0.00554,0.00553,0.00552,0.00562,0.00563,0.00564,0.00565,0.00566,0.00567,0.00568,0.00569,0.0057,0.00571,193309.1,1009546.6,1636078.3,1077811.5,541903.6,444450,249990,192232.5,499408.1,228348.2,400488.1,730212,764364.6,448926.2,239314.8,351570.6,193167.3,192232.5,266959.6,192232.5
80,0.00561,0.0056,0.00559,0.00558,0.00557,0.00556,0.00555,0.00554,0.00553,0.00552,0.00562,0.00563,0.00564,0.00565,0.00566,0.00567,0.00568,0.00569,0.0057,0.00571,192190.5,1109172.9,1636078.3,1077834.2,541903.6,444450,249990,192232.5,499408.1,228348.2,423846,879669.5,764364.6,448926.2,239314.8,351570.6,193167.3,192232.5,266959.6,192232.5
81,0.00561,0.0056,0.00559,0.00558,0.00557,0.00556,0.00555,0.00554,0.00553,0.00552,0.00562,0.00563,0.00564,0.00565,0.00566,0.00567,0.00568,0.00569,0.0057,0.00571,21219.8,1086855.1,1170942.7,1606627.4,500642.3,479725.7,249990,192232.5,670378.8,228348.2,459137.9,879642.5,775488,437798.5,239314.8,351570.6,193167.3,192232.5,266959.6,192232.5
82,0.00561,0.0056,0.00559,0.00558,0.00557,0.00556,0.00555,0.00554,0.00553,0.00552,0.00562,0.00563,0.00564,0.00565,0.00566,0.00567,0.00568,0.00569,0.0057,0.00571,21219.8,1083186.1,1144477.1,1594418,511756.1,479725.7,248909,192232.5,670378.8,227261.3,459137.9,879618.6,774418.5,436729,239314.8,316582.9,193167.3,192232.5,266959.6,192232.5
83,0.00561,0.0056,0.00559,0.00558,0.00557,0.00556,0.00555,0.00554,0.00553,0.00552,0.00562,0.00563,0.00564,0.00565,0.00566,0.00567,0.00568,0.00569,0.0057,0.00571,226368.5,1109937.6,1117591,1509682.4,593963.7,444450,248909,192232.5,499408.1,227261.3,371375,937689.6,893814.1,436729,239314.8,355202.6,193167.3,192232.5,197366.8,192232.5
84,0.00561,0.0056,0.00559,0.00558,0.00557,0.00556,0.00555,0.00554,0.00553,0.00552,0.00562,0.00563,0.00564,0.00565,0.00566,0.00567,0.00568,0.00569,0.0057,0.00571,192272.4,1039031.1,1515219,1017230.2,593963.7,444450,248909,192232.5,499408.1,227261.3,489654.7,880692.3,763295.1,447954.1,239314.8,355202.6,193167.3,192232.5,197366.8,192232.5
85,0.00561,0.0056,0.00559,0.00558,0.00557,0.00556,0.00555,0.00554,0.00553,0.00552,0.00562,0.00563,0.00564,0.00565,0.00566,0.00567,0.00568,0.00569,0.0057,0.00571,232376.1,1183017.1,1546268.2,1028518.1,582849.9,444450,248909,192232.5,499408.1,190871.6,261957.7,902873.8,794045.5,412401.7,239314.8,390629.6,193167.3,192232.5,197366.8,192232.5
86,0.00562,0.00561,0.0056,0.00559,0.00558,0.00557,0.00556,0.00555,0.00554,0.00553,0.00563,0.00564,0.00565,0.00566,0.00567,0.00568,0.00569,0.0057,0.00571,0.00572,228693.3,1168683.4,1023490.3,1562301.6,595261,579482.3,281119.3,248909,21261.8,499408.1,102551.3,677884,488692.1,388522.1,417484.3,249287.2,192232.5,197366.8,192232.5,15162.5
87,0.00562,0.00561,0.0056,0.00559,0.00558,0.00557,0.00556,0.00555,0.00554,0.00553,0.00563,0.00564,0.00565,0.00566,0.00567,0.00568,0.00569,0.0057,0.00571,0.00572,192190.5,966262.9,1277899.5,1515210.6,595261,578999,281119.3,248909,21261.8,499408.1,238440.9,775231.2,603392,733311.6,417484.3,249287.2,192232.5,197366.8,192232.5,15162.5
88,0.00561,0.0056,0.00559,0.00558,0.00557,0.00556,0.00555,0.00554,0.00553,0.00552,0.00562,0.00563,0.00564,0.00565,0.00566,0.00567,0.00568,0.00569,0.0057,0.00571,295572.9,1141186,2043092.1,595261,618714.2,281119.3,248909,192232.5,499408.1,227261.3,968,665640.2,484776,603392,605943.8,417484.3,213337,192232.5,197366.8,192232.5
89,0.00562,0.00561,0.0056,0.00559,0.00558,0.00557,0.00556,0.00555,0.00554,0.00553,0.00563,0.00564,0.00565,0.00566,0.00567,0.00568,0.00569,0.0057,0.00571,0.00572,210826,966804.3,833998.1,1870515,595261,618714.2,281119.3,248909,21261.8,499408.1,230982.4,566115.8,674196.6,730562.9,417484.3,249119.3,192232.5,197366.8,192232.5,15162.5
90,0.00562,0.00561,0.0056,0.00559,0.00558,0.00557,0.00556,0.00555,0.00554,0.00553,0.00563,0.00564,0.00565,0.00566,0.00567,0.00568,0.00569,0.0057,0.00571,0.00572,286688.6,1147636.5,1206562.4,1367148,583946.7,544828.4,281119.3,269364.7,21261.8,478735.9,969.8,592206.8,726376.7,741564.1,459330.6,263316.9,212885.1,197366.8,192232.5,15162.5
91,0.00563,0.00562,0.00561,0.0056,0.00559,0.00558,0.00557,0.00556,0.00555,0.00554,0.00564,0.00565,0.00566,0.00567,0.00568,0.00569,0.0057,0.00571,0.00572,0.00573,192188.7,970967.2,1055099.5,1088947.1,978016.7,501886.4,544828.4,281119.3,98394,21261.8,325190,810436.5,741564.1,580153.2,263316.9,212885.1,197366.8,192232.5,15162.5,22737.1
92,0.00563,0.00562,0.00561,0.0056,0.00559,0.00558,0.00557,0.00556,0.00555,0.00554,0.00564,0.00565,0.00566,0.00567,0.00568,0.00569,0.0057,0.00571,0.00572,0.00573,229602.6,660115.3,1011973.1,1438696.2,982932.4,468012.8,387299.2,281119.3,98394,57520.1,194328.5,810410.5,822636.7,544726.2,263316.9,282279.9,197366.8,192232.5,15162.5,22737.1
93,0.00563,0.00562,0.00561,0.0056,0.00559,0.00558,0.00557,0.00556,0.00555,0.00554,0.00564,0.00565,0.00566,0.00567,0.00568,0.00569,0.0057,0.00571,0.00572,0.00573,192188.7,660115.3,1497232.1,952065.2,982905.6,461284.9,387299.2,281119.3,98394,57520.1,236357.8,891593.7,741564.1,544726.2,263316.9,282279.9,197366.8,192232.5,15162.5,22737.1
94,0.00563,0.00562,0.00561,0.0056,0.00559,0.00558,0.00557,0.00556,0.00555,0.00554,0.00564,0.00565,0.00566,0.00567,0.00568,0.00569,0.0057,0.00571,0.00572,0.00573,229735.8,786641.7,1129319.4,952065.2,982880.9,461284.9,387299.2,281119.3,98394,57520.1,194322.5,719759.2,741564.1,544726.2,263316.9,282279.9,197366.8,192232.5,15162.5,22737.1
95,0.00563,0.00562,0.00561,0.0056,0.00559,0.00558,0.00557,0.00556,0.00555,0.00554,0.00564,0.00565,0.00566,0.00567,0.00568,0.00569,0.0057,0.00571,0.00572,0.00573,229735.8,958422.3,1617554.8,952065.2,636885.6,461284.9,387299.2,281119.3,98394,57520.1,194322.5,891539.8,741564.1,544726.2,263316.9,282279.9,197366.8,192232.5,15162.5,22737.1
96,0.00563,0.00562,0.00561,0.0056,0.00559,0.00558,0.00557,0.00556,0.00555,0.00554,0.00564,0.00565,0.00566,0.00567,0.00568,0.00569,0.0057,0.00571,0.00572,0.00573,229735.8,958673.3,1474119.8,1023998.9,595650.4,461284.9,387299.2,281119.3,98394,57520.1,194322.5,891510.8,741564.1,544726.2,263316.9,282279.9,197366.8,192232.5,15162.5,22737.1
97,0.00563,0.00562,0.00561,0.0056,0.00559,0.00558,0.00557,0.00556,0.00555,0.00554,0.00564,0.00565,0.00566,0.00567,0.00568,0.00569,0.0057,0.00571,0.00572,0.00573,227688,1102076.8,1474119.8,1023998.9,595659.9,461284.9,387299.2,281119.3,98394,21261.8,194322.5,891487.9,741564.1,544726.2,263316.9,282279.9,197366.8,192232.5,15162.5,22737.1
98,0.00563,0.00562,0.00561,0.0056,0.00559,0.00558,0.00557,0.00556,0.00555,0.00554,0.00564,0.00565,0.00566,0.00567,0.00568,0.00569,0.0057,0.00571,0.00572,0.00573,19170.2,1044767.7,1526344.9,1023998.9,595729.8,497696,387299.2,281119.3,270445.7,21261.8,229097.6,891469.9,741564.1,545791.9,263316.9,282279.9,197366.8,192232.5,15162.5,22737.1
99,0.00562,0.00561,0.0056,0.00559,0.00558,0.00557,0.00556,0.00555,0.00554,0.00553,0.00563,0.00564,0.00565,0.00566,0.00567,0.00568,0.00569,0.0057,0.00571,0.00572,210826,911959.1,2118662.3,595900.9,497696,424470.5,281119.3,270445.7,21261.8,478735.9,230882.5,749616.8,589440.9,741564.1,502618.8,228949.6,212885.1,197366.8,192232.5,15162.5
100,0.00562,0.00561,0.0056,0.00559,0.00558,0.00557,0.00556,0.00555,0.00554,0.00553,0.00563,0.00564,0.00565,0.00566,0.00567,0.00568,0.00569,0.0057,0.00571,0.00572,21219.8,511843.1,1104824,1703760.2,684026.5,494176.9,281119.3,270445.7,192232.5,478735.9,299549.1,766114.4,561472,730562.9,460396.3,193167.3,212885.1,197366.8,192232.5,15162.5
101,0.00562,0.00561,0.0056,0.00559,0.00558,0.00557,0.00556,0.00555,0.00554,0.00553,0.00563,0.00564,0.00565,0.00566,0.00567,0.00568,0.00569,0.0057,0.00571,0.00572,59975.2,1002193.4,805939,1703760.2,684019.9,460533.6,281119.3,270445.7,192232.5,478735.9,193305.8,663613.8,735097.7,730562.9,460396.3,232605.6,212885.1,197366.8,192232.5,15162.5
102,0.00562,0.00561,0.0056,0.00559,0.00558,0.00557,0.00556,0.00555,0.00554,0.00553,0.00563,0.00564,0.00565,0.00566,0.00567,0.00568,0.00569,0.0057,0.00571,0.00572,21219.8,981617.1,807219.4,1703760.2,684013,460533.6,281119.3,270445.7,192232.5,478735.9,229280.1,663613.8,733388.8,730562.9,460396.3,232605.6,212885.1,197366.8,192232.5,15162.5
103,0.00562,0.00561,0.0056,0.00559,0.00558,0.00557,0.00556,0.00555,0.00554,0.00553,0.00563,0.00564,0.00565,0.00566,0.00567,0.00568,0.00569,0.0057,0.00571,0.00572,21219.8,837975.3,807219.4,1703760.2,591120.1,460533.6,281119.3,270445.7,228490.8,515059.8,229280.1,840317.9,561472,730562.9,460396.3,232605.6,212885.1,197366.8,192232.5,15162.5
104,0.00562,0.00561,0.0056,0.00559,0.00558,0.00557,0.00556,0.00555,0.00554,0.00553,0.00563,0.00564,0.00565,0.00566,0.00567,0.00568,0.00569,0.0057,0.00571,0.00572,192190.5,981568.6,807219.4,1785760.8,601792.5,460533.6,281119.3,270445.7,93778.4,515059.8,229280.1,815661.8,561472,730562.9,460396.3,232605.6,212885.1,197366.8,192232.5,15162.5
105,0.00562,0.00561,0.0056,0.00559,0.00558,0.00557,0.00556,0.00555,0.00554,0.00553,0.00563,0.00564,0.00565,0.00566,0.00567,0.00568,0.00569,0.0057,0.00571,0.00572,265740.5,1053612.7,838753.8,1797010.7,590479.7,423362.3,281119.3,270445.7,93778.4,515059.8,191154.8,778782.2,554155.5,741817.7,460396.3,267901.1,212885.1,197366.8,192232.5,15162.5
106,0.00562,0.00561,0.0056,0.00559,0.00558,0.00557,0.00556,0.00555,0.00554,0.00553,0.00563,0.00564,0.00565,0.00566,0.00567,0.00568,0.00569,0.0057,0.00571,0.00572,229441.9,1107669.9,1271095.6,1403099.5,497696,343780.8,281119.3,270445.7,93778.4,515059.8,191154.8,835788.1,550447.3,741817.7,460396.3,232605.6,212885.1,197366.8,192232.5,15162.5
107,0.00562,0.00561,0.0056,0.00559,0.00558,0.00557,0.00556,0.00555,0.00554,0.00553,0.00563,0.00564,0.00565,0.00566,0.00567,0.00568,0.00569,0.0057,0.00571,0.00572,228341.3,1054638.2,1324752.7,1403198.9,497696,343780.8,281119.3,270445.7,93778.4,515059.8,227539.8,837443,550447.3,741817.7,460396.3,232605.6,212885.1,197366.8,192232.5,15162.5
108,0.00562,0.00561,0.0056,0.00559,0.00558,0.00557,0.00556,0.00555,0.00554,0.00553,0.00563,0.00564,0.00565,0.00566,0.00567,0.00568,0.00569,0.0057,0.00571,0.00572,229441.2,963870.4,1271100.1,1403198.9,497696,343780.8,281119.3,270445.7,93778.4,515059.8,191154.8,829529.2,550447.3,741817.7,460396.3,232605.6,212885.1,197366.8,192232.5,15162.5
109,0.00562,0.00561,0.0056,0.00559,0.00558,0.00557,0.00556,0.00555,0.00554,0.00553,0.00563,0.00564,0.00565,0.00566,0.00567,0.00568,0.00569,0.0057,0.00571,0.00572,228341.3,1054587.7,1325875.5,1403198.9,497696,343780.8,281119.3,270445.7,93778.4,515059.8,192283.7,785086,550447.3,741817.7,460396.3,232605.6,212885.1,197366.8,192232.5,15162.5
110,0.00562,0.00561,0.0056,0.00559,0.00558,0.00557,0.00556,0.00555,0.00554,0.00553,0.00563,0.00564,0.00565,0.00566,0.00567,0.00568,0.00569,0.0057,0.00571,0.00572,234281.3,980421.2,1183975.5,1544383.9,497696,343780.8,281119.3,270445.7,93778.4,515059.8,192265.4,778667.2,561495.2,730562.9,460396.3,232605.6,212885.1,197366.8,192232.5,15162.5
111,0.00562,0.00561,0.0056,0.00559,0.00558,0.00557,0.00556,0.00555,0.00554,0.00553,0.00563,0.00564,0.00565,0.00566,0.00567,0.00568,0.00569,0.0057,0.00571,0.00572,235407.7,1033891.2,1129974.7,1544383.9,497696,343780.8,281119.3,270445.7,93778.4,515059.8,191154.8,776037.1,554155.5,741866.3,460396.3,232605.6,212885.1,197366.8,192232.5,15162.5
112,0.00562,0.00561,0.0056,0.00559,0.00558,0.00557,0.00556,0.00555,0.00554,0.00553,0.00563,0.00564,0.00565,0.00566,0.00567,0.00568,0.00569,0.0057,0.00571,0.00572,235402.9,964405.3,1129974.7,1544383.9,497696,343780.8,281119.3,270445.7,93778.4,515059.8,19300.7,776017,554155.5,741866.3,460396.3,267901.1,212885.1,197366.8,192232.5,15162.5
113,0.00562,0.00561,0.0056,0.00559,0.00558,0.00557,0.00556,0.00555,0.00554,0.00553,0.00563,0.00564,0.00565,0.00566,0.00567,0.00568,0.00569,0.0057,0.00571,0.00572,235402.9,1287356.5,1436882.6,1028361.2,497696,304906.4,281119.3,270445.7,93778.4,515059.8,19300.7,626167.6,725804.8,741866.3,460396.3,267901.1,212885.1,197366.8,192232.5,15162.5
114,0.00563,0.00562,0.00561,0.0056,0.00559,0.00558,0.00557,0.00556,0.00555,0.00554,0.00564,0.00565,0.00566,0.00567,0.00568,0.00569,0.0057,0.00571,0.00572,0.00573,21218,861373,738972.2,1506533.6,952805.3,497696,268843.3,281119.3,270445.7,93778.4,310361.2,809781.7,784088.8,540364.8,267901.1,246800.1,197366.8,192232.5,15162.5,22737.1
115,0.00563,0.00562,0.00561,0.0056,0.00559,0.00558,0.00557,0.00556,0.00555,0.00554,0.00564,0.00565,0.00566,0.00567,0.00568,0.00569,0.0057,0.00571,0.00572,0.00573,21218,718043.8,738972.2,1557531.4,877353.2,497696,268843.3,281119.3,270445.7,93778.4,229087.5,890978.8,784088.8,540364.8,267901.1,246800.1,197366.8,192232.5,15162.5,22737.1
116,0.00563,0.00562,0.00561,0.0056,0.00559,0.00558,0.00557,0.00556,0.00555,0.00554,0.00564,0.00565,0.00566,0.00567,0.00568,0.00569,0.0057,0.00571,0.00572,0.00573,21218,632282.4,1133434.6,1070900.4,877390.8,497696,268843.3,281119.3,270445.7,93778.4,229087.5,719679.4,784088.8,540364.8,267901.1,246800.1,197366.8,192232.5,15162.5,22737.1
117,0.00563,0.00562,0.00561,0.0056,0.00559,0.00558,0.00557,0.00556,0.00555,0.00554,0.00564,0.00565,0.00566,0.00567,0.00568,0.00569,0.0057,0.00571,0.00572,0.00573,21218,632282.4,1308952.6,1070900.4,873113.5,497696,268843.3,281119.3,270445.7,93778.4,226200.9,890930.9,784088.8,540364.8,267901.1,246800.1,197366.8,192232.5,15162.5,22737.1
118,0.00563,0.00562,0.00561,0.0056,0.00559,0.00558,0.00557,0.00556,0.00555,0.00554,0.00564,0.00565,0.00566,0.00567,0.00568,0.00569,0.0057,0.00571,0.00572,0.00573,230841.5,442289.7,1789779.7,1081964.4,509075.9,462360.1,268843.3,281119.3,99475,93778.4,189248.2,749498,651874.5,436110.2,267901.1,282102.6,197366.8,192232.5,15162.5,22737.1
119,0.00563,0.00562,0.00561,0.0056,0.00559,0.00558,0.00557,0.00556,0.00555,0.00554,0.00564,0.00565,0.00566,0.00567,0.00568,0.00569,0.0057,0.00571,0.00572,0.00573,293421.2,865580.8,1295860.2,1146061.9,409841.7,428253.1,268843.3,317247.2,99475,57520.1,1979.8,654380,352357.5,849456.5,267901.1,296429.1,217859.3,192232.5,186133.2,22737.1
120,0.00563,0.00562,0.00561,0.0056,0.00559,0.00558,0.00557,0.00556,0.00555,0.00554,0.00564,0.00565,0.00566,0.00567,0.00568,0.00569,0.0057,0.00571,0.00572,0.00573,365209.1,913388.1,1794221.4,647913.8,409841.7,428253.1,268843.3,317247.2,99475,57520.1,964.2,554174.1,400456.6,758979.2,267901.1,296429.1,308336.6,192232.5,186133.2,193707.8
121,0.00564,0.00563,0.00562,0.00561,0.0056,0.00559,0.00558,0.00557,0.00556,0.00555,0.00565,0.00566,0.00567,0.00568,0.00569,0.0057,0.00571,0.00572,0.00573,0.00574,189443.9,758921.4,625247.6,1418380.5,771393.8,409841.7,428253.1,268843.3,146276.5,99475,355447,578889.8,736950.1,294277.1,272424.8,342969.2,227411.3,186133.2,193707.8,20250
122,0.00564,0.00563,0.00562,0.00561,0.0056,0.00559,0.00558,0.00557,0.00556,0.00555,0.00565,0.00566,0.00567,0.00568,0.00569,0.0057,0.00571,0.00572,0.00573,0.00574,189443.9,832755,1110153.6,1014495.5,807267.8,370494.1,428253.1,268843.3,182404.4,99475,261106.9,722639,736950.1,294277.1,272424.8,342969.2,227411.3,186133.2,193707.8,20250
123,0.00564,0.00563,0.00562,0.00561,0.0056,0.00559,0.00558,0.00557,0.00556,0.00555,0.00565,0.00566,0.00567,0.00568,0.00569,0.0057,0.00571,0.00572,0.00573,0.00574,188337,616958.8,1454690.8,1018501.7,931756,370494.1,299362.5,268843.3,182404.4,99475,262236.2,713047.5,736950.1,294277.1,272424.8,342969.2,227411.3,186133.2,193707.8,20250
124,0.00564,0.00563,0.00562,0.00561,0.0056,0.00559,0.00558,0.00557,0.00556,0.00555,0.00565,0.00566,0.00567,0.00568,0.00569,0.0057,0.00571,0.00572,0.00573,0.00574,188337,851246,1643675.4,972355.6,931739.6,370494.1,299362.5,268843.3,182404.4,99475,262229.3,895433.4,871275.6,375595.9,272424.8,342969.2,227411.3,186133.2,193707.8,20250
125,0.00564,0.00563,0.00562,0.00561,0.0056,0.00559,0.00558,0.00557,0.00556,0.00555,0.00565,0.00566,0.00567,0.00568,0.00569,0.0057,0.00571,0.00572,0.00573,0.00574,259346.7,1088242.8,1478433.2,983366.3,920677.7,370494.1,299362.5,289373,182404.4,79019.3,54978.9,931734.3,832926.3,371186.9,272424.8,361318.5,247613.4,186133.2,193707.8,20250
126,0.00564,0.00563,0.00562,0.00561,0.0056,0.00559,0.00558,0.00557,0.00556,0.00555,0.00565,0.00566,0.00567,0.00568,0.00569,0.0057,0.00571,0.00572,0.00573,0.00574,259346.7,1140738.9,1425488.7,958618.8,970721.1,334967.7,299362.5,289373,182404.4,79019.3,65706.1,742094.6,471744.9,417818.4,272424.8,361318.5,247613.4,186133.2,193707.8,20250
127,0.00565,0.00564,0.00563,0.00562,0.00561,0.0056,0.00559,0.00558,0.00557,0.00556,0.00566,0.00567,0.00568,0.00569,0.0057,0.00571,0.00572,0.00573,0.00574,0.00575,245924,1036065.6,1048760,1414152.2,479252.5,833253.6,299033.7,299362.5,118402.3,143599.7,40755.2,717748,598490.4,833952.6,361318.5,266442.5,206318.2,193707.8,226215.7,22896.1
128,0.00565,0.00564,0.00563,0.00562,0.00561,0.0056,0.00559,0.00558,0.00557,0.00556,0.00566,0.00567,0.00568,0.00569,0.0057,0.00571,0.00572,0.00573,0.00574,0.00575,211023.3,1036028.7,1563578.2,898406.1,479289.3,751321.6,299033.7,299362.5,118402.3,143599.7,233810.7,735658.7,590320.2,833952.6,361318.5,231853.1,206318.2,193707.8,226215.7,22896.1
129,0.00565,0.00564,0.00563,0.00562,0.00561,0.0056,0.00559,0.00558,0.00557,0.00556,0.00566,0.00567,0.00568,0.00569,0.0057,0.00571,0.00572,0.00573,0.00574,0.00575,251608.5,893285.6,1706296.3,898229,386977.7,751321.6,299033.7,299362.5,118402.3,143599.7,233810.7,681144.6,631021.6,833952.6,361318.5,266442.5,206318.2,193707.8,226215.7,22896.1
130,0.00565,0.00564,0.00563,0.00562,0.00561,0.0056,0.00559,0.00558,0.00557,0.00556,0.00566,0.00567,0.00568,0.00569,0.0057,0.00571,0.00572,0.00573,0.00574,0.00575,211023.3,722948.4,1876598.5,898229,479314,751321.6,299033.7,299362.5,118402.3,107471.8,233810.7,722892,590320.2,833952.6,361318.5,231853.1,241435.5,193707.8,191220.7,22896.1
131,0.00564,0.00563,0.00562,0.00561,0.0056,0.00559,0.00558,0.00557,0.00556,0.00555,0.00565,0.00566,0.00567,0.00568,0.00569,0.0057,0.00571,0.00572,0.00573,0.00574,224933.3,1112859.7,1961602.3,489129.5,797466.9,299033.7,299362.5,289373,107471.8,77595.6,210958.2,952096.1,915431.5,422511.2,370862.3,361318.5,192232.5,241435.5,193707.8,191220.7
132,0.00564,0.00563,0.00562,0.00561,0.0056,0.00559,0.00558,0.00557,0.00556,0.00555,0.00565,0.00566,0.00567,0.00568,0.00569,0.0057,0.00571,0.00572,0.00573,0.00574,224933.3,1112829.8,1916691.3,530070.5,676641.2,334158,299362.5,289373,107471.8,41402.6,210958.2,1005870.8,915431.5,422511.2,370862.3,322476.7,192232.5,241435.5,193707.8,191220.7
133,0.00564,0.00563,0.00562,0.00561,0.0056,0.00559,0.00558,0.00557,0.00556,0.00555,0.00565,0.00566,0.00567,0.00568,0.00569,0.0057,0.00571,0.00572,0.00573,0.00574,190409.1,1039900.4,1073875,1374655.8,676641.2,369215.3,299362.5,289373,107471.8,41402.6,244887,1055756.2,811723.3,422511.2,370862.3,357717.3,192232.5,206318.2,193707.8,191220.7
134,0.00564,0.00563,0.00562,0.00561,0.0056,0.00559,0.00558,0.00557,0.00556,0.00555,0.00565,0.00566,0.00567,0.00568,0.00569,0.0057,0.00571,0.00572,0.00573,0.00574,18328.7,898102.5,1073875,1338849.9,676641.2,405149.3,299362.5,289373,242314.6,41402.6,245988.3,773225.7,982237.7,422511.2,370862.3,357717.3,192232.5,206318.2,193707.8,191220.7
135,0.00564,0.00563,0.00562,0.00561,0.0056,0.00559,0.00558,0.00557,0.00556,0.00555,0.00565,0.00566,0.00567,0.00568,0.00569,0.0057,0.00571,0.00572,0.00573,0.00574,222992.7,870536.6,1111023.2,1297908.9,676641.2,370092,299362.5,289373,71343.9,41402.6,245988.3,709224.3,881330.5,411469.2,370862.3,357717.3,212632.2,186133.2,193707.8,191220.7
136,0.00564,0.00563,0.00562,0.00561,0.0056,0.00559,0.00558,0.00557,0.00556,0.00555,0.00565,0.00566,0.00567,0.00568,0.00569,0.0057,0.00571,0.00572,0.00573,0.00574,222992.7,1041044.3,1596421.9,817009.9,676641.2,370092,299362.5,289373,35216,41402.6,227111.6,823794.8,417282.7,422692.2,370862.3,357717.3,212632.2,186133.2,193707.8,191220.7
137,0.00564,0.00563,0.00562,0.00561,0.0056,0.00559,0.00558,0.00557,0.00556,0.00555,0.00565,0.00566,0.00567,0.00568,0.00569,0.0057,0.00571,0.00572,0.00573,0.00574,18328.7,1041020.5,1111515.9,1301915.9,676641.2,404434.7,299362.5,289373,206186.7,41402.6,263451.5,811246.2,428507.4,411469.2,370862.3,323084.7,212632.2,186133.2,193707.8,191220.7
138,0.00563,0.00562,0.00561,0.0056,0.00559,0.00558,0.00557,0.00556,0.00555,0.00554,0.00564,0.00565,0.00566,0.00567,0.00568,0.00569,0.0057,0.00571,0.00572,0.00573,21214.2,866118.8,1485888.4,1517198,415933.9,341398.6,268843.3,206186.7,232982.2,57520.1,236574.5,731018.9,677978.1,777365.5,323292.5,279292,287844.1,212632.2,186133.2,193707.8
139,0.00563,0.00562,0.00561,0.0056,0.00559,0.00558,0.00557,0.00556,0.00555,0.00554,0.00564,0.00565,0.00566,0.00567,0.00568,0.00569,0.0057,0.00571,0.00572,0.00573,21214.2,968631.7,1526786,1517198,415933.9,341398.6,268843.3,206186.7,232982.2,21261.8,236574.5,731231.6,688984.2,766140.8,323292.5,279292,308518.6,192232.5,186133.2,193707.8
140,0.00563,0.00562,0.00561,0.0056,0.00559,0.00558,0.00557,0.00556,0.00555,0.00554,0.00564,0.00565,0.00566,0.00567,0.00568,0.00569,0.0057,0.00571,0.00572,0.00573,21214.2,965167.5,1477697.2,1164124.8,415933.9,341398.6,268843.3,206186.7,232982.2,21261.8,236574.5,611625.1,705298,421371.4,323292.5,279292,308518.6,192232.5,186133.2,193707.8
141,0.00563,0.00562,0.00561,0.0056,0.00559,0.00558,0.00557,0.00556,0.00555,0.00554,0.00564,0.00565,0.00566,0.00567,0.00568,0.00569,0.0057,0.00571,0.00572,0.00573,21214.2,790249.7,1477697.2,1182149.1,426969.8,341398.6,268843.3,206186.7,232982.2,21261.8,236574.5,561473.4,617042.8,421371.4,312493.7,279292,308518.6,192232.5,186133.2,193707.8
142,0.00563,0.00562,0.00561,0.0056,0.00559,0.00558,0.00557,0.00556,0.00555,0.00554,0.00564,0.00565,0.00566,0.00567,0.00568,0.00569,0.0057,0.00571,0.00572,0.00573,21214.2,946912.7,1004374.8,1925719.7,519757.4,341398.6,268843.3,206186.7,232982.2,21261.8,244629.2,732152.2,405786,461836.2,312493.7,279292,308518.6,192232.5,186133.2,193707.8
143,0.00563,0.00562,0.00561,0.0056,0.00559,0.00558,0.00557,0.00556,0.00555,0.00554,0.00564,0.00565,0.00566,0.00567,0.00568,0.00569,0.0057,0.00571,0.00572,0.00573,21214.2,928509.8,1004374.7,1872949,519751.2,341398.6,268843.3,206186.7,232982.2,21261.8,244629.2,732130.2,405786,461836.2,312493.7,279292,308518.6,192232.5,186133.2,193707.8
144,0.00563,0.00562,0.00561,0.0056,0.00559,0.00558,0.00557,0.00556,0.00555,0.00554,0.00564,0.00565,0.00566,0.00567,0.00568,0.00569,0.0057,0.00571,0.00572,0.00573,254578.8,1104296.2,1355598.7,1522413.4,519705.2,299362.5,268843.3,206186.7,62011.5,21261.8,192184.9,686325.5,394779.9,472871.6,312493.7,313718,308518.6,192232.5,186133.2,193707.8
145,0.00564,0.00563,0.00562,0.00561,0.0056,0.00559,0.00558,0.00557,0.00556,0.00555,0.00565,0.00566,0.00567,0.00568,0.00569,0.0057,0.00571,0.00572,0.00573,0.00574,210962.7,990836.6,1335697.7,1172194.9,914677.9,474259.4,299362.5,268843.3,206186.7,62011.5,227110.8,877886.4,871828.4,370773.9,313718,382152,192232.5,186133.2,193707.8,191220.7
146,0.00564,0.00563,0.00562,0.00561,0.0056,0.00559,0.00558,0.00557,0.00556,0.00555,0.00565,0.00566,0.00567,0.00568,0.00569,0.0057,0.00571,0.00572,0.00573,0.00574,250388.1,966423.6,1263179,1126212.7,1007206.5,381591.2,299362.5,268843.3,206186.7,62011.5,193298.4,772739.8,484486,411210.4,313718,382152,192232.5,186133.2,193707.8,191220.7
147,0.00563,0.00562,0.00561,0.0056,0.00559,0.00558,0.00557,0.00556,0.00555,0.00554,0.00564,0.00565,0.00566,0.00567,0.00568,0.00569,0.0057,0.00571,0.00572,0.00573,606395.1,1392548.3,1611548.7,1007268,420680.1,299362.5,268843.3,206186.7,62011.5,57520.1,21214.2,450340.7,737093.3,491437.6,317565.6,313718,343759.2,192232.5,186133.2,193707.8
148,0.00563,0.00562,0.00561,0.0056,0.00559,0.00558,0.00557,0.00556,0.00555,0.00554,0.00564,0.00565,0.00566,0.00567,0.00568,0.00569,0.0057,0.00571,0.00572,0.00573,911829.9,1419026.1,1506952.1,1011370.3,420680.1,299362.5,268843.3,206186.7,62011.5,57520.1,21214.2,567802.7,566715.2,531902.4,277129.1,313772.5,343759.2,192232.5,186133.2,193707.8
149,0.00563,0.00562,0.00561,0.0056,0.00559,0.00558,0.00557,0.00556,0.00555,0.00554,0.00564,0.00565,0.00566,0.00567,0.00568,0.00569,0.0057,0.00571,0.00572,0.00573,882625.8,1419237.9,1267676.1,1011364.2,420680.1,299362.5,268843.3,206186.7,62011.5,57520.1,21214.2,573521.1,648476.4,830793.1,277129.1,313772.5,343759.2,192232.5,186133.2,193707.8
150,0.00563,0.00562,0.00561,0.0056,0.00559,0.00558,0.00557,0.00556,0.00555,0.00554,0.00564,0.00565,0.00566,0.00567,0.00568,0.00569,0.0057,0.00571,0.00572,0.00573,642336.3,1491873,1589737.2,1011392.9,420680.1,299362.5,268843.3,206186.7,62011.5,57520.1,21214.2,740523.7,526391.6,790328.3,277129.1,313772.5,343759.2,192232.5,186133.2,193707.8
151,0.00563,0.00562,0.00561,0.0056,0.00559,0.00558,0.00557,0.00556,0.00555,0.00554,0.00564,0.00565,0.00566,0.00567,0.00568,0.00569,0.0057,0.00571,0.00572,0.00573,645289.4,1723681.6,1548676.6,1052428.4,420680.1,299362.5,268843.3,206186.7,62011.5,57520.1,21214.2,740500.7,526391.6,790328.3,277129.1,313772.5,343759.2,192232.5,186133.2,193707.8
152,0.00563,0.00562,0.00561,0.0056,0.00559,0.00558,0.00557,0.00556,0.00555,0.00554,0.00564,0.00565,0.00566,0.00567,0.00568,0.00569,0.0057,0.00571,0.00572,0.00573,574241.5,1598974,1548676.6,1052428.4,420680.1,299362.5,268843.3,206186.7,62011.5,57520.1,21214.2,742345.4,526391.6,790328.3,277129.1,313772.5,343759.2,192232.5,186133.2,193707.8
153,0.00563,0.00562,0.00561,0.0056,0.00559,0.00558,0.00557,0.00556,0.00555,0.00554,0.00564,0.00565,0.00566,0.00567,0.00568,0.00569,0.0057,0.00571,0.00572,0.00573,574241.5,1599038,1308841.6,1052428.4,420680.1,299362.5,268843.3,206186.7,62011.5,57520.1,21214.2,742321.4,526391.6,790328.3,277129.1,313772.5,343759.2,192232.5,186133.2,193707.8
154,0.00563,0.00562,0.00561,0.0056,0.00559,0.00558,0.00557,0.00556,0.00555,0.00554,0.00564,0.00565,0.00566,0.00567,0.00568,0.00569,0.0057,0.00571,0.00572,0.00573,428177.3,1699088.9,1607427.8,959813.6,420680.1,299362.5,268843.3,206186.7,62011.5,57520.1,192184.9,750264.8,526391.6,790328.3,277129.1,313772.5,343759.2,192232.5,186133.2,193707.8
155,0.00563,0.00562,0.00561,0.0056,0.00559,0.00558,0.00557,0.00556,0.00555,0.00554,0.00564,0.00565,0.00566,0.00567,0.00568,0.00569,0.0057,0.00571,0.00572,0.00573,21214.2,848397.6,1842134.7,1414751.6,420680.1,362501.1,268843.3,206186.7,232982.2,21261.8,406950.2,621650.5,598710.7,821139.2,312493.7,203530.7,308518.6,192232.5,186133.2,193707.8
156,0.00563,0.00562,0.00561,0.0056,0.00559,0.00558,0.00557,0.00556,0.00555,0.00554,0.00564,0.00565,0.00566,0.00567,0.00568,0.00569,0.0057,0.00571,0.00572,0.00573,21214.2,774395.9,1881833.2,1361982.6,420680.1,362501.1,268843.3,206186.7,232982.2,21261.8,239848.3,841921.3,533860.2,821139.2,312493.7,203530.7,308518.6,192232.5,186133.2,193707.8
157,0.00563,0.00562,0.00561,0.0056,0.00559,0.00558,0.00557,0.00556,0.00555,0.00554,0.00564,0.00565,0.00566,0.00567,0.00568,0.00569,0.0057,0.00571,0.00572,0.00573,1377297.6,978686.1,1418988.6,1361846.9,420680.1,299362.5,268843.3,206186.7,62011.5,21261.8,21214.2,451804,823261.3,832461.8,312493.7,273315,308518.6,192232.5,186133.2,193707.8
158,0.00563,0.00562,0.00561,0.0056,0.00559,0.00558,0.00557,0.00556,0.00555,0.00554,0.00564,0.00565,0.00566,0.00567,0.00568,0.00569,0.0057,0.00571,0.00572,0.00573,192184.9,1014958,1768606.3,1361595.1,420680.1,358603,268843.3,206186.7,62011.5,21261.8,250718.7,739637.2,522683.4,832461.8,312493.7,238676.6,308518.6,192232.5,186133.2,193707.8
159,0.00563,0.00562,0.00561,0.0056,0.00559,0.00558,0.00557,0.00556,0.00555,0.00554,0.00564,0.00565,0.00566,0.00567,0.00568,0.00569,0.0057,0.00571,0.00572,0.00573,227168,1056956.8,1749041.3,1364594.6,420680.1,335348.5,268843.3,206186.7,62011.5,21261.8,226232.7,656345.5,626391.6,872926.6,312493.7,238676.6,308518.6,192232.5,186133.2,193707.8
160,0.00563,0.00562,0.00561,0.0056,0.00559,0.00558,0.00557,0.00556,0.00555,0.00554,0.00564,0.00565,0.00566,0.00567,0.00568,0.00569,0.0057,0.00571,0.00572,0.00573,192184.9,984329,1264406.3,1850361.7,420680.1,369615.1,268843.3,206186.7,62011.5,21261.8,261584.3,705765.8,522683.4,872926.6,312493.7,203530.7,308518.6,192232.5,186133.2,193707.8
161,0.00563,0.00562,0.00561,0.0056,0.00559,0.00558,0.00557,0.00556,0.00555,0.00554,0.00564,0.00565,0.00566,0.00567,0.00568,0.00569,0.0057,0.00571,0.00572,0.00573,192184.9,972030.1,1162936,1963527.5,420680.1,369615.1,268843.3,206186.7,62011.5,21261.8,261584.3,754802,522683.4,832461.8,312493.7,203530.7,308518.6,192232.5,186133.2,193707.8
162,0.00563,0.00562,0.00561,0.0056,0.00559,0.00558,0.00557,0.00556,0.00555,0.00554,0.00564,0.00565,0.00566,0.00567,0.00568,0.00569,0.0057,0.00571,0.00572,0.00573,21214.2,938208.8,1037940.9,1984135,420680.1,369615.1,268843.3,206186.7,212373.3,21261.8,260460.3,718365,522683.4,821139.2,312493.7,203530.7,287844.1,192232.5,186133.2,193707.8
163,0.00563,0.00562,0.00561,0.0056,0.00559,0.00558,0.00557,0.00556,0.00555,0.00554,0.00564,0.00565,0.00566,0.00567,0.00568,0.00569,0.0057,0.00571,0.00572,0.00573,21214.2,822615.1,1523707.9,1498368,420680.1,369615.1,268843.3,206186.7,212373.3,21261.8,260460.3,721303.8,522683.4,821139.2,312493.7,203530.7,287844.1,192232.5,186133.2,193707.8
164,0.00562,0.00561,0.0056,0.00559,0.00558,0.00557,0.00556,0.00555,0.00554,0.00553,0.00563,0.00564,0.00565,0.00566,0.00567,0.00568,0.00569,0.0057,0.00571,0.00572,235423.7,1245799.1,2038051.8,993974.6,381125.5,306676.7,206186.7,212373.3,21261.8,521164.9,210962.7,790566.2,806449,447820.9,375376,277198.2,192232.5,287844.1,192232.5,186133.2
165,0.00562,0.00561,0.0056,0.00559,0.00558,0.00557,0.00556,0.00555,0.00554,0.00553,0.00563,0.00564,0.00565,0.00566,0.00567,0.00568,0.00569,0.0057,0.00571,0.00572,22362.2,1130752.2,2078979.1,993974.6,381125.5,306676.7,206186.7,212373.3,192232.5,521164.9,244848.3,800329.9,806449,447820.9,375376,277198.2,192232.5,287844.1,192232.5,186133.2
166,0.00561,0.0056,0.00559,0.00558,0.00557,0.00556,0.00555,0.00554,0.00553,0.00552,0.00562,0.00563,0.00564,0.00565,0.00566,0.00567,0.00568,0.00569,0.0057,0.00571,399761.5,1468993.2,1825024.1,709955.4,383708.7,206186.7,212373.3,192232.5,521164.9,228348.2,21218,620586.3,535882.5,807595.1,441472.3,375376,237759.9,192232.5,287844.1,192232.5
167,0.00561,0.0056,0.00559,0.00558,0.00557,0.00556,0.00555,0.00554,0.00553,0.00552,0.00562,0.00563,0.00564,0.00565,0.00566,0.00567,0.00568,0.00569,0.0057,0.00571,24214.2,1247094.9,1274513.3,1723723.4,383708.7,277713.9,212373.3,192232.5,692135.6,155568.8,263468.9,517896.8,667842.4,823578.2,364912.2,275431.2,202395.3,192232.5,287844.1,192232.5
168,0.00561,0.0056,0.00559,0.00558,0.00557,0.00556,0.00555,0.00554,0.00553,0.00552,0.00562,0.00563,0.00564,0.00565,0.00566,0.00567,0.00568,0.00569,0.0057,0.00571,195184.9,1200881.2,1262606.7,1723723.4,436761.9,277713.9,212373.3,192232.5,521164.9,155568.8,263468.9,508693.2,670552.5,823578.2,364912.2,275431.2,202395.3,192232.5,287844.1,192232.5
169,0.00561,0.0056,0.00559,0.00558,0.00557,0.00556,0.00555,0.00554,0.00553,0.00552,0.00562,0.00563,0.00564,0.00565,0.00566,0.00567,0.00568,0.00569,0.0057,0.00571,71364.3,1200859.3,1262606.7,1723723.3,436754.5,277713.9,212373.3,192232.5,692135.6,155568.8,263209,554320.8,626784.3,823578.2,364912.2,275431.2,202395.3,192232.5,287844.1,192232.5
170,0.00561,0.0056,0.00559,0.00558,0.00557,0.00556,0.00555,0.00554,0.00553,0.00552,0.00562,0.00563,0.00564,0.00565,0.00566,0.00567,0.00568,0.00569,0.0057,0.00571,195184.9,1211720.9,1221649.9,1723704.6,436754.5,277713.9,220303.8,192232.5,521164.9,155568.8,207539.8,683340.4,456118.8,906322.5,322689.7,271116.9,202395.3,192232.5,287844.1,192232.5
171,0.00561,0.0056,0.00559,0.00558,0.00557,0.00556,0.00555,0.00554,0.00553,0.00552,0.00562,0.00563,0.00564,0.00565,0.00566,0.00567,0.00568,0.00569,0.0057,0.00571,227168.9,1212159,765100.1,2215591.4,436754.5,239924,220303.8,192232.5,521164.9,155568.8,191221.2,670837.3,468998.9,949083.7,311890.9,228760,202395.3,192232.5,287844.1,192232.5
172,0.00561,0.0056,0.00559,0.00558,0.00557,0.00556,0.00555,0.00554,0.00553,0.00552,0.00562,0.00563,0.00564,0.00565,0.00566,0.00567,0.00568,0.00569,0.0057,0.00571,262606,1298296.5,753012.3,2215591.4,436754.5,206186.7,220303.8,192232.5,521164.9,155568.8,21219.8,701679.4,472707.1,908561.9,311890.9,228760,202395.3,192232.5,287844.1,192232.5
173,0.00562,0.00561,0.0056,0.00559,0.00558,0.00557,0.00556,0.00555,0.00554,0.00553,0.00563,0.00564,0.00565,0.00566,0.00567,0.00568,0.00569,0.0057,0.00571,0.00572,192190.5,1274557.3,1272928.8,1053852.2,1177781.7,436754.5,206186.7,220303.8,21261.8,521164.9,240851.3,809449.5,949126.8,390432.8,263121.9,202395.3,192232.5,287844.1,192232.5,194063.7
174,0.00562,0.00561,0.0056,0.00559,0.00558,0.00557,0.00556,0.00555,0.00554,0.00553,0.00563,0.00564,0.00565,0.00566,0.00567,0.00568,0.00569,0.0057,0.00571,0.00572,262051.1,1204077.3,949504,1408878.9,1177781.7,365120.3,206186.7,220303.8,21261.8,521164.9,35995,794607.2,597082.8,365742,263121.9,305526,192232.5,287844.1,192232.5,194063.7
175,0.00562,0.00561,0.0056,0.00559,0.00558,0.00557,0.00556,0.00555,0.00554,0.00553,0.00563,0.00564,0.00565,0.00566,0.00567,0.00568,0.00569,0.0057,0.00571,0.00572,184402.1,1129914.1,1093510.5,1408878.9,1230729.8,386053.5,206186.7,220303.8,21261.8,521164.9,243654.8,836772.3,905729.8,406235.3,263121.9,237759.9,192232.5,287844.1,192232.5,194063.7
176,0.00562,0.00561,0.0056,0.00559,0.00558,0.00557,0.00556,0.00555,0.00554,0.00553,0.00563,0.00564,0.00565,0.00566,0.00567,0.00568,0.00569,0.0057,0.00571,0.00572,13431.4,959679.3,1750337.3,921381.9,1230729.8,386053.5,206186.7,220303.8,192232.5,521164.9,243654.8,830043.2,946294.7,365742,263121.9,272742.7,192232.5,287844.1,192232.5,194063.7
177,0.00562,0.00561,0.0056,0.00559,0.00558,0.00557,0.00556,0.00555,0.00554,0.00553,0.00563,0.00564,0.00565,0.00566,0.00567,0.00568,0.00569,0.0057,0.00571,0.00572,21219.8,918825.1,1791242.5,921381.9,1230714.8,386053.5,206186.7,220303.8,192232.5,521164.9,243654.8,880665.7,905729.8,401231.6,263121.9,202395.3,192232.5,287844.1,192232.5,194063.7
178,0.00562,0.00561,0.0056,0.00559,0.00558,0.00557,0.00556,0.00555,0.00554,0.00553,0.00563,0.00564,0.00565,0.00566,0.00567,0.00568,0.00569,0.0057,0.00571,0.00572,21219.8,1232959.5,1446118.7,921381.9,1230714.8,386053.5,206186.7,220303.8,192232.5,521164.9,284363.8,839991.8,905729.8,401231.6,263121.9,202395.3,192232.5,287844.1,192232.5,194063.7
179,0.00562,0.00561,0.0056,0.00559,0.00558,0.00557,0.00556,0.00555,0.00554,0.00553,0.00563,0.00564,0.00565,0.00566,0.00567,0.00568,0.00569,0.0057,0.00571,0.00572,21219.8,1273794.3,1405191.6,921381.9,1230714.8,386053.5,206186.7,220303.8,192232.5,521164.9,243654.8,839971.9,946294.7,401231.6,263121.9,202395.3,192232.5,287844.1,192232.5,194063.7
180,0.00562,0.00561,0.0056,0.00559,0.00558,0.00557,0.00556,0.00555,0.00554,0.00553,0.00563,0.00564,0.00565,0.00566,0.00567,0.00568,0.00569,0.0057,0.00571,0.00572,235665.3,1327113.4,1351561.3,921381.9,1230382.8,349238,206186.7,220303.8,21261.8,521164.9,206965.7,839939.9,946294.7,401231.6,263121.9,248747.4,192232.5,287844.1,192232.5,194063.7
181,0.00562,0.00561,0.0056,0.00559,0.00558,0.00557,0.00556,0.00555,0.00554,0.00553,0.00563,0.00564,0.00565,0.00566,0.00567,0.00568,0.00569,0.0057,0.00571,0.00572,235665.3,1325965,1382504.7,921381.9,883893.3,349238,206186.7,220303.8,21261.8,521164.9,206965.7,839923.9,946294.7,401231.6,263121.9,248747.4,192232.5,287844.1,192232.5,194063.7
182,0.00562,0.00561,0.0056,0.00559,0.00558,0.00557,0.00556,0.00555,0.00554,0.00553,0.00563,0.00564,0.00565,0.00566,0.00567,0.00568,0.00569,0.0057,0.00571,0.00572,23091.6,1210559.7,1498140.4,921381.9,883893.3,383698,206186.7,220303.8,192232.5,521164.9,248916,839892,905729.8,401231.6,263121.9,202395.3,192232.5,287844.1,192232.5,194063.7
183,0.00562,0.00561,0.0056,0.00559,0.00558,0.00557,0.00556,0.00555,0.00554,0.00553,0.00563,0.00564,0.00565,0.00566,0.00567,0.00568,0.00569,0.0057,0.00571,0.00572,64256,947093.5,1703456.8,921381.9,883893.3,349238,206186.7,220303.8,21261.8,521164.9,289625,829045.5,905729.8,401231.6,263121.9,243694.8,192232.5,287844.1,192232.5,194063.7
184,0.00562,0.00561,0.0056,0.00559,0.00558,0.00557,0.00556,0.00555,0.00554,0.00553,0.00563,0.00564,0.00565,0.00566,0.00567,0.00568,0.00569,0.0057,0.00571,0.00572,229492.5,736390.9,1828679.5,921381.9,883918,349238,206186.7,220303.8,21261.8,521164.9,247674.7,676064.2,905729.8,365742,263121.9,279059.4,192232.5,287844.1,192232.5,194063.7
185,0.00562,0.00561,0.0056,0.00559,0.00558,0.00557,0.00556,0.00555,0.00554,0.00553,0.00563,0.00564,0.00565,0.00566,0.00567,0.00568,0.00569,0.0057,0.00571,0.00572,229140.3,994743,1779130.4,1042444.2,762720.9,349238,206186.7,220303.8,21261.8,521164.9,206965.7,846031.4,905729.8,406235.3,263121.9,279059.4,192232.5,287844.1,192232.5,194063.7
186,0.00562,0.00561,0.0056,0.00559,0.00558,0.00557,0.00556,0.00555,0.00554,0.00553,0.00563,0.00564,0.00565,0.00566,0.00567,0.00568,0.00569,0.0057,0.00571,0.00572,21218,849201.3,1324143.5,1489875,762720.9,386053.5,206186.7,220303.8,21261.8,521164.9,247895.5,827203.3,905729.8,406235.3,263121.9,237759.9,192232.5,287844.1,192232.5,194063.7
187,0.00562,0.00561,0.0056,0.00559,0.00558,0.00557,0.00556,0.00555,0.00554,0.00553,0.00563,0.00564,0.00565,0.00566,0.00567,0.00568,0.00569,0.0057,0.00571,0.00572,21218,679258,1324143.5,1489874.7,762720.9,386053.5,206186.7,220303.8,21261.8,521164.9,247895.5,665702.7,905729.8,406235.3,263121.9,237759.9,192232.5,287844.1,192232.5,194063.7
188,0.00562,0.00561,0.0056,0.00559,0.00558,0.00557,0.00556,0.00555,0.00554,0.00553,0.00563,0.00564,0.00565,0.00566,0.00567,0.00568,0.00569,0.0057,0.00571,0.00572,1218,993085,1324143.5,1489874,762818.1,386053.5,206186.7,220303.8,21261.8,521164.9,247895.5,841524.4,905729.8,406235.3,263121.9,237759.9,192232.5,287844.1,192232.5,194063.7
189,0.00562,0.00561,0.0056,0.00559,0.00558,0.00557,0.00556,0.00555,0.00554,0.00553,0.00563,0.00564,0.00565,0.00566,0.00567,0.00568,0.00569,0.0057,0.00571,0.00572,1218,823178.6,1779823.7,1003243.5,762822.3,386053.5,206186.7,220303.8,21261.8,521164.9,247895.5,671622,905729.8,406235.3,263121.9,237759.9,192232.5,287844.1,192232.5,194063.7
190,0.00562,0.00561,0.0056,0.00559,0.00558,0.00557,0.00556,0.00555,0.00554,0.00553,0.00563,0.00564,0.00565,0.00566,0.00567,0.00568,0.00569,0.0057,0.00571,0.00572,1218,963869.3,1240467.8,1134847.8,762822.3,386053.5,206186.7,220303.8,21261.8,521164.9,247895.5,706146.2,498698.3,406235.3,263121.9,237759.9,192232.5,287844.1,192232.5,194063.7
191,0.00562,0.00561,0.0056,0.00559,0.00558,0.00557,0.00556,0.00555,0.00554,0.00553,0.00563,0.00564,0.00565,0.00566,0.00567,0.00568,0.00569,0.0057,0.00571,0.00572,1218,819914.7,1292967.6,1518898.4,762822.3,386053.5,206186.7,220303.8,21261.8,521164.9,270098,760964.6,498698.3,406235.3,263121.9,237759.9,192232.5,287844.1,192232.5,194063.7
192,0.00562,0.00561,0.0056,0.00559,0.00558,0.00557,0.00556,0.00555,0.00554,0.00553,0.00563,0.00564,0.00565,0.00566,0.00567,0.00568,0.00569,0.0057,0.00571,0.00572,1218,963788.5,1292612,1484363.9,762822.3,386053.5,206186.7,220303.8,21261.8,521164.9,255950.2,783100.8,498698.3,406235.3,263121.9,237759.9,192232.5,287844.1,192232.5,194063.7
193,0.00562,0.00561,0.0056,0.00559,0.00558,0.00557,0.00556,0.00555,0.00554,0.00553,0.00563,0.00564,0.00565,0.00566,0.00567,0.00568,0.00569,0.0057,0.00571,0.00572,1218,650099.2,1292669.6,1035441.1,762822.3,386053.5,206186.7,220303.8,21261.8,521164.9,259754.4,613312.2,498698.3,406235.3,263121.9,237759.9,192232.5,287844.1,192232.5,194063.7
194,0.00562,0.00561,0.0056,0.00559,0.00558,0.00557,0.00556,0.00555,0.00554,0.00553,0.00563,0.00564,0.00565,0.00566,0.00567,0.00568,0.00569,0.0057,0.00571,0.00572,116846.6,871268.3,1270348.2,1038270,762803.5,349238,206186.7,220303.8,21261.8,521164.9,246912.7,720933.6,498698.3,406235.3,263121.9,276879.3,192232.5,287844.1,192232.5,194063.7
195,0.00562,0.00561,0.0056,0.00559,0.00558,0.00557,0.00556,0.00555,0.00554,0.00553,0.00563,0.00564,0.00565,0.00566,0.00567,0.00568,0.00569,0.0057,0.00571,0.00572,116846.6,985967.2,1266792.8,1486046.3,762803.5,383076,206186.7,220303.8,21261.8,557488.8,254967.4,720909.6,498698.3,406235.3,263121.9,276879.3,192232.5,287844.1,192232.5,194063.7
196,0.00562,0.00561,0.0056,0.00559,0.00558,0.00557,0.00556,0.00555,0.00554,0.00553,0.00563,0.00564,0.00565,0.00566,0.00567,0.00568,0.00569,0.0057,0.00571,0.00572,100700.6,992815.5,1163891.5,1521163.2,762803.5,383076,206186.7,220303.8,21261.8,557488.8,254967.4,722008.6,498698.3,406235.3,263121.9,276879.3,192232.5,287844.1,192232.5,194063.7
197,0.00561,0.0056,0.00559,0.00558,0.00557,0.00556,0.00555,0.00554,0.00553,0.00552,0.00562,0.00563,0.00564,0.00565,0.00566,0.00567,0.00568,0.00569,0.0057,0.00571,267988,1296174.1,1853694.7,931513.7,383076,249984.5,220303.8,41771.1,557488.8,191958.5,193291.2,633777.5,472520.8,509760.8,316894.6,263121.9,258269.2,192232.5,287844.1,192232.5
198,0.00561,0.0056,0.00559,0.00558,0.00557,0.00556,0.00555,0.00554,0.00553,0.00552,0.00562,0.00563,0.00564,0.00565,0.00566,0.00567,0.00568,0.00569,0.0057,0.00571,171938.7,1352177.5,1360107.8,931513.7,383076,249984.5,220303.8,41771.1,557488.8,191958.5,232678.1,659650.3,446649.5,550282.6,276401.3,228760,258269.2,192232.5,287844.1,192232.5
199,0.00561,0.0056,0.00559,0.00558,0.00557,0.00556,0.00555,0.00554,0.00553,0.00552,0.00562,0.00563,0.00564,0.00565,0.00566,0.00567,0.00568,0.00569,0.0057,0.00571,192188.7,1418559.1,1507579.3,1288036.9,383076,249984.5,220303.8,41771.1,557488.8,191958.5,232678.1,563059.1,627701.1,539220.1,276401.3,228897.3,258269.2,192232.5,287844.1,192232.5
200,0.00561,0.0056,0.00559,0.00558,0.00557,0.00556,0.00555,0.00554,0.00553,0.00552,0.00562,0.00563,0.00564,0.00565,0.00566,0.00567,0.00568,0.00569,0.0057,0.00571,21218,1206685.1,1683149.8,1276850,383076,249984.5,220303.8,192232.5,557488.8,191958.5,265336.3,557353.2,616550.3,539220.1,276401.3,194965.2,237759.9,192232.5,287844.1,192232.5
201,0.00561,0.0056,0.00559,0.00558,0.00557,0.00556,0.00555,0.00554,0.00553,0.00552,0.00562,0.00563,0.00564,0.00565,0.00566,0.00567,0.00568,0.00569,0.0057,0.00571,645074.5,1123372.7,1538171,1130855.6,383076,206186.7,220303.8,21261.8,557488.8,191958.5,25022.2,433603.5,742398.8,539220.1,276401.3,267234.7,237759.9,192232.5,287844.1,192232.5
202,0.00562,0.00561,0.0056,0.00559,0.00558,0.00557,0.00556,0.00555,0.00554,0.00553,0.00563,0.00564,0.00565,0.00566,0.00567,0.00568,0.00569,0.0057,0.00571,0.00572,836766,1470937.6,1485434.8,929210.6,762849.3,276011.4,206186.7,49333.1,114366.8,557488.8,21219.8,575579.3,858195.4,725638.7,267234.7,323271.1,212820.9,287844.1,192232.5,194063.7
203,0.00562,0.00561,0.0056,0.00559,0.00558,0.00557,0.00556,0.00555,0.00554,0.00553,0.00563,0.00564,0.00565,0.00566,0.00567,0.00568,0.00569,0.0057,0.00571,0.00572,21219.8,955837.6,2645135.3,1337589.2,669937.8,321767.5,242314.6,220303.8,114366.8,521164.9,244861.7,728544.1,595171.6,754822.5,323825.9,249058.1,212820.9,287844.1,192232.5,194063.7
204,0.00562,0.00561,0.0056,0.00559,0.00558,0.00557,0.00556,0.00555,0.00554,0.00553,0.00563,0.00564,0.00565,0.00566,0.00567,0.00568,0.00569,0.0057,0.00571,0.00572,21219.8,960293.9,2647088.7,1337589.2,669937.8,314599.4,242314.6,220303.8,114366.8,521164.9,244861.7,682134.4,642103.4,754822.5,323825.9,249058.1,212820.9,287844.1,192232.5,194063.7
205,0.00562,0.00561,0.0056,0.00559,0.00558,0.00557,0.00556,0.00555,0.00554,0.00553,0.00563,0.00564,0.00565,0.00566,0.00567,0.00568,0.00569,0.0057,0.00571,0.00572,17232.7,945913.9,1595309,1344673.6,669937.8,314599.4,206186.7,220303.8,150625.1,521164.9,244861.7,720573.7,545004.2,749545.3,323825.9,249058.1,212820.9,287844.1,192232.5,194063.7
206,0.00562,0.00561,0.0056,0.00559,0.00558,0.00557,0.00556,0.00555,0.00554,0.00553,0.00563,0.00564,0.00565,0.00566,0.00567,0.00568,0.00569,0.0057,0.00571,0.00572,17232.7,2129845.1,1377262.2,1362689.9,681065.8,314599.4,206186.7,220303.8,150625.1,521164.9,244861.7,720548.8,545004.2,749545.3,323825.9,249058.1,212820.9,287844.1,192232.5,194063.7
207,0.00562,0.00561,0.0056,0.00559,0.00558,0.00557,0.00556,0.00555,0.00554,0.00553,0.00563,0.00564,0.00565,0.00566,0.00567,0.00568,0.00569,0.0057,0.00571,0.00572,17232.7,1986001.3,1723330.6,1016062.4,681065.8,314599.4,206186.7,220303.8,78108.5,521164.9,244861.7,720430.2,545004.2,749545.3,323825.9,249058.1,212820.9,287844.1,192232.5,194063.7
208,0.00562,0.00561,0.0056,0.00559,0.00558,0.00557,0.00556,0.00555,0.00554,0.00553,0.00563,0.00564,0.00565,0.00566,0.00567,0.00568,0.00569,0.0057,0.00571,0.00572,17232.7,2129796.1,1723330.6,1051330.2,681065.8,314599.4,206186.7,220303.8,78108.5,521164.9,249372.9,715996.8,545004.2,749545.3,323825.9,249058.1,212820.9,287844.1,192232.5,194063.7
209,0.00562,0.00561,0.0056,0.00559,0.00558,0.00557,0.00556,0.00555,0.00554,0.00553,0.00563,0.00564,0.00565,0.00566,0.00567,0.00568,0.00569,0.0057,0.00571,0.00572,17232.7,2158928,1723330.6,1051330.2,681065.8,314599.4,206186.7,220303.8,78108.5,521164.9,244861.7,730041.6,545004.2,749545.3,323825.9,249058.1,212820.9,287844.1,192232.5,194063.7
210,0.00562,0.00561,0.0056,0.00559,0.00558,0.00557,0.00556,0.00555,0.00554,0.00553,0.00563,0.00564,0.00565,0.00566,0.00567,0.00568,0.00569,0.0057,0.00571,0.00572,67876,2163350.2,1718904,1051330.2,681065.8,314599.4,206186.7,220303.8,78108.5,521164.9,224782.7,681923.9,590046.7,749545.3,323825.9,294353.9,212820.9,287844.1,192232.5,194063.7
211,0.00563,0.00562,0.00561,0.0056,0.00559,0.00558,0.00557,0.00556,0.00555,0.00554,0.00564,0.00565,0.00566,0.00567,0.00568,0.00569,0.0057,0.00571,0.00572,0.00573,21218,943852.5,1594720.5,1464552.5,1036294.5,669937.8,268843.3,206186.7,49333.1,78108.5,285827.8,838169.1,760738,411690.5,294353.9,212820.9,287844.1,192232.5,194063.7,22737.1
212,0.00563,0.00562,0.00561,0.0056,0.00559,0.00558,0.00557,0.00556,0.00555,0.00554,0.00564,0.00565,0.00566,0.00567,0.00568,0.00569,0.0057,0.00571,0.00572,0.00573,21218,949829,1558302.3,1463688.5,1036244.7,669937.8,268843.3,206186.7,85526.1,114366.8,285827.8,810807.7,720244.7,452155.3,294353.9,212820.9,287844.1,192232.5,194063.7,22737.1
213,0.00563,0.00562,0.00561,0.0056,0.00559,0.00558,0.00557,0.00556,0.00555,0.00554,0.00564,0.00565,0.00566,0.00567,0.00568,0.00569,0.0057,0.00571,0.00572,0.00573,61938.6,862725.3,1801635.7,1699607.5,910083.5,517416.7,268843.3,206186.7,85526.1,114366.8,229437.1,900901.6,713904.6,505199.5,254170.3,247173.5,323084.7,192232.5,194063.7,22737.1
214,0.00563,0.00562,0.00561,0.0056,0.00559,0.00558,0.00557,0.00556,0.00555,0.00554,0.00564,0.00565,0.00566,0.00567,0.00568,0.00569,0.0057,0.00571,0.00572,0.00573,21218,660184.5,1849768.4,1752366.2,910122.6,498085.8,268843.3,206186.7,85526.1,114366.8,265543.9,900876.7,724947.2,494001.6,254170.3,247173.5,323084.7,192232.5,194063.7,22737.1
215,0.00564,0.00563,0.00562,0.00561,0.0056,0.00559,0.00558,0.00557,0.00556,0.00555,0.00565,0.00566,0.00567,0.00568,0.00569,0.0057,0.00571,0.00572,0.00573,0.00574,73440.2,794149.3,1175382,896080.3,1472708.2,370092,298287.3,268843.3,226752.9,120638.1,195370.2,737251.3,675502.4,711028.2,265759.4,361371,212760.2,229181,193707.8,20250
216,0.00564,0.00563,0.00562,0.00561,0.0056,0.00559,0.00558,0.00557,0.00556,0.00555,0.00565,0.00566,0.00567,0.00568,0.00569,0.0057,0.00571,0.00572,0.00573,0.00574,255520.3,928302.6,1249946,939099.5,1368947.4,334967.7,298287.3,268843.3,226752.9,120638.1,21214.2,665072.8,582323.4,767082.5,265759.4,361371,212760.2,229181,193707.8,20250
217,0.00564,0.00563,0.00562,0.00561,0.0056,0.00559,0.00558,0.00557,0.00556,0.00555,0.00565,0.00566,0.00567,0.00568,0.00569,0.0057,0.00571,0.00572,0.00573,0.00574,276576.2,623923.5,1763414.6,980040.5,990473.8,368519.5,298287.3,268843.3,226752.9,120638.1,21214.2,689523.3,540477.1,726646,307605.7,361371,212760.2,229181,193707.8,20250
218,0.00564,0.00563,0.00562,0.00561,0.0056,0.00559,0.00558,0.00557,0.00556,0.00555,0.00565,0.00566,0.00567,0.00568,0.00569,0.0057,0.00571,0.00572,0.00573,0.00574,21214.2,516073.9,840342.4,1798571.4,909125.7,462023.8,298287.3,268843.3,226752.9,120638.1,537295,770148.2,463965.4,407802.5,307605.7,358740.7,212760.2,194063.7,193707.8,20250
219,0.00563,0.00562,0.00561,0.0056,0.00559,0.00558,0.00557,0.00556,0.00555,0.00554,0.00564,0.00565,0.00566,0.00567,0.00568,0.00569,0.0057,0.00571,0.00572,0.00573,247549.4,1071100.1,1593976.9,1350304.8,408988.3,298287.3,268843.3,226752.9,48252.1,57520.1,192184.9,793107.5,748063.4,463965.4,322327.7,307605.7,343260,192232.5,194063.7,193707.8
220,0.00563,0.00562,0.00561,0.0056,0.00559,0.00558,0.00557,0.00556,0.00555,0.00554,0.00564,0.00565,0.00566,0.00567,0.00568,0.00569,0.0057,0.00571,0.00572,0.00573,192184.9,1071875.2,1593976.9,1350304.8,408988.3,332514.1,268843.3,226752.9,48252.1,57520.1,267335.6,819785.5,703775.9,463965.4,317508.7,268431.4,343260,192232.5,194063.7,193707.8
221,0.00564,0.00563,0.00562,0.00561,0.0056,0.00559,0.00558,0.00557,0.00556,0.00555,0.00565,0.00566,0.00567,0.00568,0.00569,0.0057,0.00571,0.00572,0.00573,0.00574,210914,839392.1,747892,1415463,1311900.8,368519.5,298287.3,268843.3,226752.9,48252.1,229678.6,583120.6,672912.2,405067.4,308099.4,386229.8,192232.5,194063.7,193707.8,20250
222,0.00564,0.00563,0.00562,0.00561,0.0056,0.00559,0.00558,0.00557,0.00556,0.00555,0.00565,0.00566,0.00567,0.00568,0.00569,0.0057,0.00571,0.00572,0.00573,0.00574,246230.9,1045550.5,1018749.4,1378751.2,1111365.3,334967.7,304120.7,268843.3,226752.9,84445.1,21214.2,645130.2,460964.5,461372.1,308099.4,350989.2,192232.5,229181,193707.8,20250
223,0.00565,0.00564,0.00563,0.00562,0.00561,0.0056,0.00559,0.00558,0.00557,0.00556,0.00566,0.00567,0.00568,0.00569,0.0057,0.00571,0.00572,0.00573,0.00574,0.00575,192184.9,889670.3,663489.3,1511673.7,767901.8,869577,299033.7,304120.7,268843.3,55782.2,254183.5,929781.2,751068,406847.3,342112.1,247021.3,229181,193707.8,191220.7,22896.1
224,0.00565,0.00564,0.00563,0.00562,0.00561,0.0056,0.00559,0.00558,0.00557,0.00556,0.00566,0.00567,0.00568,0.00569,0.0057,0.00571,0.00572,0.00573,0.00574,0.00575,192184.9,578595.5,704328.1,1470848.9,860281,869577,299033.7,304120.7,268843.3,55782.2,247981,773357.7,710631.5,447255.5,342112.1,247021.3,229181,193707.8,191220.7,22896.1
225,0.00565,0.00564,0.00563,0.00562,0.00561,0.0056,0.00559,0.00558,0.00557,0.00556,0.00566,0.00567,0.00568,0.00569,0.0057,0.00571,0.00572,0.00573,0.00574,0.00575,192184.9,637707,950746.1,1470848.9,860276.9,869577,299033.7,304120.7,304906.4,55782.2,254183.5,884853.7,710631.5,503846.7,342112.1,247021.3,229181,193707.8,191220.7,22896.1
226,0.00564,0.00563,0.00562,0.00561,0.0056,0.00559,0.00558,0.00557,0.00556,0.00555,0.00565,0.00566,0.00567,0.00568,0.00569,0.0057,0.00571,0.00572,0.00573,0.00574,246230.9,1090093.4,1209352.2,1345289.3,907582.8,299033.7,304120.7,304906.4,55782.2,84445.1,21212.4,764016.2,570624.5,710631.5,405098.8,342112.1,212890.1,229181,193707.8,191220.7
227,0.00565,0.00564,0.00563,0.00562,0.00561,0.0056,0.00559,0.00558,0.00557,0.00556,0.00566,0.00567,0.00568,0.00569,0.0057,0.00571,0.00572,0.00573,0.00574,0.00575,210880.3,1025883.6,643981.9,1040329.7,1208468.5,869577,299033.7,304120.7,304906.4,55782.2,259137,887465.8,751068,466811.1,342112.1,247803.3,229181,193707.8,191220.7,22896.1
228,0.00565,0.00564,0.00563,0.00562,0.00561,0.0056,0.00559,0.00558,0.00557,0.00556,0.00566,0.00567,0.00568,0.00569,0.0057,0.00571,0.00572,0.00573,0.00574,0.00575,206265.7,1094170.4,1000766.4,1028661.3,863520.3,869577,299033.7,304120.7,304906.4,91910.1,254007.9,907700.7,743727,477876.3,342112.1,247803.3,229181,193707.8,191220.7,22896.1
229,0.00565,0.00564,0.00563,0.00562,0.00561,0.0056,0.00559,0.00558,0.00557,0.00556,0.00566,0.00567,0.00568,0.00569,0.0057,0.00571,0.00572,0.00573,0.00574,0.00575,249397.1,1091706.6,1087506.5,1440523.3,504207.4,869577,299033.7,304120.7,304906.4,91910.1,212690.1,850696.5,743727,477876.3,342112.1,281632.9,229181,193707.8,191220.7,22896.1
230,0.00565,0.00564,0.00563,0.00562,0.00561,0.0056,0.00559,0.00558,0.00557,0.00556,0.00566,0.00567,0.00568,0.00569,0.0057,0.00571,0.00572,0.00573,0.00574,0.00575,241958.9,948778.8,1571555.5,987259.9,504205.4,869577,299033.7,304120.7,304906.4,128038,246419.2,850666.5,743727,477876.3,342112.1,247803.3,229181,193707.8,191220.7,22896.1
231,0.00565,0.00564,0.00563,0.00562,0.00561,0.0056,0.00559,0.00558,0.00557,0.00556,0.00566,0.00567,0.00568,0.00569,0.0057,0.00571,0.00572,0.00573,0.00574,0.00575,241958.9,1091643.7,1571555.5,1028156.4,463236.5,751727.5,299033.7,304120.7,304906.4,128038,212690.1,840353.2,743727,477876.3,342112.1,282467.5,229181,193707.8,191220.7,22896.1
232,0.00565,0.00564,0.00563,0.00562,0.00561,0.0056,0.00559,0.00558,0.00557,0.00556,0.00566,0.00567,0.00568,0.00569,0.0057,0.00571,0.00572,0.00573,0.00574,0.00575,240154.3,1091606.7,1696212.1,1030383.4,488519.2,630851.5,299033.7,304120.7,340969.5,128038,212690.1,861303,703290.5,477876.3,342112.1,282467.5,229181,193707.8,191220.7,22896.1
233,0.00565,0.00564,0.00563,0.00562,0.00561,0.0056,0.00559,0.00558,0.00557,0.00556,0.00566,0.00567,0.00568,0.00569,0.0057,0.00571,0.00572,0.00573,0.00574,0.00575,260351.9,1091591.7,1696212.1,999597.8,580875.9,630851.5,299033.7,304120.7,340969.5,128038,41719.4,888622.8,703290.5,477876.3,342112.1,283274.2,229181,193707.8,191220.7,22896.1
234,0.00565,0.00564,0.00563,0.00562,0.00561,0.0056,0.00559,0.00558,0.00557,0.00556,0.00566,0.00567,0.00568,0.00569,0.0057,0.00571,0.00572,0.00573,0.00574,0.00575,236438.4,1040918.4,1671367.9,1023074,556434.6,576113.1,299033.7,324835,340969.5,92505.8,249447,886570.4,699582.3,520098.8,342112.1,227145.7,249895.3,193707.8,191220.7,22896.1
235,0.00564,0.00563,0.00562,0.00561,0.0056,0.00559,0.00558,0.00557,0.00556,0.00555,0.00565,0.00566,0.00567,0.00568,0.00569,0.0057,0.00571,0.00572,0.00573,0.00574,249289.5,1285125.5,1739116.9,921754.5,612428,333224,304120.7,340969.5,113197.7,84445.1,219122.2,704077.8,625260.7,710744.8,364690.6,342112.1,192232.5,249895.3,193707.8,191220.7
236,0.00565,0.00564,0.00563,0.00562,0.00561,0.0056,0.00559,0.00558,0.00557,0.00556,0.00566,0.00567,0.00568,0.00569,0.0057,0.00571,0.00572,0.00573,0.00574,0.00575,21214.2,952622.4,841129.7,1548321.3,974345.9,612428,299033.7,304120.7,340969.5,113197.7,345220.3,794949.9,752967.3,466811.1,342112.1,192232.5,249895.3,193707.8,191220.7,22896.1
237,0.00565,0.00564,0.00563,0.00562,0.00561,0.0056,0.00559,0.00558,0.00557,0.00556,0.00566,0.00567,0.00568,0.00569,0.0057,0.00571,0.00572,0.00573,0.00574,0.00575,129361.1,899875.1,818381.9,1454072.4,974329.5,612428,299033.7,304120.7,340969.5,113197.7,284466.4,882434.9,752967.3,466811.1,342112.1,228002.4,249895.3,193707.8,191220.7,22896.1
238,0.00565,0.00564,0.00563,0.00562,0.00561,0.0056,0.00559,0.00558,0.00557,0.00556,0.00566,0.00567,0.00568,0.00569,0.0057,0.00571,0.00572,0.00573,0.00574,0.00575,337803.5,933364.1,689296.5,1455140,974315.2,576113.1,300107,304120.7,340969.5,114276.8,248385.1,882463.9,752967.3,467873,342112.1,228002.4,249895.3,193707.8,191220.7,22896.1
239,0.00565,0.00564,0.00563,0.00562,0.00561,0.0056,0.00559,0.00558,0.00557,0.00556,0.00566,0.00567,0.00568,0.00569,0.0057,0.00571,0.00572,0.00573,0.00574,0.00575,337803.5,933280.2,689296.5,1455140,881938.1,576113.1,300107,298287.3,340969.5,114276.8,171171.7,878801.6,752967.3,467873,342112.1,264029.4,249895.3,193707.8,191220.7,22896.1
240,0.00565,0.00564,0.00563,0.00562,0.00561,0.0056,0.00559,0.00558,0.00557,0.00556,0.00566,0.00567,0.00568,0.00569,0.0057,0.00571,0.00572,0.00573,0.00574,0.00575,166832.8,933251.2,689296.5,1455140,973801.9,576113.1,300107,298287.3,340969.5,114276.8,180365.7,878778.6,752967.3,467873,342112.1,264029.4,249895.3,193707.8,191220.7,22896.1
241,0.00565,0.00564,0.00563,0.00562,0.00561,0.0056,0.00559,0.00558,0.00557,0.00556,0.00566,0.00567,0.00568,0.00569,0.0057,0.00571,0.00572,0.00573,0.00574,0.00575,148107,933213.5,689296.5,1110750,973705.9,576113.1,300107,298287.3,340969.5,114276.8,171171.7,872857.3,752967.3,467873,342112.1,228002.4,249895.3,193707.8,191220.7,22896.1
242,0.00565,0.00564,0.00563,0.00562,0.00561,0.0056,0.00559,0.00558,0.00557,0.00556,0.00566,0.00567,0.00568,0.00569,0.0057,0.00571,0.00572,0.00573,0.00574,0.00575,319077.7,1006913.5,689296.5,1110750,973861.4,576113.1,300107,298287.3,340969.5,114276.8,171171.7,872825.3,752967.3,467873,342112.1,261758.2,249895.3,193707.8,191220.7,22896.1
243,0.00565,0.00564,0.00563,0.00562,0.00561,0.0056,0.00559,0.00558,0.00557,0.00556,0.00566,0.00567,0.00568,0.00569,0.0057,0.00571,0.00572,0.00573,0.00574,0.00575,114585.4,1002449,1038252.1,998792.2,973814.4,576113.1,300107,298287.3,340969.5,114276.8,206374.6,881024.5,752967.3,467873,342112.1,228002.4,249895.3,193707.8,191220.7,22896.1
244,0.00565,0.00564,0.00563,0.00562,0.00561,0.0056,0.00559,0.00558,0.00557,0.00556,0.00566,0.00567,0.00568,0.00569,0.0057,0.00571,0.00572,0.00573,0.00574,0.00575,151577.8,928676,1038252.1,998792.2,973814.4,576113.1,300107,298287.3,340969.5,114276.8,143750.2,870595,752967.3,467873,342112.1,228002.4,249895.3,193707.8,191220.7,22896.1
245,0.00565,0.00564,0.00563,0.00562,0.00561,0.0056,0.00559,0.00558,0.00557,0.00556,0.00566,0.00567,0.00568,0.00569,0.0057,0.00571,0.00572,0.00573,0.00574,0.00575,151577.8,785837.1,1038252.1,998792.2,973814.4,576113.1,300107,298287.3,340969.5,114276.8,164000.2,870564.1,752967.3,467873,342112.1,228002.4,249895.3,193707.8,191220.7,22896.1
246,0.00565,0.00564,0.00563,0.00562,0.00561,0.0056,0.00559,0.00558,0.00557,0.00556,0.00566,0.00567,0.00568,0.00569,0.0057,0.00571,0.00572,0.00573,0.00574,0.00575,80900.9,928612.1,1162908.7,1120000.1,973814.4,576113.1,300107,298287.3,340969.5,114276.8,204304.1,878217.5,752967.3,467873,342112.1,228002.4,249895.3,193707.8,191220.7,22896.1
247,0.00564,0.00563,0.00562,0.00561,0.0056,0.00559,0.00558,0.00557,0.00556,0.00555,0.00565,0.00566,0.00567,0.00568,0.00569,0.0057,0.00571,0.00572,0.00573,0.00574,289258.7,1287566.5,1517148.2,973814.4,616091.3,300107,298287.3,340969.5,114276.8,84445.1,192183.1,665701.6,538892.2,793446.6,365752.5,342112.1,192232.5,249895.3,193707.8,191220.7
248,0.00565,0.00564,0.00563,0.00562,0.00561,0.0056,0.00559,0.00558,0.00557,0.00556,0.00566,0.00567,0.00568,0.00569,0.0057,0.00571,0.00572,0.00573,0.00574,0.00575,271208.2,845862.8,819343.5,1558016.4,962771.3,576113.1,300107,298287.3,340969.5,93584.9,251827.6,843764.6,741804.8,467873,342112.1,226102.4,229181,193707.8,191220.7,22896.1
249,0.00565,0.00564,0.00563,0.00562,0.00561,0.0056,0.00559,0.00558,0.00557,0.00556,0.00566,0.00567,0.00568,0.00569,0.0057,0.00571,0.00572,0.00573,0.00574,0.00575,21214.2,522524.4,1050470.2,1516843.9,962771.3,615548.9,300107,298287.3,304906.4,57457,528635,668034.1,741804.8,467873,377352.7,192232.5,194063.7,193707.8,191220.7,22896.1
250,0.00565,0.00564,0.00563,0.00562,0.00561,0.0056,0.00559,0.00558,0.00557,0.00556,0.00566,0.00567,0.00568,0.00569,0.0057,0.00571,0.00572,0.00573,0.00574,0.00575,321261.3,968318,814432.6,1464456.2,963231.1,576113.1,300107,298287.3,304906.4,57457,237307.7,784571.2,741804.8,467873,342112.1,233976.7,229181,193707.8,191220.7,22896.1
251,0.00565,0.00564,0.00563,0.00562,0.00561,0.0056,0.00559,0.00558,0.00557,0.00556,0.00566,0.00567,0.00568,0.00569,0.0057,0.00571,0.00572,0.00573,0.00574,0.00575,321261.3,801201.1,814432.6,1464456.2,963143.4,576113.1,300107,298287.3,304906.4,57457,137307.7,862019.6,741804.8,467873,342112.1,233976.7,229181,193707.8,191220.7,22896.1
252,0.00565,0.00564,0.00563,0.00562,0.00561,0.0056,0.00559,0.00558,0.00557,0.00556,0.00566,0.00567,0.00568,0.00569,0.0057,0.00571,0.00572,0.00573,0.00574,0.00575,321261.3,1017641.3,689776,1464456.2,963122.8,576113.1,300107,298287.3,304906.4,57457,137307.7,858268.5,745513,467873,342112.1,233976.7,229181,193707.8,191220.7,22896.1
253,0.00564,0.00563,0.00562,0.00561,0.0056,0.00559,0.00558,0.00557,0.00556,0.00555,0.00565,0.00566,0.00567,0.00568,0.00569,0.0057,0.00571,0.00572,0.00573,0.00574,288132.6,1300330.8,1299540.5,963203.2,615978.2,300107,298287.3,304906.4,57457,84445.1,21212.4,677891.9,545988.2,741804.8,365752.5,377352.7,192232.5,194063.7,193707.8,191220.7
254,0.00564,0.00563,0.00562,0.00561,0.0056,0.00559,0.00558,0.00557,0.00556,0.00555,0.00565,0.00566,0.00567,0.00568,0.00569,0.0057,0.00571,0.00572,0.00573,0.00574,280740.4,969416,1394613.9,963203.2,615978.2,300107,298287.3,268843.3,57457,48252.1,192183.1,751985.9,505437.5,741804.8,365752.5,377352.7,192232.5,194063.7,193707.8,191220.7
255,0.00564,0.00563,0.00562,0.00561,0.0056,0.00559,0.00558,0.00557,0.00556,0.00555,0.00565,0.00566,0.00567,0.00568,0.00569,0.0057,0.00571,0.00572,0.00573,0.00574,244499.1,1286260.8,1676675.9,927397.3,615978.2,370613.7,298287.3,268843.3,21329.1,48252.1,225736.2,744776.7,505437.5,741804.8,365752.5,377352.7,192232.5,194063.7,193707.8,191220.7
256,0.00564,0.00563,0.00562,0.00561,0.0056,0.00559,0.00558,0.00557,0.00556,0.00555,0.00565,0.00566,0.00567,0.00568,0.00569,0.0057,0.00571,0.00572,0.00573,0.00574,244499.1,964506.2,1856616.5,927397.3,615978.2,370613.7,298287.3,268843.3,21329.1,48252.1,229659.9,580834.5,669363.8,741804.8,365752.5,377352.7,192232.5,194063.7,193707.8,191220.7
257,0.00564,0.00563,0.00562,0.00561,0.0056,0.00559,0.00558,0.00557,0.00556,0.00555,0.00565,0.00566,0.00567,0.00568,0.00569,0.0057,0.00571,0.00572,0.00573,0.00574,293268.9,1286204.1,1677532.9,927397.3,615978.2,370613.7,298287.3,268843.3,21329.1,48252.1,35161.1,547123.1,673046,741804.8,365752.5,377352.7,192232.5,194063.7,193707.8,191220.7
258,0.00564,0.00563,0.00562,0.00561,0.0056,0.00559,0.00558,0.00557,0.00556,0.00555,0.00565,0.00566,0.00567,0.00568,0.00569,0.0057,0.00571,0.00572,0.00573,0.00574,234635.3,1033564.1,1125977.9,1274783.5,947706.7,370613.7,298287.3,268843.3,192299.8,48252.1,240475.2,757503,558320.5,741804.8,309161.3,377352.7,192232.5,194063.7,193707.8,191220.7
259,0.00564,0.00563,0.00562,0.00561,0.0056,0.00559,0.00558,0.00557,0.00556,0.00555,0.00565,0.00566,0.00567,0.00568,0.00569,0.0057,0.00571,0.00572,0.00573,0.00574,234635.3,1033523.2,1125977.9,1149682.5,1000478.8,370613.7,298287.3,268843.3,192299.8,48252.1,248529.9,734610.8,558320.5,741804.8,309161.3,377352.7,192232.5,194063.7,193707.8,191220.7
260,0.00564,0.00563,0.00562,0.00561,0.0056,0.00559,0.00558,0.00557,0.00556,0.00555,0.00565,0.00566,0.00567,0.00568,0.00569,0.0057,0.00571,0.00572,0.00573,0.00574,268949.7,964413.5,1250856.3,1149682.5,1000478.8,370613.7,298287.3,268843.3,192299.8,48252.1,240589.2,746592.3,562028.7,741804.8,309161.3,377352.7,192232.5,194063.7,193707.8,191220.7
261,0.00563,0.00562,0.00561,0.0056,0.00559,0.00558,0.00557,0.00556,0.00555,0.00554,0.00564,0.00565,0.00566,0.00567,0.00568,0.00569,0.0057,0.00571,0.00572,0.00573,397074.8,1082017.2,1930261.4,1041374.6,409825,298287.3,268843.3,192299.8,48252.1,57520.1,21214.2,778456,853499.2,414022.5,295893.4,309161.3,334382.9,192232.5,194063.7,193707.8
262,0.00564,0.00563,0.00562,0.00561,0.0056,0.00559,0.00558,0.00557,0.00556,0.00555,0.00565,0.00566,0.00567,0.00568,0.00569,0.0057,0.00571,0.00572,0.00573,0.00574,226176.8,760444.7,798111.5,1779910.3,1000405.7,370613.7,298287.3,268843.3,192299.8,48252.1,281197.3,700640.6,414022.5,388178,309161.3,368705.6,192232.5,194063.7,193707.8,191220.7
263,0.00564,0.00563,0.00562,0.00561,0.0056,0.00559,0.00558,0.00557,0.00556,0.00555,0.00565,0.00566,0.00567,0.00568,0.00569,0.0057,0.00571,0.00572,0.00573,0.00574,226176.8,959242.7,656622,1864113.7,1000109.1,370613.7,298287.3,268843.3,192299.8,48252.1,240589.2,727754.4,434556.6,388178,309161.3,368705.6,192232.5,194063.7,193707.8,191220.7
264,0.00563,0.00562,0.00561,0.0056,0.00559,0.00558,0.00557,0.00556,0.00555,0.00554,0.00564,0.00565,0.00566,0.00567,0.00568,0.00569,0.0057,0.00571,0.00572,0.00573,21214.2,1054010.3,1029757.5,1850685.9,409433.9,368999.7,275484.3,192299.8,219222.8,57520.1,228056.3,716558.7,445280.5,425320.7,285094.6,269493.3,323084.7,192232.5,194063.7,193707.8
265,0.00561,0.0056,0.00559,0.00558,0.00557,0.00556,0.00555,0.00554,0.00553,0.00552,0.00562,0.00563,0.00564,0.00565,0.00566,0.00567,0.00568,0.00569,0.0057,0.00571,278391.5,1281421.3,1711904.4,1185971.4,429985.7,226160.5,255415.8,192232.5,693220.5,154481.9,210856,822245.7,799039.1,441884.8,332496.4,322251.6,197576.3,193294.4,287844.1,192232.5
266,0.00561,0.0056,0.00559,0.00558,0.00557,0.00556,0.00555,0.00554,0.00553,0.00552,0.00562,0.00563,0.00564,0.00565,0.00566,0.00567,0.00568,0.00569,0.0057,0.00571,406015.2,1120964.4,1225273.4,1721206.4,430111.1,226160.5,255415.8,192232.5,693220.5,154481.9,214779.7,635482,949047.4,441884.8,332496.4,287541,197576.3,193294.4,287844.1,192232.5
267,0.00562,0.00561,0.0056,0.00559,0.00558,0.00557,0.00556,0.00555,0.00554,0.00553,0.00563,0.00564,0.00565,0.00566,0.00567,0.00568,0.00569,0.0057,0.00571,0.00572,503569.9,539471.7,873051.6,1579523.5,1278909.1,337306.3,192299.8,255415.8,192232.5,693220.5,286301.3,619628.9,609861.6,428337,321074.2,197576.3,193294.4,287844.1,192232.5,23093
268,0.00562,0.00561,0.0056,0.00559,0.00558,0.00557,0.00556,0.00555,0.00554,0.00553,0.00563,0.00564,0.00565,0.00566,0.00567,0.00568,0.00569,0.0057,0.00571,0.00572,240591.7,881564.8,921260.8,1440095,1237766.7,339172.2,192299.8,219222.8,192232.5,693220.5,76553.4,693843.8,445593,428337,321074.2,244438.9,193294.4,287844.1,192232.5,23093
269,0.00562,0.00561,0.0056,0.00559,0.00558,0.00557,0.00556,0.00555,0.00554,0.00553,0.00563,0.00564,0.00565,0.00566,0.00567,0.00568,0.00569,0.0057,0.00571,0.00572,21219.8,934040.8,742038.3,1618452.5,1249058.7,378766.9,192299.8,219222.8,212583.8,522249.8,294045.5,708102.3,452985.5,428337,321074.2,217927.6,193294.4,287844.1,192232.5,23093
270,0.00562,0.00561,0.0056,0.00559,0.00558,0.00557,0.00556,0.00555,0.00554,0.00553,0.00563,0.00564,0.00565,0.00566,0.00567,0.00568,0.00569,0.0057,0.00571,0.00572,200194.6,626728.8,1705957.6,953463.9,1248982,378766.9,192299.8,219222.8,212583.8,522249.8,294045.5,700805.5,509344.2,428337,321074.2,217927.6,193294.4,287844.1,192232.5,23093
271,0.00562,0.00561,0.0056,0.00559,0.00558,0.00557,0.00556,0.00555,0.00554,0.00553,0.00563,0.00564,0.00565,0.00566,0.00567,0.00568,0.00569,0.0057,0.00571,0.00572,244617.3,1047032.8,1736774.6,964471.6,883738.9,304906.4,192299.8,219222.8,212583.8,522249.8,61881.9,712148.9,445593,439345.7,321074.2,262449.4,193294.4,287844.1,192232.5,23093
272,0.00563,0.00562,0.00561,0.0056,0.00559,0.00558,0.00557,0.00556,0.00555,0.00554,0.00564,0.00565,0.00566,0.00567,0.00568,0.00569,0.0057,0.00571,0.00572,0.00573,29222.1,730567.1,652724.4,1662794.5,819563.1,790880.5,304906.4,192299.8,219222.8,41613.1,308161,900133.9,748979.6,393340.5,277462.7,213828,287844.1,192232.5,23093,22737.1
273,0.00562,0.00561,0.0056,0.00559,0.00558,0.00557,0.00556,0.00555,0.00554,0.00553,0.00563,0.00564,0.00565,0.00566,0.00567,0.00568,0.00569,0.0057,0.00571,0.00572,236585.3,723104.8,1597921.4,1129341.3,883686.7,338863.6,192299.8,219222.8,41613.1,522249.8,171936.8,702593.4,562088,728729.6,300824.2,257212.7,193578,267594.1,171982.5,9991.5
274,0.00562,0.00561,0.0056,0.00559,0.00558,0.00557,0.00556,0.00555,0.00554,0.00553,0.00563,0.00564,0.00565,0.00566,0.00567,0.00568,0.00569,0.0057,0.00571,0.00572,192190.5,650087,1238123.9,1656972.6,883735.5,338863.6,192299.8,219222.8,212583.8,522249.8,225290.4,875155.3,569570,717720.9,300824.2,212690.9,193578,267594.1,171982.5,9991.5
275,0.00562,0.00561,0.0056,0.00559,0.00558,0.00557,0.00556,0.00555,0.00554,0.00553,0.00563,0.00564,0.00565,0.00566,0.00567,0.00568,0.00569,0.0057,0.00571,0.00572,230251.7,1035348.7,1416163.5,1432082.7,761953.3,339285.9,192299.8,219222.8,212583.8,522249.8,173045.9,871122.9,569705.2,717720.9,300824.2,284698.3,193578,267594.1,171982.5,9991.5
276,0.00562,0.00561,0.0056,0.00559,0.00558,0.00557,0.00556,0.00555,0.00554,0.00553,0.00563,0.00564,0.00565,0.00566,0.00567,0.00568,0.00569,0.0057,0.00571,0.00572,266466.4,1034215.6,1382570.2,1432082.7,761986.3,339285.9,192299.8,219222.8,212583.8,522249.8,171936.8,869548.1,562088,728831.9,300824.2,266511.5,193578,267594.1,171982.5,9991.5
277,0.00562,0.00561,0.0056,0.00559,0.00558,0.00557,0.00556,0.00555,0.00554,0.00553,0.00563,0.00564,0.00565,0.00566,0.00567,0.00568,0.00569,0.0057,0.00571,0.00572,211754.4,1035294,1416078.7,1432082.7,761984.3,339285.9,192299.8,219222.8,212583.8,522249.8,207120,872099.8,569500.7,717720.9,300824.2,247823.8,193578,267594.1,171982.5,9991.5
278,0.00562,0.00561,0.0056,0.00559,0.00558,0.00557,0.00556,0.00555,0.00554,0.00553,0.00563,0.00564,0.00565,0.00566,0.00567,0.00568,0.00569,0.0057,0.00571,0.00572,211754.4,961056.8,1416078.7,1432082.5,761920.3,338891.8,192299.8,219222.8,212583.8,522249.8,226463.6,874325.4,569500.7,717720.9,300824.2,212690.9,193578,267594.1,171982.5,9991.5
279,0.00562,0.00561,0.0056,0.00559,0.00558,0.00557,0.00556,0.00555,0.00554,0.00553,0.00563,0.00564,0.00565,0.00566,0.00567,0.00568,0.00569,0.0057,0.00571,0.00572,40783.7,925560.4,1438400.1,1432082.5,762087.6,373021.6,192299.8,219222.8,212583.8,522249.8,267172.6,841023.7,569500.7,717720.9,300824.2,212690.9,193578,267594.1,171982.5,9991.5
280,0.00562,0.00561,0.0056,0.00559,0.00558,0.00557,0.00556,0.00555,0.00554,0.00553,0.00563,0.00564,0.00565,0.00566,0.00567,0.00568,0.00569,0.0057,0.00571,0.00572,211754.4,804481.4,1290946.2,1432069.2,669136.8,465920.7,192299.8,219222.8,212583.8,522249.8,267172.6,892991,516945,717720.9,300824.2,212690.9,193578,267594.1,171982.5,9991.5
281,0.00562,0.00561,0.0056,0.00559,0.00558,0.00557,0.00556,0.00555,0.00554,0.00553,0.00563,0.00564,0.00565,0.00566,0.00567,0.00568,0.00569,0.0057,0.00571,0.00572,191504.4,784201.4,1272580.4,1411819.2,741785.9,352771.6,172049.8,198972.8,192333.8,501999.8,267172.6,892961,516945,717720.9,300824.2,212690.9,193578,267594.1,171982.5,9991.5
282,0.00562,0.00561,0.0056,0.00559,0.00558,0.00557,0.00556,0.00555,0.00554,0.00553,0.00563,0.00564,0.00565,0.00566,0.00567,0.00568,0.00569,0.0057,0.00571,0.00572,241780.2,1001630.9,1272580.4,1411819.2,741721.9,318641.8,172049.8,198972.8,192333.8,501999.8,213752.9,887445.9,520653.2,717720.9,300824.2,263229.8,193578,267594.1,171982.5,9991.5
283,0.00562,0.00561,0.0056,0.00559,0.00558,0.00557,0.00556,0.00555,0.00554,0.00553,0.00563,0.00564,0.00565,0.00566,0.00567,0.00568,0.00569,0.0057,0.00571,0.00572,224348.2,616579.6,1398554.4,1411819.2,741740.4,318641.8,172049.8,198972.8,192333.8,501999.8,213748.5,556498.8,516945,717720.9,300824.2,263782,193578,267594.1,171982.5,9991.5
284,0.00562,0.00561,0.0056,0.00559,0.00558,0.00557,0.00556,0.00555,0.00554,0.00553,0.00563,0.00564,0.00565,0.00566,0.00567,0.00568,0.00569,0.0057,0.00571,0.00572,19501.7,927465.8,1313631.4,1465331.6,648886.8,411565.7,172049.8,198972.8,192333.8,501999.8,247501.1,701120.8,516945,717720.9,300824.2,246541.7,193578,267594.1,171982.5,9991.5
285,0.00562,0.00561,0.0056,0.00559,0.00558,0.00557,0.00556,0.00555,0.00554,0.00553,0.00563,0.00564,0.00565,0.00566,0.00567,0.00568,0.00569,0.0057,0.00571,0.00572,225601.3,927435.8,1367160.8,1400810.5,752868.1,318641.8,172049.8,198972.8,192333.8,501999.8,248584.2,654580.8,516945,717720.9,300824.2,251532.3,193578,267594.1,171982.5,9991.5
286,0.00562,0.00561,0.0056,0.00559,0.00558,0.00557,0.00556,0.00555,0.00554,0.00553,0.00563,0.00564,0.00565,0.00566,0.00567,0.00568,0.00569,0.0057,0.00571,0.00572,226726.3,857131.9,1366839.3,1400810.5,659951.8,318641.8,172049.8,198972.8,192333.8,501999.8,247444.2,655661.1,516945,717720.9,300824.2,249888.2,193578,267594.1,171982.5,9991.5
287,0.00562,0.00561,0.0056,0.00559,0.00558,0.00557,0.00556,0.00555,0.00554,0.00553,0.00563,0.00564,0.00565,0.00566,0.00567,0.00568,0.00569,0.0057,0.00571,0.00572,80309.8,927332.4,1404630.9,1362481.8,659951.8,321779.1,172049.8,198972.8,192333.8,501999.8,220091.1,689707.2,506879.5,725811.2,300824.2,212690.9,193578,267594.1,171982.5,9991.5
288,0.00562,0.00561,0.0056,0.00559,0.00558,0.00557,0.00556,0.00555,0.00554,0.00553,0.00563,0.00564,0.00565,0.00566,0.00567,0.00568,0.00569,0.0057,0.00571,0.00572,80309.8,1001427,1891261.9,875850.8,752859.2,321779.1,172049.8,198972.8,192333.8,501999.8,217934.5,692825.7,506858,725811.2,300824.2,212690.9,193578,267594.1,171982.5,9991.5
289,0.00562,0.00561,0.0056,0.00559,0.00558,0.00557,0.00556,0.00555,0.00554,0.00553,0.00563,0.00564,0.00565,0.00566,0.00567,0.00568,0.00569,0.0057,0.00571,0.00572,244530.7,927352,1404630.9,1362481.7,752908.8,321779.1,172049.8,198972.8,192333.8,501999.8,217931.8,692803.8,506858,725811.2,300824.2,246256,193578,267594.1,171982.5,9991.5
290,0.00562,0.00561,0.0056,0.00559,0.00558,0.00557,0.00556,0.00555,0.00554,0.00553,0.00563,0.00564,0.00565,0.00566,0.00567,0.00568,0.00569,0.0057,0.00571,0.00572,122380.6,1001435.4,1404630.9,1362481.7,752853,318093.5,172049.8,198972.8,192333.8,501999.8,173052.3,831991.2,506858,725811.2,300824.2,284167.8,193578,267594.1,171982.5,9991.5
291,0.00562,0.00561,0.0056,0.00559,0.00558,0.00557,0.00556,0.00555,0.00554,0.00553,0.00563,0.00564,0.00565,0.00566,0.00567,0.00568,0.00569,0.0057,0.00571,0.00572,108486.8,927258.7,1404630.9,1362482,659951.8,411025.7,172049.8,198972.8,192333.8,501999.8,208246.2,833820,507043.9,725811.2,300824.2,246256,193578,267594.1,171982.5,9991.5
292,0.00562,0.00561,0.0056,0.00559,0.00558,0.00557,0.00556,0.00555,0.00554,0.00553,0.00563,0.00564,0.00565,0.00566,0.00567,0.00568,0.00569,0.0057,0.00571,0.00572,227182.5,923487.9,1319540.7,1382523.3,720390.7,318093.5,172049.8,198972.8,192333.8,501999.8,171938.7,685397.5,507958.8,725811.2,300824.2,280979,193578,267594.1,171982.5,9991.5
293,0.00562,0.00561,0.0056,0.00559,0.00558,0.00557,0.00556,0.00555,0.00554,0.00553,0.00563,0.00564,0.00565,0.00566,0.00567,0.00568,0.00569,0.0057,0.00571,0.00572,17726.8,924592.9,1373396,1327982.3,720469.2,352687.8,172049.8,198972.8,192333.8,501999.8,207217.4,690486.9,507958.8,725811.2,300824.2,247018.4,193578,267594.1,171982.5,9991.5
