timestamp,bid_price_0,bid_price_1,bid_price_2,bid_price_3,bid_price_4,bid_price_5,bid_price_6,bid_price_7,bid_price_8,bid_price_9,ask_price_0,ask_price_1,ask_price_2,ask_price_3,ask_price_4,ask_price_5,ask_price_6,ask_price_7,ask_price_8,ask_price_9,bid_size_0,bid_size_1,bid_size_2,bid_size_3,bid_size_4,bid_size_5,bid_size_6,bid_size_7,bid_size_8,bid_size_9,ask_size_0,ask_size_1,ask_size_2,ask_size_3,ask_size_4,ask_size_5,ask_size_6,ask_size_7,ask_size_8,ask_size_9
0,0.0056,0.00559,0.00558,0.00557,0.00556,0.00555,0.00554,0.00553,0.00552,0.00551,0.00561,0.00562,0.00563,0.00564,0.00565,0.00566,0.00567,0.00568,0.00569,0.0057,53767.2,905343.5,1460384.6,1325885.7,362695.9,288626.9,192232.5,670090.7,191958.5,139279.8,303531.1,593806.5,850787.2,588000.3,353439.6,291493.4,368982.6,228531.9,192232.5,26396.1
1,0.0056,0.00559,0.00558,0.00557,0.00556,0.00555,0.00554,0.00553,0.00552,0.00551,0.00561,0.00562,0.00563,0.00564,0.00565,0.00566,0.00567,0.00568,0.00569,0.0057,76088.6,883019.6,1460384.6,1325885.7,362695.9,288626.9,192232.5,670090.7,191958.5,139279.8,303531.1,593806.5,820352.3,588000.3,353439.6,291493.4,368982.6,228531.9,192232.5,26396.1
2,0.0056,0.00559,0.00558,0.00557,0.00556,0.00555,0.00554,0.00553,0.00552,0.00551,0.00561,0.00562,0.00563,0.00564,0.00565,0.00566,0.00567,0.00568,0.00569,0.0057,110593.2,957394.5,1425436.2,1325885.7,362695.9,288626.9,192232.5,670090.7,191958.5,139279.8,269184.3,593806.5,833569.1,599152,353439.6,291493.4,368982.6,228531.9,192232.5,26396.1
3,0.0056,0.00559,0.00558,0.00557,0.00556,0.00555,0.00554,0.00553,0.00552,0.00551,0.00561,0.00562,0.00563,0.00564,0.00565,0.00566,0.00567,0.00568,0.00569,0.0057,294195,874460.5,1542449.5,1325908.5,362695.9,244776.3,192232.5,499120,191958.5,139279.8,234066.8,594907.2,832111.2,599262.1,353439.6,291493.4,368982.6,228531.9,192232.5,26396.1
4,0.0056,0.00559,0.00558,0.00557,0.00556,0.00555,0.00554,0.00553,0.00552,0.00551,0.00561,0.00562,0.00563,0.00564,0.00565,0.00566,0.00567,0.00568,0.00569,0.0057,260697.8,897931,1507409.2,1325889.8,362695.9,278708.1,192232.5,499120,191958.5,139279.8,269706.1,593806.5,833707.5,599262.1,353439.6,291493.4,368982.6,228531.9,192232.5,26396.1
5,0.0056,0.00559,0.00558,0.00557,0.00556,0.00555,0.00554,0.00553,0.00552,0.00551,0.00561,0.00562,0.00563,0.00564,0.00565,0.00566,0.00567,0.00568,0.00569,0.0057,247059.3,685209.8,1658480.4,1325918.9,362695.9,315292.4,192232.5,499120,191958.5,139279.8,269688.2,645657.1,792991,588000.3,353439.6,291493.4,368982.6,228531.9,192232.5,26396.1
6,0.0056,0.00559,0.00558,0.00557,0.00556,0.00555,0.00554,0.00553,0.00552,0.00551,0.00561,0.00562,0.00563,0.00564,0.00565,0.00566,0.00567,0.00568,0.00569,0.0057,281972,744075.2,1604034.3,1325912.7,362695.9,278708.1,192232.5,499120,191958.5,139279.8,235181.5,639022.8,792991,588000.3,353439.6,291493.4,368982.6,228531.9,192232.5,26396.1
7,0.0056,0.00559,0.00558,0.00557,0.00556,0.00555,0.00554,0.00553,0.00552,0.00551,0.00561,0.00562,0.00563,0.00564,0.00565,0.00566,0.00567,0.00568,0.00569,0.0057,53767.2,711604.7,1657405.2,1325945.9,362695.9,278708.1,192232.5,670090.7,191958.5,102824,289145,639810.8,792991,588000.3,353439.6,291493.4,368982.6,228531.9,192232.5,26396.1
8,0.0056,0.00559,0.00558,0.00557,0.00556,0.00555,0.00554,0.00553,0.00552,0.00551,0.00561,0.00562,0.00563,0.00564,0.00565,0.00566,0.00567,0.00568,0.00569,0.0057,973.6,678518.3,1252273.1,1749247.8,374022.7,349654.8,192232.5,670090.7,191958.5,102824,329894.4,639845,835213.5,609683.6,311217.1,236950.1,368982.6,193167.3,192232.5,26396.1
9,0.00559,0.00558,0.00557,0.00556,0.00555,0.00554,0.00553,0.00552,0.00551,0.0055,0.0056,0.00561,0.00562,0.00563,0.00564,0.00565,0.00566,0.00567,0.00568,0.00569,424706.9,1440503.6,1695522.6,503645.3,348919.3,192232.5,670090.7,191958.5,66368.2,1011075.1,56519.2,488420.5,575281.3,835213.5,505986.5,311217.1,236950.1,368982.6,193167.3,192232.5
10,0.00559,0.00558,0.00557,0.00556,0.00555,0.00554,0.00553,0.00552,0.00551,0.0055,0.0056,0.00561,0.00562,0.00563,0.00564,0.00565,0.00566,0.00567,0.00568,0.00569,216558.2,1270047.6,1301862.3,1034146.6,348919.3,226211.1,649706.6,326539.5,50337.9,1011075.1,260853.1,582320,475281.3,862723.8,424885.6,274627.9,257323.3,348258.5,193167.3,192232.5
11,0.0056,0.00559,0.00558,0.00557,0.00556,0.00555,0.00554,0.00553,0.00552,0.00551,0.00561,0.00562,0.00563,0.00564,0.00565,0.00566,0.00567,0.00568,0.00569,0.0057,223624.1,737449.6,1453360.5,1405317.4,503645.3,314901.1,192232.5,478735.9,155568.8,50337.9,263523.5,588147.8,862723.8,424885.6,367468.5,292064.9,291667.3,193167.3,192232.5,26396.1
12,0.0056,0.00559,0.00558,0.00557,0.00556,0.00555,0.00554,0.00553,0.00552,0.00551,0.00561,0.00562,0.00563,0.00564,0.00565,0.00566,0.00567,0.00568,0.00569,0.0057,191220.7,737422.8,964993.5,1893592.9,503645.3,314901.1,192232.5,478735.9,155568.8,50337.9,263535.8,594902.4,862876,545373.7,367468.5,292064.9,291667.3,193167.3,192232.5,26396.1
13,0.00559,0.00558,0.00557,0.00556,0.00555,0.00554,0.00553,0.00552,0.00551,0.0055,0.0056,0.00561,0.00562,0.00563,0.00564,0.00565,0.00566,0.00567,0.00568,0.00569,425184.3,1642766.7,1811531.8,469614.5,351681.5,192232.5,649706.6,155568.8,50337.9,1011075.1,51693.4,681302.6,497523.3,862876,424885.6,367468.5,257323.3,291667.3,193167.3,192232.5
14,0.0056,0.00559,0.00558,0.00557,0.00556,0.00555,0.00554,0.00553,0.00552,0.00551,0.00561,0.00562,0.00563,0.00564,0.00565,0.00566,0.00567,0.00568,0.00569,0.0057,270272.1,1174430.1,918683,1904837.9,498809.1,315059.9,192232.5,478735.9,155568.8,50337.9,57583.4,621378.7,905089.1,556507.1,367468.5,331001.4,291667.3,193167.3,192232.5,26396.1
15,0.0056,0.00559,0.00558,0.00557,0.00556,0.00555,0.00554,0.00553,0.00552,0.00551,0.00561,0.00562,0.00563,0.00564,0.00565,0.00566,0.00567,0.00568,0.00569,0.0057,265295,1176347,1485921.9,1305762.3,498809.1,315059.9,192232.5,499482.6,155568.8,139279.8,232201.1,687889.2,461940.6,637608,367468.5,331001.4,291667.3,193167.3,192232.5,26396.1
16,0.0056,0.00559,0.00558,0.00557,0.00556,0.00555,0.00554,0.00553,0.00552,0.00551,0.00561,0.00562,0.00563,0.00564,0.00565,0.00566,0.00567,0.00568,0.00569,0.0057,263263.6,856272.2,1485922.3,1305732.1,498809.1,315059.9,192232.5,499482.6,191958.5,139279.8,232201.1,513250,486698.8,637608,310877.3,331001.4,348258.5,193167.3,192232.5,26396.1
17,0.00561,0.0056,0.00559,0.00558,0.00557,0.00556,0.00555,0.00554,0.00553,0.00552,0.00562,0.00563,0.00564,0.00565,0.00566,0.00567,0.00568,0.00569,0.0057,0.00571,237899.3,755876.2,853246,1252411.9,778754.7,484868.5,244776.3,21261.8,535806.5,191958.5,244123.8,496554.4,626309.8,449194.8,321926.4,405361.8,193167.3,192232.5,26396.1,21261.8
18,0.00561,0.0056,0.00559,0.00558,0.00557,0.00556,0.00555,0.00554,0.00553,0.00552,0.00562,0.00563,0.00564,0.00565,0.00566,0.00567,0.00568,0.00569,0.0057,0.00571,237899.3,806967.6,1716806.5,1070015.8,431993.1,484868.5,244776.3,21261.8,535806.5,191958.5,242668.8,525884.7,626309.8,449194.8,321926.4,405361.8,193167.3,192232.5,26396.1,21261.8
19,0.0056,0.00559,0.00558,0.00557,0.00556,0.00555,0.00554,0.00553,0.00552,0.00551,0.00561,0.00562,0.00563,0.00564,0.00565,0.00566,0.00567,0.00568,0.00569,0.0057,317827.4,1202430.7,1897994.7,548269.3,355245.9,244776.3,192232.5,535806.5,191958.5,102824,76694.1,430502.3,492151.1,626309.8,353099.8,286436.8,368514.2,228531.9,192232.5,26396.1
20,0.00561,0.0056,0.00559,0.00558,0.00557,0.00556,0.00555,0.00554,0.00553,0.00552,0.00562,0.00563,0.00564,0.00565,0.00566,0.00567,0.00568,0.00569,0.0057,0.00571,223622.9,787826.5,811599.1,2003027.6,431993.1,366918.1,244776.3,21261.8,535806.5,191958.5,230460.7,515751.4,626309.8,438601.2,286436.8,409301.6,228531.9,192232.5,197366.8,21261.8
21,0.00561,0.0056,0.00559,0.00558,0.00557,0.00556,0.00555,0.00554,0.00553,0.00552,0.00562,0.00563,0.00564,0.00565,0.00566,0.00567,0.00568,0.00569,0.0057,0.00571,319783.9,818815.3,1328276.4,1544440.7,420729.4,294506.7,244776.3,21261.8,535806.5,191958.5,21396.1,494010.2,678166,796484.3,286436.8,443368.6,228531.9,192232.5,197366.8,21261.8
22,0.00561,0.0056,0.00559,0.00558,0.00557,0.00556,0.00555,0.00554,0.00553,0.00552,0.00562,0.00563,0.00564,0.00565,0.00566,0.00567,0.00568,0.00569,0.0057,0.00571,604265.3,1165537.7,1175144.6,1306337.3,379468.1,294506.7,244776.3,93778.4,572130.4,191958.5,20250,475448.4,651573.5,877527.9,339708.4,366521.7,248989,248823.7,197366.8,21261.8
23,0.00562,0.00561,0.0056,0.00559,0.00558,0.00557,0.00556,0.00555,0.00554,0.00553,0.00563,0.00564,0.00565,0.00566,0.00567,0.00568,0.00569,0.0057,0.00571,0.00572,20250,604327.8,903863.4,1227572,1306370.4,379468.1,294506.7,280969.3,93778.4,535806.5,236230.6,728082.4,877527.9,459913.9,366521.7,282884.3,248823.7,197366.8,21261.8,15162.5
24,0.00563,0.00562,0.00561,0.0056,0.00559,0.00558,0.00557,0.00556,0.00555,0.00554,0.00565,0.00566,0.00567,0.00568,0.00569,0.0057,0.00571,0.00572,0.00573,0.00574,455865.5,540302.3,1465521.2,945320.3,499936.6,774302.7,268843.3,123536,130621.8,93778.4,953334.8,967757.5,510004.1,427007.5,297465.7,217544.6,192232.5,186133.2,57793.2,20250
25,0.00563,0.00562,0.00561,0.0056,0.00559,0.00558,0.00557,0.00556,0.00555,0.00554,0.00564,0.00565,0.00566,0.00567,0.00568,0.00569,0.0057,0.00571,0.00572,0.00573,263503.8,548877.1,1254714,1483088.6,438051.2,774302.7,304906.4,159663.9,94428.8,130036.7,20250,570068,504850.2,500554.7,332126.2,297465.7,217544.6,227411.3,186133.2,22737.1
26,0.00563,0.00562,0.00561,0.0056,0.00559,0.00558,0.00557,0.00556,0.00555,0.00554,0.00564,0.00565,0.00566,0.00567,0.00568,0.00569,0.0057,0.00571,0.00572,0.00573,363503.8,395564.6,1281378.9,1437828.4,438051.2,774302.7,304906.4,159663.9,94428.8,130036.7,20250,514969.5,685922.8,329104.9,332126.2,297465.7,308021.9,192232.5,186133.2,22737.1
27,0.00563,0.00562,0.00561,0.0056,0.00559,0.00558,0.00557,0.00556,0.00555,0.00554,0.00564,0.00565,0.00566,0.00567,0.00568,0.00569,0.0057,0.00571,0.00572,0.00573,327215.9,693106.7,1725506.3,993293.9,438051.2,809897.9,304906.4,159663.9,94428.8,130036.7,191220.7,721792.9,776043.4,428244.6,332126.2,297465.7,308021.9,227411.3,186133.2,22737.1
28,0.00563,0.00562,0.00561,0.0056,0.00559,0.00558,0.00557,0.00556,0.00555,0.00554,0.00564,0.00565,0.00566,0.00567,0.00568,0.00569,0.0057,0.00571,0.00572,0.00573,327215.9,1010384.5,1284503.2,1153075,407179.2,680555.8,268843.3,159663.9,130621.8,130036.7,191220.7,777316.1,680452.4,428244.6,332126.2,297465.7,308021.9,227411.3,186133.2,22737.1
29,0.00563,0.00562,0.00561,0.0056,0.00559,0.00558,0.00557,0.00556,0.00555,0.00554,0.00565,0.00566,0.00567,0.00568,0.00569,0.0057,0.00571,0.00572,0.00573,0.00574,602649.2,895171.2,1609139.6,990288.7,407179.2,299362.5,268843.3,159663.9,130621.8,130036.7,693431.1,769170,428244.6,501792.6,297465.7,308021.9,227411.3,186133.2,22737.1,20250
30,0.00564,0.00563,0.00562,0.00561,0.0056,0.00559,0.00558,0.00557,0.00556,0.00555,0.00565,0.00566,0.00567,0.00568,0.00569,0.0057,0.00571,0.00572,0.00573,0.00574,20250,653066.4,910716.2,1609348.1,990282.5,407179.2,299362.5,268843.3,159663.9,130621.8,543251.3,647337.3,475349.9,621188.2,297465.7,308021.9,227411.3,186133.2,22737.1,20250
31,0.00564,0.00563,0.00562,0.00561,0.0056,0.00559,0.00558,0.00557,0.00556,0.00555,0.00565,0.00566,0.00567,0.00568,0.00569,0.0057,0.00571,0.00572,0.00573,0.00574,20250,630863.9,1111408.7,1483479.3,959394.8,407179.2,299362.5,268843.3,123536,130621.8,552651,647734.7,475349.9,621188.2,297465.7,308021.9,227411.3,186133.2,22737.1,20250
32,0.00564,0.00563,0.00562,0.00561,0.0056,0.00559,0.00558,0.00557,0.00556,0.00555,0.00565,0.00566,0.00567,0.00568,0.00569,0.0057,0.00571,0.00572,0.00573,0.00574,20250,630863.9,932346.5,1483479.3,959394.8,406867.2,299362.5,268843.3,123536,130621.8,276791.4,813484.3,560774.4,551114.1,297465.7,342570.5,227411.3,186133.2,22737.1,20250
33,0.00563,0.00562,0.00561,0.0056,0.00559,0.00558,0.00557,0.00556,0.00555,0.00554,0.00564,0.00565,0.00566,0.00567,0.00568,0.00569,0.0057,0.00571,0.00572,0.00573,265351.2,1449577.2,1568086.8,1000422.5,406867.2,299362.5,268843.3,123536,130621.8,93778.4,206193,545692.1,651411.4,560774.4,462320.6,297465.7,308021.9,227411.3,186133.2,22737.1
34,0.00563,0.00562,0.00561,0.0056,0.00559,0.00558,0.00557,0.00556,0.00555,0.00554,0.00564,0.00565,0.00566,0.00567,0.00568,0.00569,0.0057,0.00571,0.00572,0.00573,398997.1,1012246.6,1681637.8,1000467.7,406867.2,334735.6,268843.3,123536,94428.8,93778.4,207152.9,539125.9,676245.4,479758.9,451521.8,332768.2,308021.9,192232.5,186133.2,22737.1
35,0.00563,0.00562,0.00561,0.0056,0.00559,0.00558,0.00557,0.00556,0.00555,0.00554,0.00564,0.00565,0.00566,0.00567,0.00568,0.00569,0.0057,0.00571,0.00572,0.00573,260542.1,1183770.4,1677616.3,1000459.5,406867.2,299362.5,268843.3,123536,94428.8,93778.4,207161.4,513545.9,725747.8,479758.9,451521.8,332768.2,308021.9,192232.5,186133.2,22737.1
36,0.00563,0.00562,0.00561,0.0056,0.00559,0.00558,0.00557,0.00556,0.00555,0.00554,0.00564,0.00565,0.00566,0.00567,0.00568,0.00569,0.0057,0.00571,0.00572,0.00573,226943.2,778267,1913317.1,1000451.3,406867.2,333686.7,268843.3,123536,94428.8,93778.4,206045.7,565891.3,503061.3,479758.9,451521.8,332768.2,308021.9,192232.5,186133.2,22737.1
37,0.00563,0.00562,0.00561,0.0056,0.00559,0.00558,0.00557,0.00556,0.00555,0.00554,0.00564,0.00565,0.00566,0.00567,0.00568,0.00569,0.0057,0.00571,0.00572,0.00573,19974,679573.4,1399045.4,1819747.2,418084.8,369004.4,268843.3,294506.7,94428.8,93778.4,553445.4,512579.8,633494.9,456866.4,332126.2,248823.7,308021.9,192232.5,186133.2,22737.1
38,0.00563,0.00562,0.00561,0.0056,0.00559,0.00558,0.00557,0.00556,0.00555,0.00554,0.00564,0.00565,0.00566,0.00567,0.00568,0.00569,0.0057,0.00571,0.00572,0.00573,21216.1,679573.4,1129676.8,1819747.2,418084.8,369004.4,268843.3,294506.7,94428.8,93778.4,384284.6,737292.4,633494.9,456866.4,332126.2,248823.7,308021.9,192232.5,186133.2,22737.1
39,0.00563,0.00562,0.00561,0.0056,0.00559,0.00558,0.00557,0.00556,0.00555,0.00554,0.00564,0.00565,0.00566,0.00567,0.00568,0.00569,0.0057,0.00571,0.00572,0.00573,241485.6,1133219.9,927244.8,1819569,418084.8,299362.5,268843.3,123536,94428.8,93778.4,207149.4,549822.9,798593.7,467894.2,332126.2,324159.7,308021.9,192232.5,186133.2,22737.1
40,0.00563,0.00562,0.00561,0.0056,0.00559,0.00558,0.00557,0.00556,0.00555,0.00554,0.00564,0.00565,0.00566,0.00567,0.00568,0.00569,0.0057,0.00571,0.00572,0.00573,21216.1,987051.7,838636.6,1362404.5,1019848.3,374698.5,268843.3,294506.7,94428.8,57520.1,414622.1,643745.8,686746.3,456866.4,278854.6,248823.7,308021.9,192232.5,186133.2,22737.1
41,0.00562,0.00561,0.0056,0.00559,0.00558,0.00557,0.00556,0.00555,0.00554,0.00553,0.00563,0.00564,0.00565,0.00566,0.00567,0.00568,0.00569,0.0057,0.00571,0.00572,21216.1,878182.8,883606.1,1431043.8,1001809.3,379176.2,294506.7,265399.5,21261.8,478735.9,384316.1,730837.1,503607.8,1022417.9,414317.9,241188.7,212668.9,287844.1,192232.5,186133.2
42,0.00561,0.0056,0.00559,0.00558,0.00557,0.00556,0.00555,0.00554,0.00553,0.00552,0.00562,0.00563,0.00564,0.00565,0.00566,0.00567,0.00568,0.00569,0.0057,0.00571,280176.8,1073816.2,817288.7,1124339.8,390205.8,331272.7,244776.3,192232.5,499378.1,191958.5,206212.2,780969.8,1104389.7,375739.8,334800,380250.9,224798.4,192232.5,287844.1,192232.5
43,0.00561,0.0056,0.00559,0.00558,0.00557,0.00556,0.00555,0.00554,0.00553,0.00552,0.00562,0.00563,0.00564,0.00565,0.00566,0.00567,0.00568,0.00569,0.0057,0.00571,440489.1,905472.8,1456684.6,1240385.7,390205.8,331272.7,244776.3,21261.8,499378.1,191958.5,205907.1,680778.6,770602.5,346285.4,334800,380250.9,224798.4,192232.5,287844.1,192232.5
44,0.00561,0.0056,0.00559,0.00558,0.00557,0.00556,0.00555,0.00554,0.00553,0.00552,0.00562,0.00563,0.00564,0.00565,0.00566,0.00567,0.00568,0.00569,0.0057,0.00571,580181.7,902510.6,1113283.6,1587320.4,390205.8,331272.7,244776.3,21261.8,646378.1,191958.5,205614.3,682344,770183.2,346285.4,334800,380250.9,224798.4,192232.5,287844.1,192232.5
45,0.00561,0.0056,0.00559,0.00558,0.00557,0.00556,0.00555,0.00554,0.00553,0.00552,0.00562,0.00563,0.00564,0.00565,0.00566,0.00567,0.00568,0.00569,0.0057,0.00571,436659.4,901386.5,1113283.6,1598409.7,379176.2,294506.7,244776.3,21261.8,646378.1,191958.5,204488.1,689913.4,773851.5,346285.4,334800,414799.5,224798.4,192232.5,287844.1,192232.5
46,0.00561,0.0056,0.00559,0.00558,0.00557,0.00556,0.00555,0.00554,0.00553,0.00552,0.00562,0.00563,0.00564,0.00565,0.00566,0.00567,0.00568,0.00569,0.0057,0.00571,262072.4,1220163.2,1113283.6,1598411.8,379176.2,328819.3,244776.3,21261.8,499378.1,191958.5,205599.4,856667.4,649958.4,346285.4,281528.4,380250.9,224798.4,192232.5,287844.1,192232.5
47,0.00561,0.0056,0.00559,0.00558,0.00557,0.00556,0.00555,0.00554,0.00553,0.00552,0.00562,0.00563,0.00564,0.00565,0.00566,0.00567,0.00568,0.00569,0.0057,0.00571,297415.6,1219020,1559823.8,1192960.6,379176.2,294506.7,244776.3,21261.8,499378.1,191958.5,204488.1,791440.8,675829.7,346368.8,281528.4,414329.7,224798.4,192232.5,287844.1,192232.5
48,0.00561,0.0056,0.00559,0.00558,0.00557,0.00556,0.00555,0.00554,0.00553,0.00552,0.00562,0.00563,0.00564,0.00565,0.00566,0.00567,0.00568,0.00569,0.0057,0.00571,325544.9,1235206.3,1559823.6,1193101.8,379176.2,294506.7,244776.3,21261.8,499378.1,155568.8,26883.7,718375.6,733607.2,402960,323750.9,357738.5,224798.4,192232.5,287844.1,192232.5
49,0.00561,0.0056,0.00559,0.00558,0.00557,0.00556,0.00555,0.00554,0.00553,0.00552,0.00562,0.00563,0.00564,0.00565,0.00566,0.00567,0.00568,0.00569,0.0057,0.00571,325544.9,1232731.7,1559823.6,1193103.9,379176.2,294506.7,244776.3,21261.8,499378.1,155568.8,26883.7,724197.1,733607.2,402960,323750.9,357738.5,224798.4,192232.5,287844.1,192232.5
50,0.00561,0.0056,0.00559,0.00558,0.00557,0.00556,0.00555,0.00554,0.00553,0.00552,0.00562,0.00563,0.00564,0.00565,0.00566,0.00567,0.00568,0.00569,0.0057,0.00571,325282.7,1221683.4,1559823.6,1193112.1,379176.2,294506.7,244776.3,21261.8,499378.1,155568.8,26883.7,723757.7,706065.2,402960,323750.9,357738.5,224798.4,192232.5,287844.1,192232.5
51,0.00561,0.0056,0.00559,0.00558,0.00557,0.00556,0.00555,0.00554,0.00553,0.00552,0.00562,0.00563,0.00564,0.00565,0.00566,0.00567,0.00568,0.00569,0.0057,0.00571,325282.7,1402279.2,1379778.9,1192941.9,379176.2,294506.7,244776.3,21261.8,499378.1,155568.8,23566.8,738283.8,686729.1,303022.2,323750.9,357738.5,224798.4,192232.5,357436.9,192232.5
52,0.00562,0.00561,0.0056,0.00559,0.00558,0.00557,0.00556,0.00555,0.00554,0.00553,0.00563,0.00564,0.00565,0.00566,0.00567,0.00568,0.00569,0.0057,0.00571,0.00572,20250,1064558.4,905925.3,1420966.7,1035088.6,379176.2,294506.7,244776.3,21261.8,499378.1,288639.1,988459.1,388467.9,441552.2,357738.5,263320.2,192232.5,357436.9,192232.5,186133.2
53,0.00561,0.0056,0.00559,0.00558,0.00557,0.00556,0.00555,0.00554,0.00553,0.00552,0.00562,0.00563,0.00564,0.00565,0.00566,0.00567,0.00568,0.00569,0.0057,0.00571,397149.2,1296017.7,1710206.7,860821.9,379176.2,294506.7,244776.3,21261.8,499378.1,155568.8,23566.9,699433.4,767926.9,367839.2,323750.9,357738.5,224798.4,192232.5,357436.9,192232.5
54,0.00561,0.0056,0.00559,0.00558,0.00557,0.00556,0.00555,0.00554,0.00553,0.00552,0.00562,0.00563,0.00564,0.00565,0.00566,0.00567,0.00568,0.00569,0.0057,0.00571,419744.1,1023793.6,1933599.9,631846.2,379176.2,294506.7,244776.3,21261.8,499378.1,155568.8,23566.9,540857.5,669357.9,303074.8,323750.9,357738.5,224798.4,192232.5,357436.9,192232.5
55,0.00561,0.0056,0.00559,0.00558,0.00557,0.00556,0.00555,0.00554,0.00553,0.00552,0.00562,0.00563,0.00564,0.00565,0.00566,0.00567,0.00568,0.00569,0.0057,0.00571,214511,1046568.4,1821676.1,633369,379176.2,329984.4,244776.3,192232.5,499378.1,155568.8,234337.3,874700.3,578638.4,399714.4,323750.9,323659.7,224798.4,192232.5,357436.9,192232.5
56,0.00561,0.0056,0.00559,0.00558,0.00557,0.00556,0.00555,0.00554,0.00553,0.00552,0.00562,0.00563,0.00564,0.00565,0.00566,0.00567,0.00568,0.00569,0.0057,0.00571,214511,1098873.2,1768697.8,633369,379176.2,328476,244776.3,192232.5,499378.1,155568.8,194537.6,757067,678638.4,399714.4,323750.9,323659.7,224798.4,192232.5,357436.9,192232.5
57,0.00561,0.0056,0.00559,0.00558,0.00557,0.00556,0.00555,0.00554,0.00553,0.00552,0.00562,0.00563,0.00564,0.00565,0.00566,0.00567,0.00568,0.00569,0.0057,0.00571,24724.6,1097478.1,932117.9,1715167.3,512591.1,369566.1,244776.3,192232.5,499378.1,155568.8,227150.2,866974.1,622797.8,419491.7,270729.6,282241.8,213500.2,192232.5,357436.9,192232.5
58,0.00561,0.0056,0.00559,0.00558,0.00557,0.00556,0.00555,0.00554,0.00553,0.00552,0.00562,0.00563,0.00564,0.00565,0.00566,0.00567,0.00568,0.00569,0.0057,0.00571,33114.6,1091373.5,991567.3,1660958,512591.1,369566.1,244776.3,192232.5,499378.1,155568.8,267176.3,877362.1,622797.8,419491.7,270729.6,282241.8,213500.2,192232.5,357436.9,192232.5
59,0.0056,0.00559,0.00558,0.00557,0.00556,0.00555,0.00554,0.00553,0.00552,0.00551,0.00561,0.00562,0.00563,0.00564,0.00565,0.00566,0.00567,0.00568,0.00569,0.0057,84353.8,1020237.6,1849404.6,927562.3,356178.7,314821.6,192232.5,670348.8,155568.8,29912.4,229339,718828.4,655961.6,915884.3,380525.2,232145.6,316300.1,193167.3,192232.5,266959.6
60,0.0056,0.00559,0.00558,0.00557,0.00556,0.00555,0.00554,0.00553,0.00552,0.00551,0.00561,0.00562,0.00563,0.00564,0.00565,0.00566,0.00567,0.00568,0.00569,0.0057,30908.8,1020228.6,1279885.7,1498049.5,356178.7,354967.4,192232.5,670348.8,155568.8,29912.4,265391.2,982095.6,574630.1,743217.1,422954.2,232145.6,316300.1,193167.3,192232.5,266959.6
61,0.0056,0.00559,0.00558,0.00557,0.00556,0.00555,0.00554,0.00553,0.00552,0.00551,0.00561,0.00562,0.00563,0.00564,0.00565,0.00566,0.00567,0.00568,0.00569,0.0057,53230.2,1033338.1,1311279.4,1623404.7,356178.7,314821.6,192232.5,670348.8,155568.8,29912.4,226140.3,818211.8,747996.2,743217.1,422954.2,232145.6,316300.1,193167.3,192232.5,266959.6
62,0.0056,0.00559,0.00558,0.00557,0.00556,0.00555,0.00554,0.00553,0.00552,0.00551,0.00561,0.00562,0.00563,0.00564,0.00565,0.00566,0.00567,0.00568,0.00569,0.0057,89827,1106638.9,1311279.4,1498044.8,356178.7,314821.6,192232.5,670348.8,155568.8,29912.4,225016.1,992674.8,563405.2,754319,422954.2,232145.6,316300.1,193167.3,192232.5,266959.6
63,0.0056,0.00559,0.00558,0.00557,0.00556,0.00555,0.00554,0.00553,0.00552,0.00551,0.00561,0.00562,0.00563,0.00564,0.00565,0.00566,0.00567,0.00568,0.00569,0.0057,53230.2,1107741.6,1799646.4,1008936.8,356178.7,314821.6,192232.5,670348.8,155568.8,29912.4,226138,987337,563405.2,754319,422954.2,232145.6,316300.1,193167.3,192232.5,266959.6
64,0.0056,0.00559,0.00558,0.00557,0.00556,0.00555,0.00554,0.00553,0.00552,0.00551,0.00561,0.00562,0.00563,0.00564,0.00565,0.00566,0.00567,0.00568,0.00569,0.0057,52653.7,1297700.5,1316137.7,1497739.8,356178.7,355843.3,192232.5,670348.8,155568.8,29912.4,267216.6,994392.2,574617.3,743217.1,422954.2,197051.5,316300.1,193167.3,192232.5,266959.6
65,0.0056,0.00559,0.00558,0.00557,0.00556,0.00555,0.00554,0.00553,0.00552,0.00551,0.00561,0.00562,0.00563,0.00564,0.00565,0.00566,0.00567,0.00568,0.00569,0.0057,20250,946966.1,1274023,1163942.4,496585.2,355843.3,192232.5,670348.8,155568.8,29912.4,268440.1,937889.4,344893.9,386378.9,422954.2,197051.5,316300.1,193167.3,192232.5,266959.6
66,0.0056,0.00559,0.00558,0.00557,0.00556,0.00555,0.00554,0.00553,0.00552,0.00551,0.00561,0.00562,0.00563,0.00564,0.00565,0.00566,0.00567,0.00568,0.00569,0.0057,20250,801708.6,865551.4,1636668.1,948024.5,361057,192232.5,649706.6,155568.8,50242.8,260220.9,998845.7,401485.1,405270.5,366363,217356.2,296076.3,193167.3,192232.5,266959.6
67,0.00559,0.00558,0.00557,0.00556,0.00555,0.00554,0.00553,0.00552,0.00551,0.0055,0.0056,0.00561,0.00562,0.00563,0.00564,0.00565,0.00566,0.00567,0.00568,0.00569,322972.6,1079712.5,1194136.9,989285.8,361057,192232.5,649706.6,155568.8,50242.8,1047597.1,25945.3,562709.4,675719.8,401485.1,295911.1,366363,217356.2,296076.3,193167.3,192232.5
68,0.00561,0.0056,0.00559,0.00558,0.00557,0.00556,0.00555,0.00554,0.00553,0.00552,0.00562,0.00563,0.00564,0.00565,0.00566,0.00567,0.00568,0.00569,0.0057,0.00571,20250,664754.3,1013644.5,977543.4,1161892.7,660934.7,286183,192232.5,670378.8,155568.8,873214.2,594830.1,774408.7,366363,239314.8,316582.9,193167.3,192232.5,266959.6,192232.5
69,0.00561,0.0056,0.00559,0.00558,0.00557,0.00556,0.00555,0.00554,0.00553,0.00552,0.00562,0.00563,0.00564,0.00565,0.00566,0.00567,0.00568,0.00569,0.0057,0.00571,229118.2,1193628.3,1636088.4,981837.3,642905.9,444450,249990,192232.5,499408.1,228348.2,365034,981586.6,761043,448926.2,239314.8,351570.6,193167.3,192232.5,266959.6,192232.5
70,0.00561,0.0056,0.00559,0.00558,0.00557,0.00556,0.00555,0.00554,0.00553,0.00552,0.00562,0.00563,0.00564,0.00565,0.00566,0.00567,0.00568,0.00569,0.0057,0.00571,192339.3,865502.6,1465547.8,1480425,631584.5,444450,249990,192232.5,499408.1,228348.2,572651.6,730210.6,764364.6,448926.2,239314.8,351570.6,193167.3,192232.5,266959.6,192232.5
71,0.00561,0.0056,0.00559,0.00558,0.00557,0.00556,0.00555,0.00554,0.00553,0.00552,0.00562,0.00563,0.00564,0.00565,0.00566,0.00567,0.00568,0.00569,0.0057,0.00571,193309.1,865502.6,1321452.9,1483461.6,624111.2,444450,249990,192232.5,499408.1,228348.2,595855.4,708008.1,764364.6,448926.2,239314.8,351570.6,193167.3,192232.5,266959.6,192232.5
72,0.00561,0.0056,0.00559,0.00558,0.00557,0.00556,0.00555,0.00554,0.00553,0.00552,0.00562,0.00563,0.00564,0.00565,0.00566,0.00567,0.00568,0.00569,0.0057,0.00571,230004.3,865502.6,1434489.5,1483369.5,624111.2,444450,249990,192232.5,499408.1,228348.2,195033.1,903056.2,764364.6,448926.2,239314.8,351570.6,193167.3,192232.5,266959.6,192232.5
73,0.00561,0.0056,0.00559,0.00558,0.00557,0.00556,0.00555,0.00554,0.00553,0.00552,0.00562,0.00563,0.00564,0.00565,0.00566,0.00567,0.00568,0.00569,0.0057,0.00571,230004.3,1009546.6,1636078.3,1077811.5,541903.6,444450,249990,192232.5,499408.1,228348.2,366003.8,730212,764364.6,448926.2,239314.8,351570.6,193167.3,192232.5,266959.6,192232.5
74,0.00561,0.0056,0.00559,0.00558,0.00557,0.00556,0.00555,0.00554,0.00553,0.00552,0.00562,0.00563,0.00564,0.00565,0.00566,0.00567,0.00568,0.00569,0.0057,0.00571,192190.5,1109172.9,1636078.3,1077834.2,541903.6,444450,249990,192232.5,499408.1,228348.2,423846,879669.5,764364.6,448926.2,239314.8,351570.6,193167.3,192232.5,266959.6,192232.5
75,0.00561,0.0056,0.00559,0.00558,0.00557,0.00556,0.00555,0.00554,0.00553,0.00552,0.00562,0.00563,0.00564,0.00565,0.00566,0.00567,0.00568,0.00569,0.0057,0.00571,21219.8,1086855.1,1170942.7,1606627.4,500642.3,479725.7,249990,192232.5,670378.8,228348.2,459137.9,879642.5,775488,437798.5,239314.8,351570.6,193167.3,192232.5,266959.6,192232.5
76,0.00561,0.0056,0.00559,0.00558,0.00557,0.00556,0.00555,0.00554,0.00553,0.00552,0.00562,0.00563,0.00564,0.00565,0.00566,0.00567,0.00568,0.00569,0.0057,0.00571,21219.8,1083186.1,1144477.1,1594418,511756.1,479725.7,248909,192232.5,670378.8,227261.3,459137.9,879618.6,774418.5,436729,239314.8,316582.9,193167.3,192232.5,266959.6,192232.5
77,0.00561,0.0056,0.00559,0.00558,0.00557,0.00556,0.00555,0.00554,0.00553,0.00552,0.00562,0.00563,0.00564,0.00565,0.00566,0.00567,0.00568,0.00569,0.0057,0.00571,226368.5,1109937.6,1117591,1509682.4,593963.7,444450,248909,192232.5,499408.1,227261.3,371375,937689.6,893814.1,436729,239314.8,355202.6,193167.3,192232.5,197366.8,192232.5
78,0.00561,0.0056,0.00559,0.00558,0.00557,0.00556,0.00555,0.00554,0.00553,0.00552,0.00562,0.00563,0.00564,0.00565,0.00566,0.00567,0.00568,0.00569,0.0057,0.00571,192272.4,1039031.1,1515219,1017230.2,593963.7,444450,248909,192232.5,499408.1,227261.3,489654.7,880692.3,763295.1,447954.1,239314.8,355202.6,193167.3,192232.5,197366.8,192232.5
79,0.00561,0.0056,0.00559,0.00558,0.00557,0.00556,0.00555,0.00554,0.00553,0.00552,0.00562,0.00563,0.00564,0.00565,0.00566,0.00567,0.00568,0.00569,0.0057,0.00571,232376.1,1183017.1,1546268.2,1028518.1,582849.9,444450,248909,192232.5,499408.1,190871.6,261957.7,902873.8,794045.5,412401.7,239314.8,390629.6,193167.3,192232.5,197366.8,192232.5
80,0.00562,0.00561,0.0056,0.00559,0.00558,0.00557,0.00556,0.00555,0.00554,0.00553,0.00563,0.00564,0.00565,0.00566,0.00567,0.00568,0.00569,0.0057,0.00571,0.00572,228693.3,1168683.4,1023490.3,1562301.6,595261,579482.3,281119.3,248909,21261.8,499408.1,102551.3,677884,488692.1,388522.1,417484.3,249287.2,192232.5,197366.8,192232.5,15162.5
81,0.00562,0.00561,0.0056,0.00559,0.00558,0.00557,0.00556,0.00555,0.00554,0.00553,0.00563,0.00564,0.00565,0.00566,0.00567,0.00568,0.00569,0.0057,0.00571,0.00572,192190.5,966262.9,1277899.5,1515210.6,595261,578999,281119.3,248909,21261.8,499408.1,238440.9,775231.2,603392,733311.6,417484.3,249287.2,192232.5,197366.8,192232.5,15162.5
82,0.00561,0.0056,0.00559,0.00558,0.00557,0.00556,0.00555,0.00554,0.00553,0.00552,0.00562,0.00563,0.00564,0.00565,0.00566,0.00567,0.00568,0.00569,0.0057,0.00571,295572.9,1141186,2043092.1,595261,618714.2,281119.3,248909,192232.5,499408.1,227261.3,968,665640.2,484776,603392,605943.8,417484.3,213337,192232.5,197366.8,192232.5
83,0.00562,0.00561,0.0056,0.00559,0.00558,0.00557,0.00556,0.00555,0.00554,0.00553,0.00563,0.00564,0.00565,0.00566,0.00567,0.00568,0.00569,0.0057,0.00571,0.00572,210826,966804.3,833998.1,1870515,595261,618714.2,281119.3,248909,21261.8,499408.1,312313.9,484842.1,674196.6,730562.9,417484.3,249119.3,192232.5,197366.8,192232.5,15162.5
84,0.00562,0.00561,0.0056,0.00559,0.00558,0.00557,0.00556,0.00555,0.00554,0.00553,0.00563,0.00564,0.00565,0.00566,0.00567,0.00568,0.00569,0.0057,0.00571,0.00572,286688.6,1147636.5,1206562.4,1367148,583946.7,544828.4,281119.3,269364.7,21261.8,478735.9,969.8,592206.8,726376.7,741564.1,459330.6,263316.9,212885.1,197366.8,192232.5,15162.5
85,0.00563,0.00562,0.00561,0.0056,0.00559,0.00558,0.00557,0.00556,0.00555,0.00554,0.00564,0.00565,0.00566,0.00567,0.00568,0.00569,0.0057,0.00571,0.00572,0.00573,192188.7,970967.2,1055099.5,1088947.1,978016.7,501886.4,544828.4,281119.3,98394,21261.8,325190,810436.5,741564.1,580153.2,263316.9,212885.1,197366.8,192232.5,15162.5,22737.1
86,0.00563,0.00562,0.00561,0.0056,0.00559,0.00558,0.00557,0.00556,0.00555,0.00554,0.00564,0.00565,0.00566,0.00567,0.00568,0.00569,0.0057,0.00571,0.00572,0.00573,229602.6,660115.3,1011973.1,1438696.2,982932.4,468012.8,387299.2,281119.3,98394,57520.1,194328.5,810410.5,822636.7,544726.2,263316.9,282279.9,197366.8,192232.5,15162.5,22737.1
87,0.00563,0.00562,0.00561,0.0056,0.00559,0.00558,0.00557,0.00556,0.00555,0.00554,0.00564,0.00565,0.00566,0.00567,0.00568,0.00569,0.0057,0.00571,0.00572,0.00573,192188.7,660115.3,1497232.1,952065.2,982905.6,461284.9,387299.2,281119.3,98394,57520.1,236357.8,891593.7,741564.1,544726.2,263316.9,282279.9,197366.8,192232.5,15162.5,22737.1
88,0.00563,0.00562,0.00561,0.0056,0.00559,0.00558,0.00557,0.00556,0.00555,0.00554,0.00564,0.00565,0.00566,0.00567,0.00568,0.00569,0.0057,0.00571,0.00572,0.00573,229735.8,786641.7,1444574.8,952065.2,982880.9,461284.9,387299.2,281119.3,98394,57520.1,194322.5,891573.7,741564.1,544726.2,263316.9,282279.9,197366.8,192232.5,15162.5,22737.1
89,0.00563,0.00562,0.00561,0.0056,0.00559,0.00558,0.00557,0.00556,0.00555,0.00554,0.00564,0.00565,0.00566,0.00567,0.00568,0.00569,0.0057,0.00571,0.00572,0.00573,230843,957318.7,1617554.8,952065.2,636885.6,461284.9,387299.2,281119.3,98394,57520.1,194322.5,891539.8,741564.1,544726.2,263316.9,282279.9,197366.8,192232.5,15162.5,22737.1
90,0.00563,0.00562,0.00561,0.0056,0.00559,0.00558,0.00557,0.00556,0.00555,0.00554,0.00564,0.00565,0.00566,0.00567,0.00568,0.00569,0.0057,0.00571,0.00572,0.00573,229735.8,958673.3,1474119.8,1023998.9,595650.4,461284.9,387299.2,281119.3,98394,57520.1,194322.5,891510.8,741564.1,544726.2,263316.9,282279.9,197366.8,192232.5,15162.5,22737.1
91,0.00563,0.00562,0.00561,0.0056,0.00559,0.00558,0.00557,0.00556,0.00555,0.00554,0.00564,0.00565,0.00566,0.00567,0.00568,0.00569,0.0057,0.00571,0.00572,0.00573,227688,1102076.8,1474119.8,1023998.9,595659.9,461284.9,387299.2,281119.3,98394,21261.8,194322.5,891487.9,741564.1,544726.2,263316.9,282279.9,197366.8,192232.5,15162.5,22737.1
92,0.00563,0.00562,0.00561,0.0056,0.00559,0.00558,0.00557,0.00556,0.00555,0.00554,0.00564,0.00565,0.00566,0.00567,0.00568,0.00569,0.0057,0.00571,0.00572,0.00573,19170.2,1044767.7,1526344.9,1023998.9,595729.8,462360.1,387299.2,281119.3,270445.7,21261.8,229097.6,891469.9,741564.1,545791.9,263316.9,282279.9,197366.8,192232.5,15162.5,22737.1
93,0.00562,0.00561,0.0056,0.00559,0.00558,0.00557,0.00556,0.00555,0.00554,0.00553,0.00563,0.00564,0.00565,0.00566,0.00567,0.00568,0.00569,0.0057,0.00571,0.00572,210826,911959.1,2118662.3,595900.9,497696,424470.5,281119.3,270445.7,21261.8,478735.9,230882.5,749616.8,589440.9,741564.1,502618.8,228949.6,212885.1,197366.8,192232.5,15162.5
94,0.00562,0.00561,0.0056,0.00559,0.00558,0.00557,0.00556,0.00555,0.00554,0.00553,0.00563,0.00564,0.00565,0.00566,0.00567,0.00568,0.00569,0.0057,0.00571,0.00572,21219.8,511843.1,1104824,1703760.2,684026.5,494176.9,281119.3,270445.7,192232.5,478735.9,299549.1,766114.4,561472,730562.9,460396.3,193167.3,212885.1,197366.8,192232.5,15162.5
95,0.00562,0.00561,0.0056,0.00559,0.00558,0.00557,0.00556,0.00555,0.00554,0.00553,0.00563,0.00564,0.00565,0.00566,0.00567,0.00568,0.00569,0.0057,0.00571,0.00572,59975.2,897689.2,910388.8,1703760.2,684019.9,460533.6,281119.3,270445.7,192232.5,478735.9,193305.8,663613.8,735097.7,730562.9,460396.3,232605.6,212885.1,197366.8,192232.5,15162.5
96,0.00562,0.00561,0.0056,0.00559,0.00558,0.00557,0.00556,0.00555,0.00554,0.00553,0.00563,0.00564,0.00565,0.00566,0.00567,0.00568,0.00569,0.0057,0.00571,0.00572,21219.8,981617.1,807219.4,1703760.2,684013,460533.6,281119.3,270445.7,192232.5,478735.9,229280.1,663613.8,733388.8,730562.9,460396.3,232605.6,212885.1,197366.8,192232.5,15162.5
97,0.00562,0.00561,0.0056,0.00559,0.00558,0.00557,0.00556,0.00555,0.00554,0.00553,0.00563,0.00564,0.00565,0.00566,0.00567,0.00568,0.00569,0.0057,0.00571,0.00572,21219.8,981607.4,807219.4,1785760.8,508972.5,460533.6,281119.3,270445.7,228490.8,515059.8,229280.1,840317.9,561472,730562.9,460396.3,232605.6,212885.1,197366.8,192232.5,15162.5
98,0.00562,0.00561,0.0056,0.00559,0.00558,0.00557,0.00556,0.00555,0.00554,0.00553,0.00563,0.00564,0.00565,0.00566,0.00567,0.00568,0.00569,0.0057,0.00571,0.00572,192190.5,981568.6,807219.4,1785760.8,601792.5,460533.6,281119.3,270445.7,93778.4,515059.8,229280.1,815661.8,561472,730562.9,460396.3,232605.6,212885.1,197366.8,192232.5,15162.5
99,0.00562,0.00561,0.0056,0.00559,0.00558,0.00557,0.00556,0.00555,0.00554,0.00553,0.00563,0.00564,0.00565,0.00566,0.00567,0.00568,0.00569,0.0057,0.00571,0.00572,265740.5,1053612.7,838753.8,1797010.7,590479.7,423362.3,281119.3,270445.7,93778.4,515059.8,191154.8,778782.2,554155.5,741817.7,460396.3,267901.1,212885.1,197366.8,192232.5,15162.5
100,0.00562,0.00561,0.0056,0.00559,0.00558,0.00557,0.00556,0.00555,0.00554,0.00553,0.00563,0.00564,0.00565,0.00566,0.00567,0.00568,0.00569,0.0057,0.00571,0.00572,229441.9,1107669.9,1271095.6,1403099.5,497696,343780.8,281119.3,270445.7,93778.4,515059.8,191154.8,835788.1,550447.3,741817.7,460396.3,232605.6,212885.1,197366.8,192232.5,15162.5
101,0.00562,0.00561,0.0056,0.00559,0.00558,0.00557,0.00556,0.00555,0.00554,0.00553,0.00563,0.00564,0.00565,0.00566,0.00567,0.00568,0.00569,0.0057,0.00571,0.00572,228341.3,1054638.2,1324752.7,1403198.9,497696,343780.8,281119.3,270445.7,93778.4,515059.8,227539.8,837443,550447.3,741817.7,460396.3,232605.6,212885.1,197366.8,192232.5,15162.5
102,0.00562,0.00561,0.0056,0.00559,0.00558,0.00557,0.00556,0.00555,0.00554,0.00553,0.00563,0.00564,0.00565,0.00566,0.00567,0.00568,0.00569,0.0057,0.00571,0.00572,229441.2,963870.4,1271100.1,1403198.9,497696,343780.8,281119.3,270445.7,93778.4,515059.8,191154.8,829529.2,550447.3,741817.7,460396.3,232605.6,212885.1,197366.8,192232.5,15162.5
103,0.00562,0.00561,0.0056,0.00559,0.00558,0.00557,0.00556,0.00555,0.00554,0.00553,0.00563,0.00564,0.00565,0.00566,0.00567,0.00568,0.00569,0.0057,0.00571,0.00572,228341.3,1054587.7,1325875.5,1403198.9,497696,343780.8,281119.3,270445.7,93778.4,515059.8,192283.7,785086,550447.3,741817.7,460396.3,232605.6,212885.1,197366.8,192232.5,15162.5
104,0.00562,0.00561,0.0056,0.00559,0.00558,0.00557,0.00556,0.00555,0.00554,0.00553,0.00563,0.00564,0.00565,0.00566,0.00567,0.00568,0.00569,0.0057,0.00571,0.00572,234281.3,980421.2,1183975.5,1544383.9,497696,343780.8,281119.3,270445.7,93778.4,515059.8,192265.4,778667.2,561495.2,730562.9,460396.3,232605.6,212885.1,197366.8,192232.5,15162.5
105,0.00562,0.00561,0.0056,0.00559,0.00558,0.00557,0.00556,0.00555,0.00554,0.00553,0.00563,0.00564,0.00565,0.00566,0.00567,0.00568,0.00569,0.0057,0.00571,0.00572,235407.7,1033891.2,1129974.7,1544383.9,497696,343780.8,281119.3,270445.7,93778.4,515059.8,191154.8,776037.1,554155.5,741866.3,460396.3,232605.6,212885.1,197366.8,192232.5,15162.5
106,0.00562,0.00561,0.0056,0.00559,0.00558,0.00557,0.00556,0.00555,0.00554,0.00553,0.00563,0.00564,0.00565,0.00566,0.00567,0.00568,0.00569,0.0057,0.00571,0.00572,235402.9,964405.3,1129974.7,1451564.7,497696,343780.8,281119.3,270445.7,93778.4,515059.8,19300.7,776017,554155.5,741866.3,460396.3,267901.1,212885.1,197366.8,192232.5,15162.5
107,0.00562,0.00561,0.0056,0.00559,0.00558,0.00557,0.00556,0.00555,0.00554,0.00553,0.00563,0.00564,0.00565,0.00566,0.00567,0.00568,0.00569,0.0057,0.00571,0.00572,235402.9,1287356.5,1436882.6,1028361.2,497696,304906.4,281119.3,270445.7,93778.4,515059.8,19300.7,626167.6,725804.8,741866.3,460396.3,267901.1,212885.1,197366.8,192232.5,15162.5
108,0.00563,0.00562,0.00561,0.0056,0.00559,0.00558,0.00557,0.00556,0.00555,0.00554,0.00564,0.00565,0.00566,0.00567,0.00568,0.00569,0.0057,0.00571,0.00572,0.00573,21218,861373,738972.2,1506533.6,952805.3,497696,268843.3,281119.3,270445.7,93778.4,310361.2,809781.7,784088.8,540364.8,267901.1,246800.1,197366.8,192232.5,15162.5,22737.1
109,0.00563,0.00562,0.00561,0.0056,0.00559,0.00558,0.00557,0.00556,0.00555,0.00554,0.00564,0.00565,0.00566,0.00567,0.00568,0.00569,0.0057,0.00571,0.00572,0.00573,21218,718043.8,738972.2,1557531.4,877353.2,497696,268843.3,281119.3,270445.7,93778.4,229087.5,890978.8,784088.8,540364.8,267901.1,246800.1,197366.8,192232.5,15162.5,22737.1
110,0.00563,0.00562,0.00561,0.0056,0.00559,0.00558,0.00557,0.00556,0.00555,0.00554,0.00564,0.00565,0.00566,0.00567,0.00568,0.00569,0.0057,0.00571,0.00572,0.00573,21218,632282.4,1133434.6,1070900.4,877390.8,497696,268843.3,281119.3,270445.7,93778.4,229087.5,719679.4,784088.8,540364.8,267901.1,246800.1,197366.8,192232.5,15162.5,22737.1
111,0.00563,0.00562,0.00561,0.0056,0.00559,0.00558,0.00557,0.00556,0.00555,0.00554,0.00564,0.00565,0.00566,0.00567,0.00568,0.00569,0.0057,0.00571,0.00572,0.00573,21218,632282.4,1308952.6,1070900.4,873113.5,497696,268843.3,281119.3,270445.7,93778.4,226200.9,890930.9,784088.8,540364.8,267901.1,246800.1,197366.8,192232.5,15162.5,22737.1
112,0.00563,0.00562,0.00561,0.0056,0.00559,0.00558,0.00557,0.00556,0.00555,0.00554,0.00564,0.00565,0.00566,0.00567,0.00568,0.00569,0.0057,0.00571,0.00572,0.00573,230841.5,442289.7,1789779.7,1081964.4,509075.9,462360.1,268843.3,281119.3,99475,93778.4,189248.2,749498,651874.5,436110.2,267901.1,282102.6,197366.8,192232.5,15162.5,22737.1
113,0.00563,0.00562,0.00561,0.0056,0.00559,0.00558,0.00557,0.00556,0.00555,0.00554,0.00564,0.00565,0.00566,0.00567,0.00568,0.00569,0.0057,0.00571,0.00572,0.00573,293421.2,865580.8,1295860.2,1146061.9,409841.7,428253.1,268843.3,317247.2,99475,57520.1,1979.8,654380,352357.5,849456.5,267901.1,296429.1,217859.3,192232.5,186133.2,22737.1
114,0.00563,0.00562,0.00561,0.0056,0.00559,0.00558,0.00557,0.00556,0.00555,0.00554,0.00564,0.00565,0.00566,0.00567,0.00568,0.00569,0.0057,0.00571,0.00572,0.00573,365209.1,913388.1,1794221.4,647913.8,409841.7,428253.1,268843.3,317247.2,99475,57520.1,964.2,554174.1,400456.6,758979.2,267901.1,296429.1,308336.6,192232.5,186133.2,193707.8
115,0.00564,0.00563,0.00562,0.00561,0.0056,0.00559,0.00558,0.00557,0.00556,0.00555,0.00565,0.00566,0.00567,0.00568,0.00569,0.0057,0.00571,0.00572,0.00573,0.00574,189443.9,758921.4,625247.6,1418380.5,771393.8,409841.7,428253.1,268843.3,146276.5,99475,355447,578889.8,736950.1,294277.1,272424.8,342969.2,227411.3,186133.2,193707.8,20250
116,0.00564,0.00563,0.00562,0.00561,0.0056,0.00559,0.00558,0.00557,0.00556,0.00555,0.00565,0.00566,0.00567,0.00568,0.00569,0.0057,0.00571,0.00572,0.00573,0.00574,189443.9,832755,1110153.6,1014495.5,807267.8,370494.1,428253.1,268843.3,182404.4,99475,261106.9,722639,736950.1,294277.1,272424.8,342969.2,227411.3,186133.2,193707.8,20250
117,0.00564,0.00563,0.00562,0.00561,0.0056,0.00559,0.00558,0.00557,0.00556,0.00555,0.00565,0.00566,0.00567,0.00568,0.00569,0.0057,0.00571,0.00572,0.00573,0.00574,188337,616958.8,1454690.8,1018501.7,931756,370494.1,299362.5,268843.3,182404.4,99475,262236.2,713047.5,736950.1,294277.1,272424.8,342969.2,227411.3,186133.2,193707.8,20250
118,0.00564,0.00563,0.00562,0.00561,0.0056,0.00559,0.00558,0.00557,0.00556,0.00555,0.00565,0.00566,0.00567,0.00568,0.00569,0.0057,0.00571,0.00572,0.00573,0.00574,188337,851246,1643675.4,972355.6,931739.6,370494.1,299362.5,268843.3,182404.4,99475,262229.3,895433.4,871275.6,375595.9,272424.8,342969.2,227411.3,186133.2,193707.8,20250
119,0.00564,0.00563,0.00562,0.00561,0.0056,0.00559,0.00558,0.00557,0.00556,0.00555,0.00565,0.00566,0.00567,0.00568,0.00569,0.0057,0.00571,0.00572,0.00573,0.00574,259346.7,1088242.8,1478433.2,983366.3,920677.7,370494.1,299362.5,289373,182404.4,79019.3,54978.9,931734.3,832926.3,371186.9,272424.8,361318.5,247613.4,186133.2,193707.8,20250
120,0.00564,0.00563,0.00562,0.00561,0.0056,0.00559,0.00558,0.00557,0.00556,0.00555,0.00565,0.00566,0.00567,0.00568,0.00569,0.0057,0.00571,0.00572,0.00573,0.00574,259346.7,1140738.9,1425488.7,958618.8,970721.1,334967.7,299362.5,289373,182404.4,79019.3,65706.1,742094.6,471744.9,417818.4,272424.8,361318.5,247613.4,186133.2,193707.8,20250
121,0.00565,0.00564,0.00563,0.00562,0.00561,0.0056,0.00559,0.00558,0.00557,0.00556,0.00566,0.00567,0.00568,0.00569,0.0057,0.00571,0.00572,0.00573,0.00574,0.00575,245924,1036065.6,1048760,1373240.7,561134.5,833253.6,299033.7,299362.5,118402.3,143599.7,40755.2,698828.6,598490.4,833952.6,361318.5,266442.5,206318.2,193707.8,226215.7,22896.1
122,0.00565,0.00564,0.00563,0.00562,0.00561,0.0056,0.00559,0.00558,0.00557,0.00556,0.00566,0.00567,0.00568,0.00569,0.0057,0.00571,0.00572,0.00573,0.00574,0.00575,211023.3,1036028.7,1563578.2,898406.1,479289.3,751321.6,299033.7,299362.5,118402.3,143599.7,233810.7,735658.7,590320.2,833952.6,361318.5,231853.1,206318.2,193707.8,226215.7,22896.1
123,0.00565,0.00564,0.00563,0.00562,0.00561,0.0056,0.00559,0.00558,0.00557,0.00556,0.00566,0.00567,0.00568,0.00569,0.0057,0.00571,0.00572,0.00573,0.00574,0.00575,251608.5,893285.6,1706296.3,898229,386977.7,751321.6,299033.7,299362.5,118402.3,143599.7,233810.7,681144.6,631021.6,833952.6,361318.5,266442.5,206318.2,193707.8,226215.7,22896.1
124,0.00565,0.00564,0.00563,0.00562,0.00561,0.0056,0.00559,0.00558,0.00557,0.00556,0.00566,0.00567,0.00568,0.00569,0.0057,0.00571,0.00572,0.00573,0.00574,0.00575,211023.3,722948.4,1876598.5,898229,479314,751321.6,299033.7,299362.5,118402.3,107471.8,233810.7,722892,590320.2,833952.6,361318.5,231853.1,241435.5,193707.8,191220.7,22896.1
125,0.00564,0.00563,0.00562,0.00561,0.0056,0.00559,0.00558,0.00557,0.00556,0.00555,0.00565,0.00566,0.00567,0.00568,0.00569,0.0057,0.00571,0.00572,0.00573,0.00574,224933.3,1112859.7,1961602.3,489129.5,797466.9,299033.7,299362.5,289373,107471.8,77595.6,210958.2,952096.1,915431.5,422511.2,370862.3,361318.5,192232.5,241435.5,193707.8,191220.7
126,0.00564,0.00563,0.00562,0.00561,0.0056,0.00559,0.00558,0.00557,0.00556,0.00555,0.00565,0.00566,0.00567,0.00568,0.00569,0.0057,0.00571,0.00572,0.00573,0.00574,224933.3,1112829.8,1916691.3,530070.5,676641.2,334158,299362.5,289373,107471.8,41402.6,210958.2,1005870.8,915431.5,422511.2,370862.3,322476.7,192232.5,241435.5,193707.8,191220.7
127,0.00564,0.00563,0.00562,0.00561,0.0056,0.00559,0.00558,0.00557,0.00556,0.00555,0.00565,0.00566,0.00567,0.00568,0.00569,0.0057,0.00571,0.00572,0.00573,0.00574,18328.7,1041018.9,1073875,1374655.8,676641.2,369215.3,299362.5,289373,278442.5,41402.6,246005.5,1120044.4,811723.3,422511.2,370862.3,357717.3,192232.5,206318.2,193707.8,191220.7
128,0.00564,0.00563,0.00562,0.00561,0.0056,0.00559,0.00558,0.00557,0.00556,0.00555,0.00565,0.00566,0.00567,0.00568,0.00569,0.0057,0.00571,0.00572,0.00573,0.00574,18328.7,898102.5,1073875,1338849.9,676641.2,405149.3,299362.5,289373,242314.6,41402.6,245988.3,773225.7,982237.7,422511.2,370862.3,357717.3,192232.5,206318.2,193707.8,191220.7
129,0.00564,0.00563,0.00562,0.00561,0.0056,0.00559,0.00558,0.00557,0.00556,0.00555,0.00565,0.00566,0.00567,0.00568,0.00569,0.0057,0.00571,0.00572,0.00573,0.00574,222992.7,870536.6,1111023.2,1297908.9,676641.2,370092,299362.5,289373,71343.9,41402.6,245988.3,709224.3,881330.5,411469.2,370862.3,357717.3,212632.2,186133.2,193707.8,191220.7
130,0.00564,0.00563,0.00562,0.00561,0.0056,0.00559,0.00558,0.00557,0.00556,0.00555,0.00565,0.00566,0.00567,0.00568,0.00569,0.0057,0.00571,0.00572,0.00573,0.00574,222992.7,1041044.3,1596421.9,817009.9,676641.2,370092,299362.5,289373,35216,41402.6,227111.6,823794.8,417282.7,422692.2,370862.3,357717.3,212632.2,186133.2,193707.8,191220.7
131,0.00564,0.00563,0.00562,0.00561,0.0056,0.00559,0.00558,0.00557,0.00556,0.00555,0.00565,0.00566,0.00567,0.00568,0.00569,0.0057,0.00571,0.00572,0.00573,0.00574,18328.7,1041020.5,1111515.9,1301915.9,676641.2,404434.7,299362.5,289373,206186.7,41402.6,263451.5,811246.2,428507.4,411469.2,370862.3,323084.7,212632.2,186133.2,193707.8,191220.7
132,0.00563,0.00562,0.00561,0.0056,0.00559,0.00558,0.00557,0.00556,0.00555,0.00554,0.00564,0.00565,0.00566,0.00567,0.00568,0.00569,0.0057,0.00571,0.00572,0.00573,21214.2,825250.6,1526786,1517198,415933.9,341398.6,268843.3,206186.7,232982.2,57520.1,236574.5,731018.9,677978.1,777365.5,323292.5,279292,287844.1,212632.2,186133.2,193707.8
133,0.00563,0.00562,0.00561,0.0056,0.00559,0.00558,0.00557,0.00556,0.00555,0.00554,0.00564,0.00565,0.00566,0.00567,0.00568,0.00569,0.0057,0.00571,0.00572,0.00573,21214.2,968631.7,1526786,1517198,415933.9,341398.6,268843.3,206186.7,232982.2,21261.8,236574.5,731231.6,688984.2,766140.8,323292.5,279292,308518.6,192232.5,186133.2,193707.8
134,0.00563,0.00562,0.00561,0.0056,0.00559,0.00558,0.00557,0.00556,0.00555,0.00554,0.00564,0.00565,0.00566,0.00567,0.00568,0.00569,0.0057,0.00571,0.00572,0.00573,21214.2,965167.5,1477697.2,1164124.8,415933.9,341398.6,268843.3,206186.7,232982.2,21261.8,236574.5,611625.1,705298,421371.4,323292.5,279292,308518.6,192232.5,186133.2,193707.8
135,0.00563,0.00562,0.00561,0.0056,0.00559,0.00558,0.00557,0.00556,0.00555,0.00554,0.00564,0.00565,0.00566,0.00567,0.00568,0.00569,0.0057,0.00571,0.00572,0.00573,21214.2,790249.7,1477697.2,1182149.1,426969.8,341398.6,268843.3,206186.7,232982.2,21261.8,236574.5,561473.4,617042.8,421371.4,312493.7,279292,308518.6,192232.5,186133.2,193707.8
136,0.00563,0.00562,0.00561,0.0056,0.00559,0.00558,0.00557,0.00556,0.00555,0.00554,0.00564,0.00565,0.00566,0.00567,0.00568,0.00569,0.0057,0.00571,0.00572,0.00573,21214.2,946912.7,1000367.8,1925719.7,519757.4,341398.6,268843.3,206186.7,232982.2,21261.8,244629.2,732152.2,405786,461836.2,312493.7,279292,308518.6,192232.5,186133.2,193707.8
137,0.00563,0.00562,0.00561,0.0056,0.00559,0.00558,0.00557,0.00556,0.00555,0.00554,0.00564,0.00565,0.00566,0.00567,0.00568,0.00569,0.0057,0.00571,0.00572,0.00573,21214.2,928509.8,1004374.7,1872949,519751.2,341398.6,268843.3,206186.7,232982.2,21261.8,244629.2,732130.2,405786,461836.2,312493.7,279292,308518.6,192232.5,186133.2,193707.8
138,0.00563,0.00562,0.00561,0.0056,0.00559,0.00558,0.00557,0.00556,0.00555,0.00554,0.00564,0.00565,0.00566,0.00567,0.00568,0.00569,0.0057,0.00571,0.00572,0.00573,254578.8,1104296.2,1355598.7,1522413.4,519705.2,299362.5,268843.3,206186.7,62011.5,21261.8,192184.9,686325.5,394779.9,472871.6,312493.7,313718,308518.6,192232.5,186133.2,193707.8
139,0.00564,0.00563,0.00562,0.00561,0.0056,0.00559,0.00558,0.00557,0.00556,0.00555,0.00565,0.00566,0.00567,0.00568,0.00569,0.0057,0.00571,0.00572,0.00573,0.00574,210962.7,990836.6,1335697.7,1172194.9,914677.9,474259.4,299362.5,268843.3,206186.7,62011.5,227110.8,877886.4,871828.4,370773.9,313718,382152,192232.5,186133.2,193707.8,191220.7
140,0.00564,0.00563,0.00562,0.00561,0.0056,0.00559,0.00558,0.00557,0.00556,0.00555,0.00565,0.00566,0.00567,0.00568,0.00569,0.0057,0.00571,0.00572,0.00573,0.00574,250388.1,966423.6,1263179,1126212.7,1007206.5,381591.2,299362.5,268843.3,206186.7,62011.5,193298.4,772739.8,484486,411210.4,313718,382152,192232.5,186133.2,193707.8,191220.7
141,0.00563,0.00562,0.00561,0.0056,0.00559,0.00558,0.00557,0.00556,0.00555,0.00554,0.00564,0.00565,0.00566,0.00567,0.00568,0.00569,0.0057,0.00571,0.00572,0.00573,606395.1,1392548.3,1611548.7,1007268,420680.1,299362.5,268843.3,206186.7,62011.5,57520.1,21214.2,450340.7,737093.3,491437.6,317565.6,313718,343759.2,192232.5,186133.2,193707.8
142,0.00563,0.00562,0.00561,0.0056,0.00559,0.00558,0.00557,0.00556,0.00555,0.00554,0.00564,0.00565,0.00566,0.00567,0.00568,0.00569,0.0057,0.00571,0.00572,0.00573,911829.9,1419026.1,1506952.1,1011370.3,420680.1,299362.5,268843.3,206186.7,62011.5,57520.1,21214.2,567802.7,566715.2,531902.4,277129.1,313772.5,343759.2,192232.5,186133.2,193707.8
143,0.00563,0.00562,0.00561,0.0056,0.00559,0.00558,0.00557,0.00556,0.00555,0.00554,0.00564,0.00565,0.00566,0.00567,0.00568,0.00569,0.0057,0.00571,0.00572,0.00573,882625.8,1419237.9,1267676.1,1011364.2,420680.1,299362.5,268843.3,206186.7,62011.5,57520.1,21214.2,573521.1,648476.4,830793.1,277129.1,313772.5,343759.2,192232.5,186133.2,193707.8
144,0.00563,0.00562,0.00561,0.0056,0.00559,0.00558,0.00557,0.00556,0.00555,0.00554,0.00564,0.00565,0.00566,0.00567,0.00568,0.00569,0.0057,0.00571,0.00572,0.00573,642336.3,1491873,1507942.1,1011392.9,420680.1,299362.5,268843.3,206186.7,62011.5,57520.1,21214.2,659307.6,526391.6,790328.3,277129.1,313772.5,343759.2,192232.5,186133.2,193707.8
