timestamp,bid_price_0,bid_price_1,bid_price_2,bid_price_3,bid_price_4,bid_price_5,bid_price_6,bid_price_7,bid_price_8,bid_price_9,ask_price_0,ask_price_1,ask_price_2,ask_price_3,ask_price_4,ask_price_5,ask_price_6,ask_price_7,ask_price_8,ask_price_9,bid_size_0,bid_size_1,bid_size_2,bid_size_3,bid_size_4,bid_size_5,bid_size_6,bid_size_7,bid_size_8,bid_size_9,ask_size_0,ask_size_1,ask_size_2,ask_size_3,ask_size_4,ask_size_5,ask_size_6,ask_size_7,ask_size_8,ask_size_9
0,0.2415,0.2414,0.2413,0.2412,0.2411,0.241,0.2409,0.2408,0.2407,0.2406,0.2416,0.2417,0.2418,0.2419,0.242,0.2421,0.2422,0.2423,0.2424,0.2425,98494.5,160331.3,224900.2,151786.9,193789.6,247605.7,163340,98980.7,142714.5,92517.7,32892.2,135972.2,169248.2,219598.6,206794.4,148681.9,184486.3,153673.1,128433.3,280849.2
1,0.2415,0.2414,0.2413,0.2412,0.2411,0.241,0.2409,0.2408,0.2407,0.2406,0.2416,0.2417,0.2418,0.2419,0.242,0.2421,0.2422,0.2423,0.2424,0.2425,71118.8,195823.9,200875.5,185617.2,195103.4,260771.9,168895.1,112907.1,155880.7,103639.2,43818.9,162743.3,176503.6,192643.9,274190.5,255814.5,169303.6,211037.3,193180.4,228677.7
2,0.2413,0.2412,0.2411,0.241,0.2409,0.2408,0.2407,0.2406,0.2405,0.2404,0.2414,0.2415,0.2416,0.2417,0.2418,0.2419,0.242,0.2421,0.2422,0.2423,55175.3,264509.6,205098,211140.4,208935.3,150750.5,156312.3,97597.9,150277.7,202208.7,35829.8,186229,243917.9,171543,283833.8,219389.7,292942.5,164444.5,137547.2,217651.6
3,0.2413,0.2412,0.2411,0.241,0.2409,0.2408,0.2407,0.2406,0.2405,0.2404,0.2414,0.2415,0.2416,0.2417,0.2418,0.2419,0.242,0.2421,0.2422,0.2423,82171.5,188071.7,247240.3,225852.4,198300,128314,247584.4,97597.9,141995.7,168757.4,19315,176338.4,230414.6,182320.4,273649.3,245960.7,254220.1,189091.7,137955,206330.9
4,0.2412,0.2411,0.241,0.2409,0.2408,0.2407,0.2406,0.2405,0.2404,0.2403,0.2413,0.2414,0.2415,0.2416,0.2417,0.2418,0.2419,0.242,0.2421,0.2422,24529.1,218959.1,336670.6,381814.7,345409.7,368369,165190.4,151560.8,177928.9,182869.7,14480.8,198393.1,185937.4,157470.5,183534,126675.9,162695,175270.9,87058.2,127234.9
5,0.2413,0.2412,0.2411,0.241,0.2409,0.2408,0.2407,0.2406,0.2405,0.2404,0.2414,0.2415,0.2416,0.2417,0.2418,0.2419,0.242,0.2421,0.2422,0.2423,18478.4,198270.1,337373.4,321974.7,264687.1,264722.8,298496.7,187265.2,147161.4,177648.2,66571.8,200319.8,221641.8,178823,128962.6,139594.7,199265.8,87458.2,115960.3,219435.2
6,0.2413,0.2412,0.2411,0.241,0.2409,0.2408,0.2407,0.2406,0.2405,0.2404,0.2414,0.2415,0.2416,0.2417,0.2418,0.2419,0.242,0.2421,0.2422,0.2423,45942.1,225232.9,343442.8,258466,293320.4,262916.5,372360.7,90762.4,166501.3,132173.1,54649.8,223789.8,207438.9,165114.5,130601.9,134390.9,232397.2,87058.2,204857.2,189985
7,0.2412,0.2411,0.241,0.2409,0.2408,0.2407,0.2406,0.2405,0.2404,0.2403,0.2413,0.2414,0.2415,0.2416,0.2417,0.2418,0.2419,0.242,0.2421,0.2422,25422.2,202403,308348.8,374378.4,249737.8,416244.8,199439.6,176289.2,97502.8,202163.4,53673.2,211111.9,216935.2,171358.6,170847.7,122446.6,157592.8,173862.4,98337.4,194909.1
8,0.2411,0.241,0.2409,0.2408,0.2407,0.2406,0.2405,0.2404,0.2403,0.2402,0.2412,0.2413,0.2414,0.2415,0.2416,0.2417,0.2418,0.2419,0.242,0.2421,144508,267887.7,268059.5,275783.4,337552.1,251858.5,252594.7,195886.6,202445.2,122054.6,2172.2,152404.1,219719.8,182903.5,168316.9,165825.4,143497.5,124914.1,208824.4,87058.2
9,0.2412,0.2411,0.241,0.2409,0.2408,0.2407,0.2406,0.2405,0.2404,0.2403,0.2413,0.2414,0.2415,0.2416,0.2417,0.2418,0.2419,0.242,0.2421,0.2422,22814.6,238409,302329.4,334932.7,294304.4,306731.8,260107.3,177837,130733.9,202176.1,49102.5,215037.9,234208.6,176680.6,169075.4,122500.7,146622.2,208824.4,98342.1,196306
10,0.2409,0.2408,0.2407,0.2406,0.2405,0.2404,0.2403,0.2402,0.2401,0.24,0.241,0.2411,0.2412,0.2413,0.2414,0.2415,0.2416,0.2417,0.2418,0.2419,18184.1,159916.5,270651.6,341595,274096.5,321056.1,229862.8,164621.6,128961.6,211370.1,90173.6,226805,243666.5,177821.4,171436.4,175506,163906.8,156654.1,130033.5,124809
11,0.2408,0.2407,0.2406,0.2405,0.2404,0.2403,0.2402,0.2401,0.24,0.2399,0.2409,0.241,0.2411,0.2412,0.2413,0.2414,0.2415,0.2416,0.2417,0.2418,34525.6,302330.4,246627.4,347568.1,277466.1,318196.4,316991.7,178746.3,208356.3,118069.3,60848,205031.7,219039.5,172770.2,192666.5,159455.1,182128.7,140272.9,150465.1,111438.9
12,0.2408,0.2407,0.2406,0.2405,0.2404,0.2403,0.2402,0.2401,0.24,0.2399,0.2409,0.241,0.2411,0.2412,0.2413,0.2414,0.2415,0.2416,0.2417,0.2418,26906.5,283269,243609.1,355941,290839,311922.5,224658.6,138517.5,209787.3,118069.4,27160.9,217943.9,219989.8,172431.4,186133.8,159331.1,182128.7,130337.1,150465.1,132747.8
13,0.2409,0.2408,0.2407,0.2406,0.2405,0.2404,0.2403,0.2402,0.2401,0.24,0.241,0.2411,0.2412,0.2413,0.2414,0.2415,0.2416,0.2417,0.2418,0.2419,6386.4,262098.5,338164.8,231042.5,321375.2,309680.9,308781.1,233929.1,73441.7,218673.5,60882,214467.2,210441.1,188641.7,160636.6,166045.9,152573.1,150465.1,132747.7,174268.9
14,0.2407,0.2406,0.2405,0.2404,0.2403,0.2402,0.2401,0.24,0.2399,0.2398,0.2408,0.2409,0.241,0.2411,0.2412,0.2413,0.2414,0.2415,0.2416,0.2417,17478.9,187035.9,277246.8,341751,294347.7,316168.7,273735.4,252164,110282.6,193146.9,75202.3,198524.3,204736.4,179703.3,171065.9,199674.9,150925.9,160904.5,130337.1,150465.1
15,0.2402,0.2401,0.24,0.2399,0.2398,0.2397,0.2396,0.2395,0.2394,0.2393,0.2403,0.2404,0.2405,0.2406,0.2407,0.2408,0.2409,0.241,0.2411,0.2412,8205.6,266326.1,378299,223064.2,297329.8,380311.9,282225.6,176385.3,116894.5,137117.7,138151.5,214780.1,210241.9,181924.6,145585.3,171073.8,142593.6,154696.9,212924.5,135103.4
16,0.2401,0.24,0.2399,0.2398,0.2397,0.2396,0.2395,0.2394,0.2393,0.2392,0.2402,0.2403,0.2404,0.2405,0.2406,0.2407,0.2408,0.2409,0.241,0.2411,8400.7,342903.2,259186.4,349985.6,327432.2,254228.2,219702.8,149000.2,127432.7,110575.3,97881.7,192628,197787.4,187307.3,169239,141865.6,192164.4,138456.8,154396.9,177733.7
17,0.24,0.2399,0.2398,0.2397,0.2396,0.2395,0.2394,0.2393,0.2392,0.2391,0.2401,0.2402,0.2403,0.2404,0.2405,0.2406,0.2407,0.2408,0.2409,0.241,105619.1,194938.9,362665.8,404591.5,292015.2,261343.8,200752.2,101465.5,101841.4,235387.7,40210.4,210652.8,187300.9,170738.7,185049.7,187608.5,159248.4,170012.1,138351.7,165765.7
18,0.2402,0.2401,0.24,0.2399,0.2398,0.2397,0.2396,0.2395,0.2394,0.2393,0.2403,0.2404,0.2405,0.2406,0.2407,0.2408,0.2409,0.241,0.2411,0.2412,23296.9,225631.2,249099.3,292491.6,274404.5,403093.1,351068.1,359323.3,222372.2,83131,71000.4,223624.1,180265.9,186218.9,138274.5,171154,162192.1,158143.6,212089.8,149919.7
19,0.2401,0.24,0.2399,0.2398,0.2397,0.2396,0.2395,0.2394,0.2393,0.2392,0.2402,0.2403,0.2404,0.2405,0.2406,0.2407,0.2408,0.2409,0.241,0.2411,19224.9,261639.9,265990.1,332875.9,429323.5,328275,258423.3,268674.1,58955.1,116001.2,154281.2,229209.7,209826.2,162312.6,186217.9,136197.8,190711.4,138330.9,168083,212069
20,0.2399,0.2398,0.2397,0.2396,0.2395,0.2394,0.2393,0.2392,0.2391,0.239,0.24,0.2401,0.2402,0.2403,0.2404,0.2405,0.2406,0.2407,0.2408,0.2409,95803.5,312236.4,408682.9,372276.7,320477.1,320326.5,201525.6,139812.8,235366.7,187145.6,3854.1,225804.8,229711.7,173120.5,153964.4,180475.7,200338.9,136197.8,138623.1,150612.1
21,0.2404,0.2403,0.2402,0.2401,0.24,0.2399,0.2398,0.2397,0.2396,0.2395,0.2405,0.2406,0.2407,0.2408,0.2409,0.241,0.2411,0.2412,0.2413,0.2414,29087.4,214513.2,248280.2,331655.6,266907.5,422215.8,399730,303137.8,335454.5,101128.4,59688.3,208846.7,168116.8,144095.4,138206.9,150116.7,204513.3,148779.3,114596,162879.2
22,0.2403,0.2402,0.2401,0.24,0.2399,0.2398,0.2397,0.2396,0.2395,0.2394,0.2404,0.2405,0.2406,0.2407,0.2408,0.2409,0.241,0.2411,0.2412,0.2413,121280.9,268600.6,299510.3,294658.9,373034.1,405277.3,375441.1,267683.9,127274.2,152530.7,9741.3,134900.7,184834.1,159340.4,149593.7,138506.9,166941.4,164749.8,147362.7,124494.5
23,0.2403,0.2402,0.2401,0.24,0.2399,0.2398,0.2397,0.2396,0.2395,0.2394,0.2404,0.2405,0.2406,0.2407,0.2408,0.2409,0.241,0.2411,0.2412,0.2413,26409.4,226790.4,284745.7,311773.5,364079.7,355408.1,378628.2,286385.6,147882.9,152530.7,22201.5,199906.8,182042.1,159771.6,158437.3,159681.2,146110.5,164749.8,147362.7,124905.8
24,0.2408,0.2407,0.2406,0.2405,0.2404,0.2403,0.2402,0.2401,0.24,0.2399,0.2409,0.241,0.2411,0.2412,0.2413,0.2414,0.2415,0.2416,0.2417,0.2418,118191.7,231665.2,296008.1,328457.7,342906.3,363771.3,211649.5,402133.9,123317.6,144218.3,19379,175508.9,181115.2,98872.9,139091.1,108715,127753.4,126229.9,184232,131963.2
25,0.2407,0.2406,0.2405,0.2404,0.2403,0.2402,0.2401,0.24,0.2399,0.2398,0.2408,0.2409,0.241,0.2411,0.2412,0.2413,0.2414,0.2415,0.2416,0.2417,100796.4,270717.2,278892.8,344951.1,311920.5,309198.3,360399.6,185635.2,145393.7,288128.7,8396.8,162909.6,177107.5,161478.8,77896.4,127450.6,187500.6,104505.1,113101.7,194155.4
26,0.2407,0.2406,0.2405,0.2404,0.2403,0.2402,0.2401,0.24,0.2399,0.2398,0.2408,0.2409,0.241,0.2411,0.2412,0.2413,0.2414,0.2415,0.2416,0.2417,139032.1,251953.9,268020.6,355069,338200.1,398267.5,374346.1,125701.9,133979.2,233089.5,28684.4,186840.9,183409.3,179127.7,146312.6,127301.6,188311.3,106617.7,124362.8,104021.8
27,0.2413,0.2412,0.2411,0.241,0.2409,0.2408,0.2407,0.2406,0.2405,0.2404,0.2414,0.2415,0.2416,0.2417,0.2418,0.2419,0.242,0.2421,0.2422,0.2423,27625.3,228920.9,295229.7,352863.2,430129.4,269145.4,379138.7,309614.4,204700,214925.5,27165.4,138732.7,131322.8,124786.7,123224.6,185777.8,165912.3,181877.1,151916,109549.2
28,0.2416,0.2415,0.2414,0.2413,0.2412,0.2411,0.241,0.2409,0.2408,0.2407,0.2417,0.2418,0.2419,0.242,0.2421,0.2422,0.2423,0.2424,0.2425,0.2426,61676.8,248841.9,270209.4,394748.5,268543.1,487223.1,310718.6,370085.4,180383.5,250249.4,27908.1,150829.4,123400.4,143675.5,118350.5,149155,169497,137799.4,134680.8,115090.4
29,0.2418,0.2417,0.2416,0.2415,0.2414,0.2413,0.2412,0.2411,0.241,0.2409,0.2419,0.242,0.2421,0.2422,0.2423,0.2424,0.2425,0.2426,0.2427,0.2428,441586.9,232318.6,243773,298908.2,243621.5,498601.8,303710.1,360144.7,333863.6,260846,85631.3,128860.2,123820.9,135685.6,122898.8,159961.9,129343.9,135328.7,147938.1,209283
30,0.2418,0.2417,0.2416,0.2415,0.2414,0.2413,0.2412,0.2411,0.241,0.2409,0.2419,0.242,0.2421,0.2422,0.2423,0.2424,0.2425,0.2426,0.2427,0.2428,4081.8,201253.6,226940.5,285005.9,260570.6,460697.3,272129.9,397969.1,378433.6,81340,112709.7,142478.2,166927.1,128472.5,130869.1,140305.9,169872.2,134368.7,211394.6,156980.9
31,0.2423,0.2422,0.2421,0.242,0.2419,0.2418,0.2417,0.2416,0.2415,0.2414,0.2424,0.2425,0.2426,0.2427,0.2428,0.2429,0.243,0.2431,0.2432,0.2433,9919.6,204189.7,437067.7,682871.2,438794.1,264606.7,344436.3,182165.2,185309.4,120367.2,107980.4,162346.7,168480.1,137541.2,202803.9,130899.5,129682.2,140474.5,133095.9,152062.1
32,0.2425,0.2424,0.2423,0.2422,0.2421,0.242,0.2419,0.2418,0.2417,0.2416,0.2426,0.2427,0.2428,0.2429,0.243,0.2431,0.2432,0.2433,0.2434,0.2435,86299.8,207918.3,258162.4,249534.5,548663.4,720301.8,434537.5,151799.2,310893.5,221460.9,24059.3,149137,202364.8,133910.8,114585.8,141627.1,154555.7,132045.5,190137.1,151319.7
33,0.2424,0.2423,0.2422,0.2421,0.242,0.2419,0.2418,0.2417,0.2416,0.2415,0.2425,0.2426,0.2427,0.2428,0.2429,0.243,0.2431,0.2432,0.2433,0.2434,64338,257817.3,280228.4,576017.4,716276,477319.6,205753.8,211457.7,156289.9,110559.8,26127.7,134690.1,151972.2,145447.6,156050.2,163605.2,166771.4,134903.2,130672.9,122276.3
34,0.2423,0.2422,0.2421,0.242,0.2419,0.2418,0.2417,0.2416,0.2415,0.2414,0.2424,0.2425,0.2426,0.2427,0.2428,0.2429,0.243,0.2431,0.2432,0.2433,4003.9,192334.4,362569.1,845025.6,314575,353281.5,328665.8,268163.1,157759.6,234719.4,93152.9,200224.7,133098.7,192577.3,160152.7,175326.5,212109.1,148897.4,112989.3,133155.6
35,0.2423,0.2422,0.2421,0.242,0.2419,0.2418,0.2417,0.2416,0.2415,0.2414,0.2424,0.2425,0.2426,0.2427,0.2428,0.2429,0.243,0.2431,0.2432,0.2433,31759.3,211660.2,451455.5,748127.9,352845.5,335811.8,372170.8,250685.4,33356.7,226171.1,52017.2,223753.1,129795.9,197005.1,158533.2,194184.5,192523,149302,113003.2,149632.9
36,0.2422,0.2421,0.242,0.2419,0.2418,0.2417,0.2416,0.2415,0.2414,0.2413,0.2423,0.2424,0.2425,0.2426,0.2427,0.2428,0.2429,0.243,0.2431,0.2432,121844.5,410832.2,784120.4,368978.4,293646.1,294340.4,340977.6,131577.4,235854.9,93841.8,22528.8,110802.7,181998.1,126833,179716.7,153069.4,195939.4,191506,149301.1,101765.9
37,0.2422,0.2421,0.242,0.2419,0.2418,0.2417,0.2416,0.2415,0.2414,0.2413,0.2423,0.2424,0.2425,0.2426,0.2427,0.2428,0.2429,0.243,0.2431,0.2432,153250.2,264022.2,242113,348708.3,281929.2,388949.4,287487.4,205540.6,224791.2,95245.2,9489.7,113417.7,196678.7,114555.1,192834.9,150457,195939.4,200761.3,160362.3,122910.3
38,0.2422,0.2421,0.242,0.2419,0.2418,0.2417,0.2416,0.2415,0.2414,0.2413,0.2423,0.2424,0.2425,0.2426,0.2427,0.2428,0.2429,0.243,0.2431,0.2432,134866,231652.2,273934.5,377270.1,446276.5,327947.4,288537,74161.3,240483.4,96669,139214.1,118459.6,184595.5,112951.6,200399,151932.5,193821.9,191506,169614.1,122951.6
39,0.2421,0.242,0.2419,0.2418,0.2417,0.2416,0.2415,0.2414,0.2413,0.2412,0.2422,0.2423,0.2424,0.2425,0.2426,0.2427,0.2428,0.2429,0.243,0.2431,166984.9,279352.5,323304.3,395647.1,309374.5,339833.3,213226.7,274863,107968.4,186105.5,34396.2,153907.4,114794.7,178607.2,110925.8,192347.3,174730.5,171532,191526.6,159979.2
40,0.242,0.2419,0.2418,0.2417,0.2416,0.2415,0.2414,0.2413,0.2412,0.2411,0.2421,0.2422,0.2423,0.2424,0.2425,0.2426,0.2427,0.2428,0.2429,0.243,157585.9,234371.9,377389.6,348226.1,343673.8,209333.5,188671,313740.7,296529.3,227155.5,24824.6,114932.1,351719.2,112666,198089.6,90981.2,202192.3,148174.2,171532.1,193716.6
41,0.242,0.2419,0.2418,0.2417,0.2416,0.2415,0.2414,0.2413,0.2412,0.2411,0.2421,0.2422,0.2423,0.2424,0.2425,0.2426,0.2427,0.2428,0.2429,0.243,87693.3,226264,300092.9,359640.2,315865.6,323940.6,213441.1,327282.8,275419.3,223492.2,166354,138544.5,209234,100245.8,190708.9,88364.9,202192.3,148579.3,183788.2,193716.6
42,0.242,0.2419,0.2418,0.2417,0.2416,0.2415,0.2414,0.2413,0.2412,0.2411,0.2421,0.2422,0.2423,0.2424,0.2425,0.2426,0.2427,0.2428,0.2429,0.243,105206.4,307909.4,371479.8,484374.4,318251.3,348065,226454.2,500095.7,189049.2,223492.2,25463.3,118522.7,209928.3,100358.2,194179.3,88364.9,202192.3,148579.3,185677.9,193716.6
43,0.242,0.2419,0.2418,0.2417,0.2416,0.2415,0.2414,0.2413,0.2412,0.2411,0.2421,0.2422,0.2423,0.2424,0.2425,0.2426,0.2427,0.2428,0.2429,0.243,17303.8,268578.8,339026.4,457094,325248,351786.5,328162.6,471457.9,242432.4,223492.2,32728.9,184678.4,209934.8,165629,191158.4,151968.6,202924.5,157436.5,172947.2,209468.1
44,0.2417,0.2416,0.2415,0.2414,0.2413,0.2412,0.2411,0.241,0.2409,0.2408,0.2418,0.2419,0.242,0.2421,0.2422,0.2423,0.2424,0.2425,0.2426,0.2427,88345,222409,304116.1,454102,333689.4,364972,327909.8,403386.6,141623.5,62649.6,30275.8,183930.8,189349.7,224469.3,189361.3,170102.6,163658.7,168621.6,181650.1,182474.6
45,0.2415,0.2414,0.2413,0.2412,0.2411,0.241,0.2409,0.2408,0.2407,0.2406,0.2416,0.2417,0.2418,0.2419,0.242,0.2421,0.2422,0.2423,0.2424,0.2425,70200.1,199897.4,375351.5,351209.6,364218.2,331752.8,201663.6,286416.7,233008.7,242688.1,29360.2,192738.5,171294.6,167488.8,185351.3,185040.9,187718.1,196823.3,150389.7,181974.5
46,0.2414,0.2413,0.2412,0.2411,0.241,0.2409,0.2408,0.2407,0.2406,0.2405,0.2415,0.2416,0.2417,0.2418,0.2419,0.242,0.2421,0.2422,0.2423,0.2424,147608.1,342465,311820.3,364899.2,286114.5,271515.1,248049.4,229973.4,264468.1,256469.4,14719.3,103162.4,181938.8,166776.8,167471.2,169275.5,206237.6,172645.9,194805.2,141518.7
47,0.2412,0.2411,0.241,0.2409,0.2408,0.2407,0.2406,0.2405,0.2404,0.2403,0.2413,0.2414,0.2415,0.2416,0.2417,0.2418,0.2419,0.242,0.2421,0.2422,129870.1,201823.6,230970.6,365657.8,388759.5,314085.2,269155.1,328284.9,260827.1,141347.2,30021.4,186622.4,206666.8,152483.7,171498.5,179412.8,172775.2,178126,191668.9,174408.5
48,0.2406,0.2405,0.2404,0.2403,0.2402,0.2401,0.24,0.2399,0.2398,0.2397,0.2407,0.2408,0.2409,0.241,0.2411,0.2412,0.2413,0.2414,0.2415,0.2416,32481.2,227673.6,217343.7,368177.8,353917.6,273789.3,337666.2,270792,151726.1,167218,63607.1,187692.1,177214.9,167129.4,174566.1,144419.3,169221.1,119181.5,169111.3,172903.5
49,0.2404,0.2403,0.2402,0.2401,0.24,0.2399,0.2398,0.2397,0.2396,0.2395,0.2405,0.2406,0.2407,0.2408,0.2409,0.241,0.2411,0.2412,0.2413,0.2414,53276.2,185691,308313.5,329996.9,248774.3,343136.4,215088.4,311457.4,77299.4,108797.8,46142.1,217481.7,186005.1,177144.4,191016.1,153285.9,180647,136839.8,154832.4,177113.5
50,0.2404,0.2403,0.2402,0.2401,0.24,0.2399,0.2398,0.2397,0.2396,0.2395,0.2405,0.2406,0.2407,0.2408,0.2409,0.241,0.2411,0.2412,0.2413,0.2414,82606,246127.6,263304.2,404781.1,329306.2,376377.7,351376.7,341689.2,258878.3,115040.7,17574.6,194821.9,213925.9,154436.7,167149.6,137569.7,212944.8,133516.3,159643.8,204750.5
51,0.2406,0.2405,0.2404,0.2403,0.2402,0.2401,0.24,0.2399,0.2398,0.2397,0.2407,0.2408,0.2409,0.241,0.2411,0.2412,0.2413,0.2414,0.2415,0.2416,89025.3,222766.1,303311.9,411074.4,263219.8,479628.6,372651.2,296882.5,355766,236420.2,79092.3,226330.1,218242.3,136548.4,194772.5,131177.8,183653.9,193387.4,199415.3,147817.9
52,0.2405,0.2404,0.2403,0.2402,0.2401,0.24,0.2399,0.2398,0.2397,0.2396,0.2406,0.2407,0.2408,0.2409,0.241,0.2411,0.2412,0.2413,0.2414,0.2415,100986.1,293996.4,331489.1,264367.3,387957,358217.3,375885,279195.1,292784.5,53230,37014.3,218013.6,185939.4,193251.1,143028.9,154536.4,154625.5,159643.8,225315,197850
53,0.2402,0.2401,0.24,0.2399,0.2398,0.2397,0.2396,0.2395,0.2394,0.2393,0.2403,0.2404,0.2405,0.2406,0.2407,0.2408,0.2409,0.241,0.2411,0.2412,128890.1,237971.6,384985.7,269957.8,410231.1,437027.2,205070.2,477248.2,215520.1,116797.7,17796.8,224001.6,234027.4,168822.3,215539,141635.3,213235.6,134807.8,183997.8,133274.5
54,0.2404,0.2403,0.2402,0.2401,0.24,0.2399,0.2398,0.2397,0.2396,0.2395,0.2405,0.2406,0.2407,0.2408,0.2409,0.241,0.2411,0.2412,0.2413,0.2414,119178.7,235222.7,305298.1,258732.5,424455.5,269776.7,359155.8,272345.7,324977.4,184625.6,20878.3,232518.3,217198.6,150903.5,173030.3,133394.1,205973.3,133217.8,130803.4,205996.9
55,0.2405,0.2404,0.2403,0.2402,0.2401,0.24,0.2399,0.2398,0.2397,0.2396,0.2406,0.2407,0.2408,0.2409,0.241,0.2411,0.2412,0.2413,0.2414,0.2415,16795.7,211799,269783.1,288820.2,272867.4,462876,295094.9,218254.9,464450.2,130135.6,64964.5,233897.8,223212.7,174901,143567.5,183997.8,181123.2,130803.4,204577.4,216691.3
56,0.2403,0.2402,0.2401,0.24,0.2399,0.2398,0.2397,0.2396,0.2395,0.2394,0.2404,0.2405,0.2406,0.2407,0.2408,0.2409,0.241,0.2411,0.2412,0.2413,137659.2,229833.1,323079.7,442646.1,314213.9,439589.4,247232.5,255960.4,144856.6,247341.5,23503.7,229022.2,196133.5,177582.6,173983.5,166835.5,157073.6,183997.8,172730.4,129380.3
57,0.2403,0.2402,0.2401,0.24,0.2399,0.2398,0.2397,0.2396,0.2395,0.2394,0.2404,0.2405,0.2406,0.2407,0.2408,0.2409,0.241,0.2411,0.2412,0.2413,125018.4,299645.3,434353.8,288413.5,397735.8,387033.5,413316.2,390694.4,183565.9,238221.3,15106.1,213504.2,199650.6,179631.2,209751.4,162458.6,153480.6,152063.6,250946.9,180597.4
58,0.2402,0.2401,0.24,0.2399,0.2398,0.2397,0.2396,0.2395,0.2394,0.2393,0.2403,0.2404,0.2405,0.2406,0.2407,0.2408,0.2409,0.241,0.2411,0.2412,163003.6,272162.8,340106,376344.1,364229.7,294535.4,230391.7,185110.8,84658.1,117488.3,22902.8,236749.6,213264.4,181952.6,161659.2,137013.7,185874.3,133394.1,184075.8,209338.5
59,0.2403,0.2402,0.2401,0.24,0.2399,0.2398,0.2397,0.2396,0.2395,0.2394,0.2404,0.2405,0.2406,0.2407,0.2408,0.2409,0.241,0.2411,0.2412,0.2413,120939.4,277843.6,298295,341547.8,435681.2,430638.2,240878.9,432612.7,208902.6,77164.8,16115.9,198872.3,219482.3,206377.7,156772.8,162458.6,184228.6,185500.1,219245.7,210833.1
60,0.2402,0.2401,0.24,0.2399,0.2398,0.2397,0.2396,0.2395,0.2394,0.2393,0.2403,0.2404,0.2405,0.2406,0.2407,0.2408,0.2409,0.241,0.2411,0.2412,73407.5,201645.6,249176.4,331084.2,289484.4,217524.5,256783.7,253706.7,323257.1,196829.4,37525,183569.3,218239.1,164656.9,166133.4,137036.4,185844.2,163629.9,184075.8,220706.3
61,0.2402,0.2401,0.24,0.2399,0.2398,0.2397,0.2396,0.2395,0.2394,0.2393,0.2403,0.2404,0.2405,0.2406,0.2407,0.2408,0.2409,0.241,0.2411,0.2412,103462.5,203363.5,302983.9,352082.4,356652.9,437649.2,180407.5,285472.5,395027.7,119555.9,45296.8,219425.2,206019.7,180789.9,168668.6,165277.6,186410.7,99388.6,143705.3,197593.9
62,0.2401,0.24,0.2399,0.2398,0.2397,0.2396,0.2395,0.2394,0.2393,0.2392,0.2402,0.2403,0.2404,0.2405,0.2406,0.2407,0.2408,0.2409,0.241,0.2411,113191.8,258040.8,227822.8,337229.1,377861.8,415492.5,306996.8,275846.6,284918.5,127902.1,15439.6,218509.7,223888.7,173190.4,179191.3,178724.9,165302.7,162458.6,166126.1,157344.4
63,0.24,0.2399,0.2398,0.2397,0.2396,0.2395,0.2394,0.2393,0.2392,0.2391,0.2401,0.2402,0.2403,0.2404,0.2405,0.2406,0.2407,0.2408,0.2409,0.241,67612.8,243674.6,309614.3,371398.4,366577.5,382269.2,212919.1,87084.4,385374,206890,22951.4,217383.9,187985.2,211071.3,191745.6,140764.3,172891.9,165302.7,162458.6,167550.9
64,0.2398,0.2397,0.2396,0.2395,0.2394,0.2393,0.2392,0.2391,0.239,0.2389,0.2399,0.24,0.2401,0.2402,0.2403,0.2404,0.2405,0.2406,0.2407,0.2408,99284.6,238132.1,314824.9,330149.7,383354.5,219021.6,375791.8,277999.7,351783,116104.4,20622.9,223488.5,202085.3,218772.3,160389.4,186497.2,199610.3,138719.9,85994.7,126822.5
65,0.2399,0.2398,0.2397,0.2396,0.2395,0.2394,0.2393,0.2392,0.2391,0.239,0.24,0.2401,0.2402,0.2403,0.2404,0.2405,0.2406,0.2407,0.2408,0.2409,162693.5,270693.4,291804.3,458048.6,340202.6,367641,206172.9,295700.8,354887.8,51375.8,8517,196492.7,214084.7,205982.6,173452.7,201082.3,161686.9,85994.7,116871.1,197208
66,0.239,0.2389,0.2388,0.2387,0.2386,0.2385,0.2384,0.2383,0.2382,0.2381,0.2391,0.2392,0.2393,0.2394,0.2395,0.2396,0.2397,0.2398,0.2399,0.24,61392.4,279409.7,270178,305495,271181.2,266454.1,263716.4,312588,116350.8,68687.1,100300.1,245533.6,220167.2,214392.1,187422.7,193133.5,182815.1,125991.3,138059.7,121565.5
67,0.239,0.2389,0.2388,0.2387,0.2386,0.2385,0.2384,0.2383,0.2382,0.2381,0.2391,0.2392,0.2393,0.2394,0.2395,0.2396,0.2397,0.2398,0.2399,0.24,57250.3,240756.8,287956.3,225746.6,169366,346483.2,343796.3,321613.6,58365.2,57483.7,17563.9,249727.9,243366.3,218627,217561.3,200186.9,107605.4,115177.8,195215.8,183438.6
68,0.2392,0.2391,0.239,0.2389,0.2388,0.2387,0.2386,0.2385,0.2384,0.2383,0.2393,0.2394,0.2395,0.2396,0.2397,0.2398,0.2399,0.24,0.2401,0.2402,14936.5,221888,268537.4,291598.6,327846.2,251167.7,218826.7,278058.4,449191.1,160758.2,110454.2,202096.1,226258.5,210420.7,146048.2,180164.8,135169.9,183856.5,154615.2,191887.3
69,0.2386,0.2385,0.2384,0.2383,0.2382,0.2381,0.238,0.2379,0.2378,0.2377,0.2387,0.2388,0.2389,0.239,0.2391,0.2392,0.2393,0.2394,0.2395,0.2396,67719.5,193872.2,268245.8,256387.4,260454.6,224999.8,279690.8,201593,431550.6,57905.9,21734.7,206297.6,205784.3,213506.6,192927.9,236533.6,252481.5,148737.3,164825.7,176384.8
70,0.2386,0.2385,0.2384,0.2383,0.2382,0.2381,0.238,0.2379,0.2378,0.2377,0.2387,0.2388,0.2389,0.239,0.2391,0.2392,0.2393,0.2394,0.2395,0.2396,10423,130990.9,257808.3,268299.4,265824.1,196825.1,282188.9,133031.4,337515.6,59349.5,148516.2,228305.8,173421,194618.1,197817,289208.6,225173.4,143602.1,176227.9,176376.2
71,0.2385,0.2384,0.2383,0.2382,0.2381,0.238,0.2379,0.2378,0.2377,0.2376,0.2386,0.2387,0.2388,0.2389,0.239,0.2391,0.2392,0.2393,0.2394,0.2395,20280,234142.3,177903.9,276219.6,171206.6,314171.8,240375.5,297332.7,369557.7,300816.2,121845.5,222994.3,223448.4,158986,187405,214143.1,208434,170904.1,155475,166251.3
72,0.2381,0.238,0.2379,0.2378,0.2377,0.2376,0.2375,0.2374,0.2373,0.2372,0.2382,0.2383,0.2384,0.2385,0.2386,0.2387,0.2388,0.2389,0.239,0.2391,20183.6,268476.4,272304.6,325186.3,453796.1,300089.4,353620.7,483177.4,152696.4,120727.4,18859.9,183068.9,239045,245447,218524.3,181956.1,173385.3,110229.9,35205.6,124738.3
73,0.2381,0.238,0.2379,0.2378,0.2377,0.2376,0.2375,0.2374,0.2373,0.2372,0.2382,0.2383,0.2384,0.2385,0.2386,0.2387,0.2388,0.2389,0.239,0.2391,59264.2,153979.6,327603.7,272105.7,456579.1,343093.6,330759.8,341931.5,312750.6,139294.5,175743.1,217073.1,266572.8,222292.1,246948.4,217439.9,137477.5,106294.3,99250.1,126039.8
74,0.2382,0.2381,0.238,0.2379,0.2378,0.2377,0.2376,0.2375,0.2374,0.2373,0.2383,0.2384,0.2385,0.2386,0.2387,0.2388,0.2389,0.239,0.2391,0.2392,49082.7,165792.5,300903.7,344390.3,237159.8,404482.6,375712.4,342301.1,317083.2,216442.7,142354.1,270032,237252.7,249531.4,210274.3,166087.5,106169.3,107655.2,209004.9,145781.8
75,0.2387,0.2386,0.2385,0.2384,0.2383,0.2382,0.2381,0.238,0.2379,0.2378,0.2388,0.2389,0.239,0.2391,0.2392,0.2393,0.2394,0.2395,0.2396,0.2397,67747.2,209052.8,320409.2,279764,428759.9,173855.6,446573.1,147504.3,592194.3,203613.3,128726.4,224631.9,182823.5,173222.9,190193.9,205682.1,147392.6,73429.5,118976.6,143251.6
76,0.2385,0.2384,0.2383,0.2382,0.2381,0.238,0.2379,0.2378,0.2377,0.2376,0.2386,0.2387,0.2388,0.2389,0.239,0.2391,0.2392,0.2393,0.2394,0.2395,36996.9,255245.7,348755.1,303379.9,517884.8,156812.1,434618.7,468665.4,160812.5,249007.7,25367.8,187544.4,214800.3,208028.7,181946.1,193606.5,191387.9,142297.8,156315.2,140082.5
77,0.2385,0.2384,0.2383,0.2382,0.2381,0.238,0.2379,0.2378,0.2377,0.2376,0.2386,0.2387,0.2388,0.2389,0.239,0.2391,0.2392,0.2393,0.2394,0.2395,20169.5,249460.8,354787.5,313181.7,496445.1,214768.7,373128.3,254583.4,425145.1,247582.4,159856.1,227014.8,232435,226188.7,213842,170777.8,154364.7,112173.3,155062.7,73010.7
78,0.2386,0.2385,0.2384,0.2383,0.2382,0.2381,0.238,0.2379,0.2378,0.2377,0.2387,0.2388,0.2389,0.239,0.2391,0.2392,0.2393,0.2394,0.2395,0.2396,44086,212045,304857.5,449730,332458.6,404912.5,254132,306372.1,529953.9,152022.3,145026.4,256021.3,206191.7,194181.2,181018.7,192739.4,142319.5,143190,140501.3,131297.7
79,0.2387,0.2386,0.2385,0.2384,0.2383,0.2382,0.2381,0.238,0.2379,0.2378,0.2388,0.2389,0.239,0.2391,0.2392,0.2393,0.2394,0.2395,0.2396,0.2397,29827,237382,378401.1,329304.2,353753.1,344741.4,377565,273390.9,308983.5,268977.5,99328.1,214087.6,197834,188334.2,184350.5,193907.9,165679.7,146153.7,185428.1,143247.3
80,0.2385,0.2384,0.2383,0.2382,0.2381,0.238,0.2379,0.2378,0.2377,0.2376,0.2386,0.2387,0.2388,0.2389,0.239,0.2391,0.2392,0.2393,0.2394,0.2395,26735,239404.9,392273.9,453899.7,348187,253993.2,289585.4,330548.4,151264.4,317882.8,61930.6,204796.6,237503.1,217438.5,217935,209855.3,141295,142738.7,112954.2,115499.1
81,0.2385,0.2384,0.2383,0.2382,0.2381,0.238,0.2379,0.2378,0.2377,0.2376,0.2386,0.2387,0.2388,0.2389,0.239,0.2391,0.2392,0.2393,0.2394,0.2395,157062.6,282249.8,396369.5,413542.3,463950,260277.6,346744.4,334897.9,179354.4,249138.7,17325.1,200334,205017,198397.6,220482.8,221573.1,101325,144879,112954.2,116924.6
82,0.2384,0.2383,0.2382,0.2381,0.238,0.2379,0.2378,0.2377,0.2376,0.2375,0.2385,0.2386,0.2387,0.2388,0.2389,0.239,0.2391,0.2392,0.2393,0.2394,2678.5,216495.6,286844.6,460846.4,327584.5,277199.9,252761.9,210273.6,350712,267925.8,138623,239063.6,212480.9,190703.1,193264.3,265763.4,178156,101744.2,54457.6,114347.8
83,0.2382,0.2381,0.238,0.2379,0.2378,0.2377,0.2376,0.2375,0.2374,0.2373,0.2383,0.2384,0.2385,0.2386,0.2387,0.2388,0.2389,0.239,0.2391,0.2392,36956,242826.6,356239.9,279265.1,337099.4,403953.6,319624.3,587423.7,254615.5,263856.3,36014.7,254607,232665,233323.4,189908.4,183622.8,157198.3,212850.1,190800.8,184978.7
84,0.2382,0.2381,0.238,0.2379,0.2378,0.2377,0.2376,0.2375,0.2374,0.2373,0.2383,0.2384,0.2385,0.2386,0.2387,0.2388,0.2389,0.239,0.2391,0.2392,31566.7,245815.7,301494.7,396292.7,349781.7,404625.1,332074.8,507397.7,274976.7,205720.9,19492.3,246476.9,231484.6,227049.9,190313.9,150833,161122.7,211390.5,189289.1,184978.7
85,0.2384,0.2383,0.2382,0.2381,0.238,0.2379,0.2378,0.2377,0.2376,0.2375,0.2385,0.2386,0.2387,0.2388,0.2389,0.239,0.2391,0.2392,0.2393,0.2394,47229.6,257049.6,303686.7,456905.3,316680.8,434998,236433.1,563680.9,191995.6,174929.9,63051.8,229411.3,216406.5,204539.9,188096.1,221567.1,188557.1,105480.1,123337.9,157012.8
86,0.2387,0.2386,0.2385,0.2384,0.2383,0.2382,0.2381,0.238,0.2379,0.2378,0.2388,0.2389,0.239,0.2391,0.2392,0.2393,0.2394,0.2395,0.2396,0.2397,11917.6,158039.9,324527.5,320017.2,473638.5,330937.6,418101.8,232953.5,416161.3,103909.6,124093,193817.3,244649.6,208328.8,159492.5,183170.2,35873.5,114513.9,145008.1,131483.3
87,0.2387,0.2386,0.2385,0.2384,0.2383,0.2382,0.2381,0.238,0.2379,0.2378,0.2388,0.2389,0.239,0.2391,0.2392,0.2393,0.2394,0.2395,0.2396,0.2397,17188.4,252164.8,291288.8,327359.5,411039.5,312571.2,387943.3,409553,288880.7,143254.1,119254.8,237351.2,216724.4,198379.2,185512.2,185493.7,60306.4,113072.2,145426.6,147143.2
88,0.2383,0.2382,0.2381,0.238,0.2379,0.2378,0.2377,0.2376,0.2375,0.2374,0.2384,0.2385,0.2386,0.2387,0.2388,0.2389,0.239,0.2391,0.2392,0.2393,46721.9,230947.5,344174.8,327751.6,379114.4,336159.6,315240.4,379412.2,265827.7,300817.3,130916.6,225618.4,263600.8,243938.4,171010,170446.6,1075896.2,175101.4,136904,137265.7
89,0.2385,0.2384,0.2383,0.2382,0.2381,0.238,0.2379,0.2378,0.2377,0.2376,0.2386,0.2387,0.2388,0.2389,0.239,0.2391,0.2392,0.2393,0.2394,0.2395,37788.8,251887.6,333044.9,375340.9,330757.5,381427.8,313432.4,417169.6,376861.9,272316.2,45032,210629.5,232350.7,243523.4,1075494.8,178432.3,160212.7,70137.6,205657.8,132728.4
90,0.2383,0.2382,0.2381,0.238,0.2379,0.2378,0.2377,0.2376,0.2375,0.2374,0.2384,0.2385,0.2386,0.2387,0.2388,0.2389,0.239,0.2391,0.2392,0.2393,48355.7,257136.1,362178.7,385495.4,386523,313079.5,294531.8,630438.3,106625.5,300873.3,11149.8,222400.9,250027.9,235437.1,185580.9,154572.8,1094487.8,176561,146503,70901.3
91,0.2386,0.2385,0.2384,0.2383,0.2382,0.2381,0.238,0.2379,0.2378,0.2377,0.2387,0.2388,0.2389,0.239,0.2391,0.2392,0.2393,0.2394,0.2395,0.2396,151441.6,236966.9,299527.5,443910.8,291591.6,490228.5,259791.8,699379.5,173571.6,284316.2,23848.8,129981.2,267001.9,1067706.8,169368.5,143946.9,134848.1,183320.8,95952.8,106268.5
92,0.2386,0.2385,0.2384,0.2383,0.2382,0.2381,0.238,0.2379,0.2378,0.2377,0.2387,0.2388,0.2389,0.239,0.2391,0.2392,0.2393,0.2394,0.2395,0.2396,21705.6,263227.3,265113.4,406948,283585.3,499066.1,313157.3,385154.1,458838.1,305451.6,29110.2,181961.4,269214.4,1045170.5,166355.2,143972.3,126469,185510.8,95943.2,102065.1
93,0.2388,0.2387,0.2386,0.2385,0.2384,0.2383,0.2382,0.2381,0.238,0.2379,0.2389,0.239,0.2391,0.2392,0.2393,0.2394,0.2395,0.2396,0.2397,0.2398,13155.9,199877.8,300808.7,396211.8,360360,559394.1,308438.3,643194.2,291605.8,225835.9,31825.2,1114483.4,209496.9,180184.4,135718.5,127603.8,83071.9,100639.8,146324.9,196318.2
94,0.2388,0.2387,0.2386,0.2385,0.2384,0.2383,0.2382,0.2381,0.238,0.2379,0.2389,0.239,0.2391,0.2392,0.2393,0.2394,0.2395,0.2396,0.2397,0.2398,55242.7,249542.9,335097.4,452051.5,389860.7,504988.8,326930.5,600914.2,216386,156352,23249.8,1046243.6,209640,180505.4,135780,103914.9,105534.3,100639.8,146320.1,191695.3
95,0.2388,0.2387,0.2386,0.2385,0.2384,0.2383,0.2382,0.2381,0.238,0.2379,0.2389,0.239,0.2391,0.2392,0.2393,0.2394,0.2395,0.2396,0.2397,0.2398,19639.9,278431.7,378078.8,417622.5,434747.9,402308.2,306422.5,579754.5,283575.8,147249.9,31205.6,999451.6,197031.8,192622.3,142748,116420,104424.6,100639.8,145068,190270.9
96,0.2388,0.2387,0.2386,0.2385,0.2384,0.2383,0.2382,0.2381,0.238,0.2379,0.2389,0.239,0.2391,0.2392,0.2393,0.2394,0.2395,0.2396,0.2397,0.2398,155266.9,317499.7,380415.1,423650.4,433352.5,498070.9,308545.2,584851.7,258178,156214.2,7514.5,1000868,214042.5,191531.1,133926.4,118722.7,104450,100501.9,135039,201710.2
97,0.2388,0.2387,0.2386,0.2385,0.2384,0.2383,0.2382,0.2381,0.238,0.2379,0.2389,0.239,0.2391,0.2392,0.2393,0.2394,0.2395,0.2396,0.2397,0.2398,57739.1,293999.8,309625.8,344392.9,434752.8,421093.1,328431.4,653586.4,349707.9,154790.5,36252,1008895.6,206313.1,181065.8,142966.7,127186.6,82048.8,100639.6,134901.3,190270.9
98,0.2388,0.2387,0.2386,0.2385,0.2384,0.2383,0.2382,0.2381,0.238,0.2379,0.2389,0.239,0.2391,0.2392,0.2393,0.2394,0.2395,0.2396,0.2397,0.2398,62878.3,315168.4,375899.9,282394,430242.2,410661,396557.5,454709.9,480302,156214.3,35246.5,1012268.2,211633.7,181466.8,143664.9,127063.4,82186.6,100501.9,133628.7,191694.8
99,0.2387,0.2386,0.2385,0.2384,0.2383,0.2382,0.2381,0.238,0.2379,0.2378,0.2388,0.2389,0.239,0.2391,0.2392,0.2393,0.2394,0.2395,0.2396,0.2397,52688.2,289548.3,379199.2,481695.3,378321.3,472952.7,244196.8,505147.4,307425.4,163389.3,57164.7,277826.2,990303.8,150999.4,145217.8,108251.2,126149.3,82186.6,100501.9,132788.1
100,0.2386,0.2385,0.2384,0.2383,0.2382,0.2381,0.238,0.2379,0.2378,0.2377,0.2387,0.2388,0.2389,0.239,0.2391,0.2392,0.2393,0.2394,0.2395,0.2396,10771.6,261808.6,274306.6,406160.5,514628.6,408349,312374.9,337314.7,252006,280784.7,41440,120117.6,269373.4,988387.7,140135.9,165729.3,104626.4,103470.9,90332.8,106129.2
101,0.2384,0.2383,0.2382,0.2381,0.238,0.2379,0.2378,0.2377,0.2376,0.2375,0.2385,0.2386,0.2387,0.2388,0.2389,0.239,0.2391,0.2392,0.2393,0.2394,15963.2,260469.5,279789,470148.3,425398.1,362179.7,368706.8,301513,347563.7,111563.9,34237.2,160482.6,180076.6,105566.2,164743,1005340.8,158455.9,146361,84739.6,179672.5
102,0.2386,0.2385,0.2384,0.2383,0.2382,0.2381,0.238,0.2379,0.2378,0.2377,0.2387,0.2388,0.2389,0.239,0.2391,0.2392,0.2393,0.2394,0.2395,0.2396,29280,287223,289497.5,451240.1,284295.3,541638.4,436556.7,301017.4,456316.5,234608.6,31671.9,152456.8,248310.6,1012668.3,135811.4,146361,94262.6,178246.2,177367.2,191852
103,0.2386,0.2385,0.2384,0.2383,0.2382,0.2381,0.238,0.2379,0.2378,0.2377,0.2387,0.2388,0.2389,0.239,0.2391,0.2392,0.2393,0.2394,0.2395,0.2396,12861.4,262969,296697.6,481079.7,318052.2,530191.7,389664.1,229214.7,393255.4,207350.9,50256.2,133372.5,277054.9,946740.2,140235,144196.2,126539.1,98822.4,164478.2,187668.2
104,0.2386,0.2385,0.2384,0.2383,0.2382,0.2381,0.238,0.2379,0.2378,0.2377,0.2387,0.2388,0.2389,0.239,0.2391,0.2392,0.2393,0.2394,0.2395,0.2396,43785.9,297284.6,261231.1,464199.5,402387.9,370420.8,388352.5,269008.5,602021.9,180293.2,47136.5,131639.9,246900.7,946711.3,140658.8,164990.3,73327.9,98822.4,175936.7,187668.3
105,0.2387,0.2386,0.2385,0.2384,0.2383,0.2382,0.2381,0.238,0.2379,0.2378,0.2388,0.2389,0.239,0.2391,0.2392,0.2393,0.2394,0.2395,0.2396,0.2397,119730.8,286253.5,405413.5,223444.7,325871.8,456108,341308.1,528269.7,347023,267559.9,8632.2,295468.5,975340.8,139481,146712.1,74778.5,118276.6,164478.2,199080,83492.5
106,0.2385,0.2384,0.2383,0.2382,0.2381,0.238,0.2379,0.2378,0.2377,0.2376,0.2386,0.2387,0.2388,0.2389,0.239,0.2391,0.2392,0.2393,0.2394,0.2395,18511.9,240483.2,347574.1,421755.7,458636.5,477584.5,284290.1,604824.2,253041.2,58657.9,105111.5,210807.9,236494.5,216505,1021700.9,142973.2,154461.9,83380.2,104718.5,94525.3
107,0.2386,0.2385,0.2384,0.2383,0.2382,0.2381,0.238,0.2379,0.2378,0.2377,0.2387,0.2388,0.2389,0.239,0.2391,0.2392,0.2393,0.2394,0.2395,0.2396,16202.4,298408.3,378771.4,249849.8,450498.5,421511.4,407926.7,352751.6,493317.5,253041.2,129656.5,245877.1,281781.5,1011211.1,145895.8,154068.7,83380.2,104718.5,94525.3,108310
108,0.2386,0.2385,0.2384,0.2383,0.2382,0.2381,0.238,0.2379,0.2378,0.2377,0.2387,0.2388,0.2389,0.239,0.2391,0.2392,0.2393,0.2394,0.2395,0.2396,24562.4,316692.9,354599.4,261251.3,447970.7,398862,456994.8,525999.7,380188.1,255661.6,127113,233625.9,281300.8,1011211.1,143505.1,154068.7,83380.2,104718.5,94525.3,108310
109,0.2386,0.2385,0.2384,0.2383,0.2382,0.2381,0.238,0.2379,0.2378,0.2377,0.2387,0.2388,0.2389,0.239,0.2391,0.2392,0.2393,0.2394,0.2395,0.2396,176068.5,346570.5,394580.2,282912.9,511909.5,366006.9,461630.2,414176.4,288040.6,255661.1,15858.9,218246.4,278071.6,1033457.1,141736.1,134450,106006.1,104718.5,83071.6,102262.4
110,0.2387,0.2386,0.2385,0.2384,0.2383,0.2382,0.2381,0.238,0.2379,0.2378,0.2388,0.2389,0.239,0.2391,0.2392,0.2393,0.2394,0.2395,0.2396,0.2397,45736.1,280651.4,308304.8,344320.4,297579.6,505185.4,291008.5,723886.4,211264.9,289469.4,71620.1,285911.5,1038644.9,141757.7,134450,136958.6,104718.5,83071.6,113664.6,165858.9
111,0.2388,0.2387,0.2386,0.2385,0.2384,0.2383,0.2382,0.2381,0.238,0.2379,0.2389,0.239,0.2391,0.2392,0.2393,0.2394,0.2395,0.2396,0.2397,0.2398,36934.9,287300.6,332614.3,384658.2,463959.4,273392.2,471581.6,493165.3,322473.5,140102.2,56923.5,1073813.2,210708.2,169109.9,148672.1,108333,105334.5,102262.4,175878.2,196034.3
112,0.2391,0.239,0.2389,0.2388,0.2387,0.2386,0.2385,0.2384,0.2383,0.2382,0.2392,0.2393,0.2394,0.2395,0.2396,0.2397,0.2398,0.2399,0.24,0.2401,143591.4,381099.5,312414.8,396635.3,206739.2,498805.1,280148.3,418209,227365.8,199725.5,13481.6,208491.8,236864.9,198807.2,166187.7,121656.6,119509.1,104145.9,191381.5,79776.6
