timestamp,bid_price_0,bid_price_1,bid_price_2,bid_price_3,bid_price_4,bid_price_5,bid_price_6,bid_price_7,bid_price_8,bid_price_9,ask_price_0,ask_price_1,ask_price_2,ask_price_3,ask_price_4,ask_price_5,ask_price_6,ask_price_7,ask_price_8,ask_price_9,bid_size_0,bid_size_1,bid_size_2,bid_size_3,bid_size_4,bid_size_5,bid_size_6,bid_size_7,bid_size_8,bid_size_9,ask_size_0,ask_size_1,ask_size_2,ask_size_3,ask_size_4,ask_size_5,ask_size_6,ask_size_7,ask_size_8,ask_size_9
0,0.2415,0.2414,0.2413,0.2412,0.2411,0.241,0.2409,0.2408,0.2407,0.2406,0.2416,0.2417,0.2418,0.2419,0.242,0.2421,0.2422,0.2423,0.2424,0.2425,98494.5,160331.3,224900.2,151786.9,193789.6,247605.7,163340,98980.7,142714.5,92517.7,32892.2,135972.2,169248.2,219598.6,206794.4,148681.9,184486.3,153673.1,128433.3,280849.2
1,0.2415,0.2414,0.2413,0.2412,0.2411,0.241,0.2409,0.2408,0.2407,0.2406,0.2416,0.2417,0.2418,0.2419,0.242,0.2421,0.2422,0.2423,0.2424,0.2425,71118.8,195823.9,200875.5,185617.2,195103.4,260771.9,168895.1,112907.1,155880.7,103639.2,43818.9,162743.3,176503.6,192643.9,274190.5,255814.5,169303.6,211037.3,193180.4,228677.7
2,0.2413,0.2412,0.2411,0.241,0.2409,0.2408,0.2407,0.2406,0.2405,0.2404,0.2414,0.2415,0.2416,0.2417,0.2418,0.2419,0.242,0.2421,0.2422,0.2423,55175.3,264509.6,205098,211140.4,208935.3,150750.5,156312.3,97597.9,150277.7,202208.7,35829.8,186229,243917.9,171543,283833.8,219389.7,292942.5,164444.5,137547.2,217651.6
3,0.2413,0.2412,0.2411,0.241,0.2409,0.2408,0.2407,0.2406,0.2405,0.2404,0.2414,0.2415,0.2416,0.2417,0.2418,0.2419,0.242,0.2421,0.2422,0.2423,82171.5,188071.7,247240.3,225852.4,198300,128314,247584.4,97597.9,141995.7,168757.4,19315,176338.4,230414.6,182320.4,273649.3,245960.7,254220.1,189091.7,137955,206330.9
4,0.2412,0.2411,0.241,0.2409,0.2408,0.2407,0.2406,0.2405,0.2404,0.2403,0.2413,0.2414,0.2415,0.2416,0.2417,0.2418,0.2419,0.242,0.2421,0.2422,24529.1,218959.1,336670.6,381814.7,345409.7,368369,165190.4,151560.8,177928.9,182869.7,14480.8,198393.1,185937.4,157470.5,183534,126675.9,162695,175270.9,87058.2,127234.9
5,0.2413,0.2412,0.2411,0.241,0.2409,0.2408,0.2407,0.2406,0.2405,0.2404,0.2414,0.2415,0.2416,0.2417,0.2418,0.2419,0.242,0.2421,0.2422,0.2423,18478.4,198270.1,337373.4,321974.7,264687.1,264722.8,298496.7,187265.2,147161.4,177648.2,66571.8,200319.8,221641.8,178823,128962.6,139594.7,199265.8,87458.2,115960.3,219435.2
6,0.2413,0.2412,0.2411,0.241,0.2409,0.2408,0.2407,0.2406,0.2405,0.2404,0.2414,0.2415,0.2416,0.2417,0.2418,0.2419,0.242,0.2421,0.2422,0.2423,45942.1,225232.9,343442.8,258466,293320.4,262916.5,372360.7,90762.4,166501.3,132173.1,54649.8,223789.8,207438.9,165114.5,130601.9,134390.9,232397.2,87058.2,204857.2,189985
7,0.2412,0.2411,0.241,0.2409,0.2408,0.2407,0.2406,0.2405,0.2404,0.2403,0.2413,0.2414,0.2415,0.2416,0.2417,0.2418,0.2419,0.242,0.2421,0.2422,25422.2,202403,308348.8,374378.4,249737.8,416244.8,199439.6,176289.2,97502.8,202163.4,53673.2,211111.9,216935.2,171358.6,170847.7,122446.6,157592.8,173862.4,98337.4,194909.1
8,0.2411,0.241,0.2409,0.2408,0.2407,0.2406,0.2405,0.2404,0.2403,0.2402,0.2412,0.2413,0.2414,0.2415,0.2416,0.2417,0.2418,0.2419,0.242,0.2421,144508,267887.7,268059.5,275783.4,337552.1,251858.5,252594.7,195886.6,202445.2,122054.6,2172.2,152404.1,219719.8,182903.5,168316.9,165825.4,143497.5,124914.1,208824.4,87058.2
9,0.2412,0.2411,0.241,0.2409,0.2408,0.2407,0.2406,0.2405,0.2404,0.2403,0.2413,0.2414,0.2415,0.2416,0.2417,0.2418,0.2419,0.242,0.2421,0.2422,22814.6,238409,302329.4,334932.7,294304.4,306731.8,260107.3,177837,130733.9,202176.1,49102.5,215037.9,234208.6,176680.6,169075.4,122500.7,146622.2,208824.4,98342.1,196306
10,0.2409,0.2408,0.2407,0.2406,0.2405,0.2404,0.2403,0.2402,0.2401,0.24,0.241,0.2411,0.2412,0.2413,0.2414,0.2415,0.2416,0.2417,0.2418,0.2419,18184.1,159916.5,270651.6,341595,274096.5,321056.1,229862.8,164621.6,128961.6,211370.1,90173.6,226805,243666.5,177821.4,171436.4,175506,163906.8,156654.1,130033.5,124809
11,0.2408,0.2407,0.2406,0.2405,0.2404,0.2403,0.2402,0.2401,0.24,0.2399,0.2409,0.241,0.2411,0.2412,0.2413,0.2414,0.2415,0.2416,0.2417,0.2418,34525.6,302330.4,246627.4,347568.1,277466.1,318196.4,316991.7,178746.3,208356.3,118069.3,60848,205031.7,219039.5,172770.2,192666.5,159455.1,182128.7,140272.9,150465.1,111438.9
12,0.2408,0.2407,0.2406,0.2405,0.2404,0.2403,0.2402,0.2401,0.24,0.2399,0.2409,0.241,0.2411,0.2412,0.2413,0.2414,0.2415,0.2416,0.2417,0.2418,26906.5,283269,243609.1,355941,290839,311922.5,224658.6,138517.5,209787.3,118069.4,27160.9,217943.9,219989.8,172431.4,186133.8,159331.1,182128.7,130337.1,150465.1,132747.8
13,0.2409,0.2408,0.2407,0.2406,0.2405,0.2404,0.2403,0.2402,0.2401,0.24,0.241,0.2411,0.2412,0.2413,0.2414,0.2415,0.2416,0.2417,0.2418,0.2419,6386.4,262098.5,338164.8,231042.5,321375.2,309680.9,308781.1,233929.1,73441.7,218673.5,60882,214467.2,210441.1,188641.7,160636.6,166045.9,152573.1,150465.1,132747.7,174268.9
14,0.2407,0.2406,0.2405,0.2404,0.2403,0.2402,0.2401,0.24,0.2399,0.2398,0.2408,0.2409,0.241,0.2411,0.2412,0.2413,0.2414,0.2415,0.2416,0.2417,17478.9,187035.9,277246.8,341751,294347.7,316168.7,273735.4,252164,110282.6,193146.9,75202.3,198524.3,204736.4,179703.3,171065.9,199674.9,150925.9,160904.5,130337.1,150465.1
15,0.2402,0.2401,0.24,0.2399,0.2398,0.2397,0.2396,0.2395,0.2394,0.2393,0.2403,0.2404,0.2405,0.2406,0.2407,0.2408,0.2409,0.241,0.2411,0.2412,8205.6,266326.1,378299,223064.2,297329.8,380311.9,282225.6,176385.3,116894.5,137117.7,138151.5,214780.1,210241.9,181924.6,145585.3,171073.8,142593.6,154696.9,212924.5,135103.4
16,0.2401,0.24,0.2399,0.2398,0.2397,0.2396,0.2395,0.2394,0.2393,0.2392,0.2402,0.2403,0.2404,0.2405,0.2406,0.2407,0.2408,0.2409,0.241,0.2411,8400.7,342903.2,259186.4,349985.6,327432.2,254228.2,219702.8,149000.2,127432.7,110575.3,97881.7,192628,197787.4,187307.3,169239,141865.6,192164.4,138456.8,154396.9,177733.7
17,0.24,0.2399,0.2398,0.2397,0.2396,0.2395,0.2394,0.2393,0.2392,0.2391,0.2401,0.2402,0.2403,0.2404,0.2405,0.2406,0.2407,0.2408,0.2409,0.241,105619.1,194938.9,362665.8,404591.5,292015.2,261343.8,200752.2,101465.5,101841.4,235387.7,40210.4,210652.8,187300.9,170738.7,185049.7,187608.5,159248.4,170012.1,138351.7,165765.7
18,0.2402,0.2401,0.24,0.2399,0.2398,0.2397,0.2396,0.2395,0.2394,0.2393,0.2403,0.2404,0.2405,0.2406,0.2407,0.2408,0.2409,0.241,0.2411,0.2412,23296.9,225631.2,249099.3,292491.6,274404.5,403093.1,351068.1,359323.3,222372.2,83131,71000.4,223624.1,180265.9,186218.9,138274.5,171154,162192.1,158143.6,212089.8,149919.7
19,0.2401,0.24,0.2399,0.2398,0.2397,0.2396,0.2395,0.2394,0.2393,0.2392,0.2402,0.2403,0.2404,0.2405,0.2406,0.2407,0.2408,0.2409,0.241,0.2411,19224.9,261639.9,265990.1,332875.9,429323.5,328275,258423.3,268674.1,58955.1,116001.2,154281.2,229209.7,209826.2,162312.6,186217.9,136197.8,190711.4,138330.9,168083,212069
20,0.2399,0.2398,0.2397,0.2396,0.2395,0.2394,0.2393,0.2392,0.2391,0.239,0.24,0.2401,0.2402,0.2403,0.2404,0.2405,0.2406,0.2407,0.2408,0.2409,95803.5,312236.4,408682.9,372276.7,320477.1,320326.5,201525.6,139812.8,235366.7,187145.6,3854.1,225804.8,229711.7,173120.5,153964.4,180475.7,200338.9,136197.8,138623.1,150612.1
21,0.2404,0.2403,0.2402,0.2401,0.24,0.2399,0.2398,0.2397,0.2396,0.2395,0.2405,0.2406,0.2407,0.2408,0.2409,0.241,0.2411,0.2412,0.2413,0.2414,29087.4,214513.2,248280.2,331655.6,266907.5,422215.8,399730,303137.8,335454.5,101128.4,59688.3,208846.7,168116.8,144095.4,138206.9,150116.7,204513.3,148779.3,114596,162879.2
22,0.2403,0.2402,0.2401,0.24,0.2399,0.2398,0.2397,0.2396,0.2395,0.2394,0.2404,0.2405,0.2406,0.2407,0.2408,0.2409,0.241,0.2411,0.2412,0.2413,121280.9,268600.6,299510.3,294658.9,373034.1,405277.3,375441.1,267683.9,127274.2,152530.7,9741.3,134900.7,184834.1,159340.4,149593.7,138506.9,166941.4,164749.8,147362.7,124494.5
23,0.2403,0.2402,0.2401,0.24,0.2399,0.2398,0.2397,0.2396,0.2395,0.2394,0.2404,0.2405,0.2406,0.2407,0.2408,0.2409,0.241,0.2411,0.2412,0.2413,26409.4,226790.4,284745.7,311773.5,364079.7,355408.1,378628.2,286385.6,147882.9,152530.7,22201.5,199906.8,182042.1,159771.6,158437.3,159681.2,146110.5,164749.8,147362.7,124905.8
24,0.2408,0.2407,0.2406,0.2405,0.2404,0.2403,0.2402,0.2401,0.24,0.2399,0.2409,0.241,0.2411,0.2412,0.2413,0.2414,0.2415,0.2416,0.2417,0.2418,118191.7,231665.2,296008.1,328457.7,342906.3,363771.3,211649.5,402133.9,123317.6,144218.3,19379,175508.9,181115.2,98872.9,139091.1,108715,127753.4,126229.9,184232,131963.2
25,0.2407,0.2406,0.2405,0.2404,0.2403,0.2402,0.2401,0.24,0.2399,0.2398,0.2408,0.2409,0.241,0.2411,0.2412,0.2413,0.2414,0.2415,0.2416,0.2417,100796.4,270717.2,278892.8,344951.1,311920.5,309198.3,360399.6,185635.2,145393.7,288128.7,8396.8,162909.6,177107.5,161478.8,77896.4,127450.6,187500.6,104505.1,113101.7,194155.4
26,0.2407,0.2406,0.2405,0.2404,0.2403,0.2402,0.2401,0.24,0.2399,0.2398,0.2408,0.2409,0.241,0.2411,0.2412,0.2413,0.2414,0.2415,0.2416,0.2417,139032.1,251953.9,268020.6,355069,338200.1,398267.5,374346.1,125701.9,133979.2,233089.5,28684.4,186840.9,183409.3,179127.7,146312.6,127301.6,188311.3,106617.7,124362.8,104021.8
27,0.2413,0.2412,0.2411,0.241,0.2409,0.2408,0.2407,0.2406,0.2405,0.2404,0.2414,0.2415,0.2416,0.2417,0.2418,0.2419,0.242,0.2421,0.2422,0.2423,27625.3,228920.9,295229.7,352863.2,430129.4,269145.4,379138.7,309614.4,204700,214925.5,27165.4,138732.7,131322.8,124786.7,123224.6,185777.8,165912.3,181877.1,151916,109549.2
28,0.2416,0.2415,0.2414,0.2413,0.2412,0.2411,0.241,0.2409,0.2408,0.2407,0.2417,0.2418,0.2419,0.242,0.2421,0.2422,0.2423,0.2424,0.2425,0.2426,61676.8,248841.9,270209.4,394748.5,268543.1,487223.1,310718.6,370085.4,180383.5,250249.4,27908.1,150829.4,123400.4,143675.5,118350.5,149155,169497,137799.4,134680.8,115090.4
29,0.2418,0.2417,0.2416,0.2415,0.2414,0.2413,0.2412,0.2411,0.241,0.2409,0.2419,0.242,0.2421,0.2422,0.2423,0.2424,0.2425,0.2426,0.2427,0.2428,441586.9,232318.6,243773,298908.2,243621.5,498601.8,303710.1,360144.7,333863.6,260846,85631.3,128860.2,123820.9,135685.6,122898.8,159961.9,129343.9,135328.7,147938.1,209283
30,0.2418,0.2417,0.2416,0.2415,0.2414,0.2413,0.2412,0.2411,0.241,0.2409,0.2419,0.242,0.2421,0.2422,0.2423,0.2424,0.2425,0.2426,0.2427,0.2428,4081.8,201253.6,226940.5,285005.9,260570.6,460697.3,272129.9,397969.1,378433.6,81340,112709.7,142478.2,166927.1,128472.5,130869.1,140305.9,169872.2,134368.7,211394.6,156980.9
31,0.2423,0.2422,0.2421,0.242,0.2419,0.2418,0.2417,0.2416,0.2415,0.2414,0.2424,0.2425,0.2426,0.2427,0.2428,0.2429,0.243,0.2431,0.2432,0.2433,9919.6,204189.7,437067.7,682871.2,438794.1,264606.7,344436.3,182165.2,185309.4,120367.2,107980.4,162346.7,168480.1,137541.2,202803.9,130899.5,129682.2,140474.5,133095.9,152062.1
32,0.2425,0.2424,0.2423,0.2422,0.2421,0.242,0.2419,0.2418,0.2417,0.2416,0.2426,0.2427,0.2428,0.2429,0.243,0.2431,0.2432,0.2433,0.2434,0.2435,86299.8,207918.3,258162.4,249534.5,548663.4,720301.8,434537.5,151799.2,310893.5,221460.9,24059.3,149137,202364.8,133910.8,114585.8,141627.1,154555.7,132045.5,190137.1,151319.7
33,0.2424,0.2423,0.2422,0.2421,0.242,0.2419,0.2418,0.2417,0.2416,0.2415,0.2425,0.2426,0.2427,0.2428,0.2429,0.243,0.2431,0.2432,0.2433,0.2434,64338,257817.3,280228.4,576017.4,716276,477319.6,205753.8,211457.7,156289.9,110559.8,26127.7,134690.1,151972.2,145447.6,156050.2,163605.2,166771.4,134903.2,130672.9,122276.3
34,0.2423,0.2422,0.2421,0.242,0.2419,0.2418,0.2417,0.2416,0.2415,0.2414,0.2424,0.2425,0.2426,0.2427,0.2428,0.2429,0.243,0.2431,0.2432,0.2433,4003.9,192334.4,362569.1,845025.6,314575,353281.5,328665.8,268163.1,157759.6,234719.4,93152.9,200224.7,133098.7,192577.3,160152.7,175326.5,212109.1,148897.4,112989.3,133155.6
35,0.2423,0.2422,0.2421,0.242,0.2419,0.2418,0.2417,0.2416,0.2415,0.2414,0.2424,0.2425,0.2426,0.2427,0.2428,0.2429,0.243,0.2431,0.2432,0.2433,31759.3,211660.2,451455.5,748127.9,352845.5,335811.8,372170.8,250685.4,33356.7,226171.1,52017.2,223753.1,129795.9,197005.1,158533.2,194184.5,192523,149302,113003.2,149632.9
36,0.2422,0.2421,0.242,0.2419,0.2418,0.2417,0.2416,0.2415,0.2414,0.2413,0.2423,0.2424,0.2425,0.2426,0.2427,0.2428,0.2429,0.243,0.2431,0.2432,121844.5,410832.2,784120.4,368978.4,293646.1,294340.4,340977.6,131577.4,235854.9,93841.8,22528.8,110802.7,181998.1,126833,179716.7,153069.4,195939.4,191506,149301.1,101765.9
37,0.2422,0.2421,0.242,0.2419,0.2418,0.2417,0.2416,0.2415,0.2414,0.2413,0.2423,0.2424,0.2425,0.2426,0.2427,0.2428,0.2429,0.243,0.2431,0.2432,153250.2,264022.2,242113,348708.3,281929.2,388949.4,287487.4,205540.6,224791.2,95245.2,9489.7,113417.7,196678.7,114555.1,192834.9,150457,195939.4,200761.3,160362.3,122910.3
38,0.2422,0.2421,0.242,0.2419,0.2418,0.2417,0.2416,0.2415,0.2414,0.2413,0.2423,0.2424,0.2425,0.2426,0.2427,0.2428,0.2429,0.243,0.2431,0.2432,134866,231652.2,273934.5,377270.1,446276.5,327947.4,288537,74161.3,240483.4,96669,139214.1,118459.6,184595.5,112951.6,200399,151932.5,193821.9,191506,169614.1,122951.6
39,0.2421,0.242,0.2419,0.2418,0.2417,0.2416,0.2415,0.2414,0.2413,0.2412,0.2422,0.2423,0.2424,0.2425,0.2426,0.2427,0.2428,0.2429,0.243,0.2431,166984.9,279352.5,323304.3,395647.1,309374.5,339833.3,213226.7,274863,107968.4,186105.5,34396.2,153907.4,114794.7,178607.2,110925.8,192347.3,174730.5,171532,191526.6,159979.2
40,0.242,0.2419,0.2418,0.2417,0.2416,0.2415,0.2414,0.2413,0.2412,0.2411,0.2421,0.2422,0.2423,0.2424,0.2425,0.2426,0.2427,0.2428,0.2429,0.243,157585.9,234371.9,377389.6,348226.1,343673.8,209333.5,188671,313740.7,296529.3,227155.5,24824.6,114932.1,351719.2,112666,198089.6,90981.2,202192.3,148174.2,171532.1,193716.6
41,0.242,0.2419,0.2418,0.2417,0.2416,0.2415,0.2414,0.2413,0.2412,0.2411,0.2421,0.2422,0.2423,0.2424,0.2425,0.2426,0.2427,0.2428,0.2429,0.243,87693.3,226264,300092.9,359640.2,315865.6,323940.6,213441.1,327282.8,275419.3,223492.2,166354,138544.5,209234,100245.8,190708.9,88364.9,202192.3,148579.3,183788.2,193716.6
42,0.242,0.2419,0.2418,0.2417,0.2416,0.2415,0.2414,0.2413,0.2412,0.2411,0.2421,0.2422,0.2423,0.2424,0.2425,0.2426,0.2427,0.2428,0.2429,0.243,105206.4,307909.4,371479.8,484374.4,318251.3,348065,226454.2,500095.7,189049.2,223492.2,25463.3,118522.7,209928.3,100358.2,194179.3,88364.9,202192.3,148579.3,185677.9,193716.6
43,0.242,0.2419,0.2418,0.2417,0.2416,0.2415,0.2414,0.2413,0.2412,0.2411,0.2421,0.2422,0.2423,0.2424,0.2425,0.2426,0.2427,0.2428,0.2429,0.243,17303.8,268578.8,339026.4,457094,325248,351786.5,328162.6,471457.9,242432.4,223492.2,32728.9,184678.4,209934.8,165629,191158.4,151968.6,202924.5,157436.5,172947.2,209468.1
44,0.2417,0.2416,0.2415,0.2414,0.2413,0.2412,0.2411,0.241,0.2409,0.2408,0.2418,0.2419,0.242,0.2421,0.2422,0.2423,0.2424,0.2425,0.2426,0.2427,88345,222409,304116.1,454102,333689.4,364972,327909.8,403386.6,141623.5,62649.6,30275.8,183930.8,189349.7,224469.3,189361.3,170102.6,163658.7,168621.6,181650.1,182474.6
45,0.2415,0.2414,0.2413,0.2412,0.2411,0.241,0.2409,0.2408,0.2407,0.2406,0.2416,0.2417,0.2418,0.2419,0.242,0.2421,0.2422,0.2423,0.2424,0.2425,70200.1,199897.4,375351.5,351209.6,364218.2,331752.8,201663.6,286416.7,233008.7,242688.1,29360.2,192738.5,171294.6,167488.8,185351.3,185040.9,187718.1,196823.3,150389.7,181974.5
46,0.2414,0.2413,0.2412,0.2411,0.241,0.2409,0.2408,0.2407,0.2406,0.2405,0.2415,0.2416,0.2417,0.2418,0.2419,0.242,0.2421,0.2422,0.2423,0.2424,147608.1,342465,311820.3,364899.2,286114.5,271515.1,248049.4,229973.4,264468.1,256469.4,14719.3,103162.4,181938.8,166776.8,167471.2,169275.5,206237.6,172645.9,194805.2,141518.7
47,0.2412,0.2411,0.241,0.2409,0.2408,0.2407,0.2406,0.2405,0.2404,0.2403,0.2413,0.2414,0.2415,0.2416,0.2417,0.2418,0.2419,0.242,0.2421,0.2422,129870.1,201823.6,230970.6,365657.8,388759.5,314085.2,269155.1,328284.9,260827.1,141347.2,30021.4,186622.4,206666.8,152483.7,171498.5,179412.8,172775.2,178126,191668.9,174408.5
48,0.2406,0.2405,0.2404,0.2403,0.2402,0.2401,0.24,0.2399,0.2398,0.2397,0.2407,0.2408,0.2409,0.241,0.2411,0.2412,0.2413,0.2414,0.2415,0.2416,32481.2,227673.6,217343.7,368177.8,353917.6,273789.3,337666.2,270792,151726.1,167218,63607.1,187692.1,177214.9,167129.4,174566.1,144419.3,169221.1,119181.5,169111.3,172903.5
49,0.2404,0.2403,0.2402,0.2401,0.24,0.2399,0.2398,0.2397,0.2396,0.2395,0.2405,0.2406,0.2407,0.2408,0.2409,0.241,0.2411,0.2412,0.2413,0.2414,53276.2,185691,308313.5,329996.9,248774.3,343136.4,215088.4,311457.4,77299.4,108797.8,46142.1,217481.7,186005.1,177144.4,191016.1,153285.9,180647,136839.8,154832.4,177113.5
50,0.2404,0.2403,0.2402,0.2401,0.24,0.2399,0.2398,0.2397,0.2396,0.2395,0.2405,0.2406,0.2407,0.2408,0.2409,0.241,0.2411,0.2412,0.2413,0.2414,82606,246127.6,263304.2,404781.1,329306.2,376377.7,351376.7,341689.2,258878.3,115040.7,17574.6,194821.9,213925.9,154436.7,167149.6,137569.7,212944.8,133516.3,159643.8,204750.5
51,0.2406,0.2405,0.2404,0.2403,0.2402,0.2401,0.24,0.2399,0.2398,0.2397,0.2407,0.2408,0.2409,0.241,0.2411,0.2412,0.2413,0.2414,0.2415,0.2416,89025.3,222766.1,303311.9,411074.4,263219.8,479628.6,372651.2,296882.5,355766,236420.2,79092.3,226330.1,218242.3,136548.4,194772.5,131177.8,183653.9,193387.4,199415.3,147817.9
52,0.2405,0.2404,0.2403,0.2402,0.2401,0.24,0.2399,0.2398,0.2397,0.2396,0.2406,0.2407,0.2408,0.2409,0.241,0.2411,0.2412,0.2413,0.2414,0.2415,100986.1,293996.4,331489.1,264367.3,387957,358217.3,375885,279195.1,292784.5,53230,37014.3,218013.6,185939.4,193251.1,143028.9,154536.4,154625.5,159643.8,225315,197850
53,0.2402,0.2401,0.24,0.2399,0.2398,0.2397,0.2396,0.2395,0.2394,0.2393,0.2403,0.2404,0.2405,0.2406,0.2407,0.2408,0.2409,0.241,0.2411,0.2412,128890.1,237971.6,384985.7,269957.8,410231.1,437027.2,205070.2,477248.2,215520.1,116797.7,17796.8,224001.6,234027.4,168822.3,215539,141635.3,213235.6,134807.8,183997.8,133274.5
54,0.2404,0.2403,0.2402,0.2401,0.24,0.2399,0.2398,0.2397,0.2396,0.2395,0.2405,0.2406,0.2407,0.2408,0.2409,0.241,0.2411,0.2412,0.2413,0.2414,119178.7,235222.7,305298.1,258732.5,424455.5,269776.7,359155.8,272345.7,324977.4,184625.6,20878.3,232518.3,217198.6,150903.5,173030.3,133394.1,205973.3,133217.8,130803.4,205996.9
55,0.2405,0.2404,0.2403,0.2402,0.2401,0.24,0.2399,0.2398,0.2397,0.2396,0.2406,0.2407,0.2408,0.2409,0.241,0.2411,0.2412,0.2413,0.2414,0.2415,16795.7,211799,269783.1,288820.2,272867.4,462876,295094.9,218254.9,464450.2,130135.6,64964.5,233897.8,223212.7,174901,143567.5,183997.8,181123.2,130803.4,204577.4,216691.3
56,0.2403,0.2402,0.2401,0.24,0.2399,0.2398,0.2397,0.2396,0.2395,0.2394,0.2404,0.2405,0.2406,0.2407,0.2408,0.2409,0.241,0.2411,0.2412,0.2413,137659.2,229833.1,323079.7,442646.1,314213.9,439589.4,247232.5,255960.4,144856.6,247341.5,23503.7,229022.2,196133.5,177582.6,173983.5,166835.5,157073.6,183997.8,172730.4,129380.3
57,0.2403,0.2402,0.2401,0.24,0.2399,0.2398,0.2397,0.2396,0.2395,0.2394,0.2404,0.2405,0.2406,0.2407,0.2408,0.2409,0.241,0.2411,0.2412,0.2413,125018.4,299645.3,434353.8,288413.5,397735.8,387033.5,413316.2,390694.4,183565.9,238221.3,15106.1,213504.2,199650.6,179631.2,209751.4,162458.6,153480.6,152063.6,250946.9,180597.4
58,0.2402,0.2401,0.24,0.2399,0.2398,0.2397,0.2396,0.2395,0.2394,0.2393,0.2403,0.2404,0.2405,0.2406,0.2407,0.2408,0.2409,0.241,0.2411,0.2412,163003.6,272162.8,340106,376344.1,364229.7,294535.4,230391.7,185110.8,84658.1,117488.3,22902.8,236749.6,213264.4,181952.6,161659.2,137013.7,185874.3,133394.1,184075.8,209338.5
59,0.2403,0.2402,0.2401,0.24,0.2399,0.2398,0.2397,0.2396,0.2395,0.2394,0.2404,0.2405,0.2406,0.2407,0.2408,0.2409,0.241,0.2411,0.2412,0.2413,120939.4,277843.6,298295,341547.8,435681.2,430638.2,240878.9,432612.7,208902.6,77164.8,16115.9,198872.3,219482.3,206377.7,156772.8,162458.6,184228.6,185500.1,219245.7,210833.1
60,0.2402,0.2401,0.24,0.2399,0.2398,0.2397,0.2396,0.2395,0.2394,0.2393,0.2403,0.2404,0.2405,0.2406,0.2407,0.2408,0.2409,0.241,0.2411,0.2412,73407.5,201645.6,249176.4,331084.2,289484.4,217524.5,256783.7,253706.7,323257.1,196829.4,37525,183569.3,218239.1,164656.9,166133.4,137036.4,185844.2,163629.9,184075.8,220706.3
61,0.2402,0.2401,0.24,0.2399,0.2398,0.2397,0.2396,0.2395,0.2394,0.2393,0.2403,0.2404,0.2405,0.2406,0.2407,0.2408,0.2409,0.241,0.2411,0.2412,103462.5,203363.5,302983.9,352082.4,356652.9,437649.2,180407.5,285472.5,395027.7,119555.9,45296.8,219425.2,206019.7,180789.9,168668.6,165277.6,186410.7,99388.6,143705.3,197593.9
62,0.2401,0.24,0.2399,0.2398,0.2397,0.2396,0.2395,0.2394,0.2393,0.2392,0.2402,0.2403,0.2404,0.2405,0.2406,0.2407,0.2408,0.2409,0.241,0.2411,113191.8,258040.8,227822.8,337229.1,377861.8,415492.5,306996.8,275846.6,284918.5,127902.1,15439.6,218509.7,223888.7,173190.4,179191.3,178724.9,165302.7,162458.6,166126.1,157344.4
63,0.24,0.2399,0.2398,0.2397,0.2396,0.2395,0.2394,0.2393,0.2392,0.2391,0.2401,0.2402,0.2403,0.2404,0.2405,0.2406,0.2407,0.2408,0.2409,0.241,67612.8,243674.6,309614.3,371398.4,366577.5,382269.2,212919.1,87084.4,385374,206890,22951.4,217383.9,187985.2,211071.3,191745.6,140764.3,172891.9,165302.7,162458.6,167550.9
64,0.2398,0.2397,0.2396,0.2395,0.2394,0.2393,0.2392,0.2391,0.239,0.2389,0.2399,0.24,0.2401,0.2402,0.2403,0.2404,0.2405,0.2406,0.2407,0.2408,99284.6,238132.1,314824.9,330149.7,383354.5,219021.6,375791.8,277999.7,351783,116104.4,20622.9,223488.5,202085.3,218772.3,160389.4,186497.2,199610.3,138719.9,85994.7,126822.5
65,0.2399,0.2398,0.2397,0.2396,0.2395,0.2394,0.2393,0.2392,0.2391,0.239,0.24,0.2401,0.2402,0.2403,0.2404,0.2405,0.2406,0.2407,0.2408,0.2409,162693.5,270693.4,291804.3,458048.6,340202.6,367641,206172.9,295700.8,354887.8,51375.8,8517,196492.7,214084.7,205982.6,173452.7,201082.3,161686.9,85994.7,116871.1,197208
66,0.239,0.2389,0.2388,0.2387,0.2386,0.2385,0.2384,0.2383,0.2382,0.2381,0.2391,0.2392,0.2393,0.2394,0.2395,0.2396,0.2397,0.2398,0.2399,0.24,61392.4,279409.7,270178,305495,271181.2,266454.1,263716.4,312588,116350.8,68687.1,100300.1,245533.6,220167.2,214392.1,187422.7,193133.5,182815.1,125991.3,138059.7,121565.5
67,0.239,0.2389,0.2388,0.2387,0.2386,0.2385,0.2384,0.2383,0.2382,0.2381,0.2391,0.2392,0.2393,0.2394,0.2395,0.2396,0.2397,0.2398,0.2399,0.24,57250.3,240756.8,287956.3,225746.6,169366,346483.2,343796.3,321613.6,58365.2,57483.7,17563.9,249727.9,243366.3,218627,217561.3,200186.9,107605.4,115177.8,195215.8,183438.6
68,0.2392,0.2391,0.239,0.2389,0.2388,0.2387,0.2386,0.2385,0.2384,0.2383,0.2393,0.2394,0.2395,0.2396,0.2397,0.2398,0.2399,0.24,0.2401,0.2402,14936.5,221888,268537.4,291598.6,327846.2,251167.7,218826.7,278058.4,449191.1,160758.2,110454.2,202096.1,226258.5,210420.7,146048.2,180164.8,135169.9,183856.5,154615.2,191887.3
69,0.2386,0.2385,0.2384,0.2383,0.2382,0.2381,0.238,0.2379,0.2378,0.2377,0.2387,0.2388,0.2389,0.239,0.2391,0.2392,0.2393,0.2394,0.2395,0.2396,67719.5,193872.2,268245.8,256387.4,260454.6,224999.8,279690.8,201593,431550.6,57905.9,21734.7,206297.6,205784.3,213506.6,192927.9,236533.6,252481.5,148737.3,164825.7,176384.8
70,0.2386,0.2385,0.2384,0.2383,0.2382,0.2381,0.238,0.2379,0.2378,0.2377,0.2387,0.2388,0.2389,0.239,0.2391,0.2392,0.2393,0.2394,0.2395,0.2396,10423,130990.9,257808.3,268299.4,265824.1,196825.1,282188.9,133031.4,337515.6,59349.5,148516.2,228305.8,173421,194618.1,197817,289208.6,225173.4,143602.1,176227.9,176376.2
71,0.2385,0.2384,0.2383,0.2382,0.2381,0.238,0.2379,0.2378,0.2377,0.2376,0.2386,0.2387,0.2388,0.2389,0.239,0.2391,0.2392,0.2393,0.2394,0.2395,20280,234142.3,177903.9,276219.6,171206.6,314171.8,240375.5,297332.7,369557.7,300816.2,121845.5,222994.3,223448.4,158986,187405,214143.1,208434,170904.1,155475,166251.3
72,0.2381,0.238,0.2379,0.2378,0.2377,0.2376,0.2375,0.2374,0.2373,0.2372,0.2382,0.2383,0.2384,0.2385,0.2386,0.2387,0.2388,0.2389,0.239,0.2391,20183.6,268476.4,272304.6,325186.3,453796.1,300089.4,353620.7,483177.4,152696.4,120727.4,18859.9,183068.9,239045,245447,218524.3,181956.1,173385.3,110229.9,35205.6,124738.3
73,0.2381,0.238,0.2379,0.2378,0.2377,0.2376,0.2375,0.2374,0.2373,0.2372,0.2382,0.2383,0.2384,0.2385,0.2386,0.2387,0.2388,0.2389,0.239,0.2391,59264.2,153979.6,327603.7,272105.7,456579.1,343093.6,330759.8,341931.5,312750.6,139294.5,175743.1,217073.1,266572.8,222292.1,246948.4,217439.9,137477.5,106294.3,99250.1,126039.8
74,0.2382,0.2381,0.238,0.2379,0.2378,0.2377,0.2376,0.2375,0.2374,0.2373,0.2383,0.2384,0.2385,0.2386,0.2387,0.2388,0.2389,0.239,0.2391,0.2392,49082.7,165792.5,300903.7,344390.3,237159.8,404482.6,375712.4,342301.1,317083.2,216442.7,142354.1,270032,237252.7,249531.4,210274.3,166087.5,106169.3,107655.2,209004.9,145781.8
75,0.2387,0.2386,0.2385,0.2384,0.2383,0.2382,0.2381,0.238,0.2379,0.2378,0.2388,0.2389,0.239,0.2391,0.2392,0.2393,0.2394,0.2395,0.2396,0.2397,67747.2,209052.8,320409.2,279764,428759.9,173855.6,446573.1,147504.3,592194.3,203613.3,128726.4,224631.9,182823.5,173222.9,190193.9,205682.1,147392.6,73429.5,118976.6,143251.6
76,0.2385,0.2384,0.2383,0.2382,0.2381,0.238,0.2379,0.2378,0.2377,0.2376,0.2386,0.2387,0.2388,0.2389,0.239,0.2391,0.2392,0.2393,0.2394,0.2395,36996.9,255245.7,348755.1,303379.9,517884.8,156812.1,434618.7,468665.4,160812.5,249007.7,25367.8,187544.4,214800.3,208028.7,181946.1,193606.5,191387.9,142297.8,156315.2,140082.5
77,0.2385,0.2384,0.2383,0.2382,0.2381,0.238,0.2379,0.2378,0.2377,0.2376,0.2386,0.2387,0.2388,0.2389,0.239,0.2391,0.2392,0.2393,0.2394,0.2395,20169.5,249460.8,354787.5,313181.7,496445.1,214768.7,373128.3,254583.4,425145.1,247582.4,159856.1,227014.8,232435,226188.7,213842,170777.8,154364.7,112173.3,155062.7,73010.7
78,0.2386,0.2385,0.2384,0.2383,0.2382,0.2381,0.238,0.2379,0.2378,0.2377,0.2387,0.2388,0.2389,0.239,0.2391,0.2392,0.2393,0.2394,0.2395,0.2396,44086,212045,304857.5,449730,332458.6,404912.5,254132,306372.1,529953.9,152022.3,145026.4,256021.3,206191.7,194181.2,181018.7,192739.4,142319.5,143190,140501.3,131297.7
79,0.2387,0.2386,0.2385,0.2384,0.2383,0.2382,0.2381,0.238,0.2379,0.2378,0.2388,0.2389,0.239,0.2391,0.2392,0.2393,0.2394,0.2395,0.2396,0.2397,29827,237382,378401.1,329304.2,353753.1,344741.4,377565,273390.9,308983.5,268977.5,99328.1,214087.6,197834,188334.2,184350.5,193907.9,165679.7,146153.7,185428.1,143247.3
80,0.2385,0.2384,0.2383,0.2382,0.2381,0.238,0.2379,0.2378,0.2377,0.2376,0.2386,0.2387,0.2388,0.2389,0.239,0.2391,0.2392,0.2393,0.2394,0.2395,26735,239404.9,392273.9,453899.7,348187,253993.2,289585.4,330548.4,151264.4,317882.8,61930.6,204796.6,237503.1,217438.5,217935,209855.3,141295,142738.7,112954.2,115499.1
81,0.2385,0.2384,0.2383,0.2382,0.2381,0.238,0.2379,0.2378,0.2377,0.2376,0.2386,0.2387,0.2388,0.2389,0.239,0.2391,0.2392,0.2393,0.2394,0.2395,157062.6,282249.8,396369.5,413542.3,463950,260277.6,346744.4,334897.9,179354.4,249138.7,17325.1,200334,205017,198397.6,220482.8,221573.1,101325,144879,112954.2,116924.6
82,0.2384,0.2383,0.2382,0.2381,0.238,0.2379,0.2378,0.2377,0.2376,0.2375,0.2385,0.2386,0.2387,0.2388,0.2389,0.239,0.2391,0.2392,0.2393,0.2394,2678.5,216495.6,286844.6,460846.4,327584.5,277199.9,252761.9,210273.6,350712,267925.8,138623,239063.6,212480.9,190703.1,193264.3,265763.4,178156,101744.2,54457.6,114347.8
83,0.2382,0.2381,0.238,0.2379,0.2378,0.2377,0.2376,0.2375,0.2374,0.2373,0.2383,0.2384,0.2385,0.2386,0.2387,0.2388,0.2389,0.239,0.2391,0.2392,36956,242826.6,356239.9,279265.1,337099.4,403953.6,319624.3,587423.7,254615.5,263856.3,36014.7,254607,232665,233323.4,189908.4,183622.8,157198.3,212850.1,190800.8,184978.7
84,0.2382,0.2381,0.238,0.2379,0.2378,0.2377,0.2376,0.2375,0.2374,0.2373,0.2383,0.2384,0.2385,0.2386,0.2387,0.2388,0.2389,0.239,0.2391,0.2392,31566.7,245815.7,301494.7,396292.7,349781.7,404625.1,332074.8,507397.7,274976.7,205720.9,19492.3,246476.9,231484.6,227049.9,190313.9,150833,161122.7,211390.5,189289.1,184978.7
85,0.2384,0.2383,0.2382,0.2381,0.238,0.2379,0.2378,0.2377,0.2376,0.2375,0.2385,0.2386,0.2387,0.2388,0.2389,0.239,0.2391,0.2392,0.2393,0.2394,47229.6,257049.6,303686.7,456905.3,316680.8,434998,236433.1,563680.9,191995.6,174929.9,63051.8,229411.3,216406.5,204539.9,188096.1,221567.1,188557.1,105480.1,123337.9,157012.8
86,0.2387,0.2386,0.2385,0.2384,0.2383,0.2382,0.2381,0.238,0.2379,0.2378,0.2388,0.2389,0.239,0.2391,0.2392,0.2393,0.2394,0.2395,0.2396,0.2397,11917.6,158039.9,324527.5,320017.2,473638.5,330937.6,418101.8,232953.5,416161.3,103909.6,124093,193817.3,244649.6,208328.8,159492.5,183170.2,35873.5,114513.9,145008.1,131483.3
87,0.2387,0.2386,0.2385,0.2384,0.2383,0.2382,0.2381,0.238,0.2379,0.2378,0.2388,0.2389,0.239,0.2391,0.2392,0.2393,0.2394,0.2395,0.2396,0.2397,17188.4,252164.8,291288.8,327359.5,411039.5,312571.2,387943.3,409553,288880.7,143254.1,119254.8,237351.2,216724.4,198379.2,185512.2,185493.7,60306.4,113072.2,145426.6,147143.2
88,0.2383,0.2382,0.2381,0.238,0.2379,0.2378,0.2377,0.2376,0.2375,0.2374,0.2384,0.2385,0.2386,0.2387,0.2388,0.2389,0.239,0.2391,0.2392,0.2393,46721.9,230947.5,344174.8,327751.6,379114.4,336159.6,315240.4,379412.2,265827.7,300817.3,130916.6,225618.4,263600.8,243938.4,171010,170446.6,1075896.2,175101.4,136904,137265.7
89,0.2385,0.2384,0.2383,0.2382,0.2381,0.238,0.2379,0.2378,0.2377,0.2376,0.2386,0.2387,0.2388,0.2389,0.239,0.2391,0.2392,0.2393,0.2394,0.2395,37788.8,251887.6,333044.9,375340.9,330757.5,381427.8,313432.4,417169.6,376861.9,272316.2,45032,210629.5,232350.7,243523.4,1075494.8,178432.3,160212.7,70137.6,205657.8,132728.4
90,0.2383,0.2382,0.2381,0.238,0.2379,0.2378,0.2377,0.2376,0.2375,0.2374,0.2384,0.2385,0.2386,0.2387,0.2388,0.2389,0.239,0.2391,0.2392,0.2393,48355.7,257136.1,362178.7,385495.4,386523,313079.5,294531.8,630438.3,106625.5,300873.3,11149.8,222400.9,250027.9,235437.1,185580.9,154572.8,1094487.8,176561,146503,70901.3
91,0.2386,0.2385,0.2384,0.2383,0.2382,0.2381,0.238,0.2379,0.2378,0.2377,0.2387,0.2388,0.2389,0.239,0.2391,0.2392,0.2393,0.2394,0.2395,0.2396,151441.6,236966.9,299527.5,443910.8,291591.6,490228.5,259791.8,699379.5,173571.6,284316.2,23848.8,129981.2,267001.9,1067706.8,169368.5,143946.9,134848.1,183320.8,95952.8,106268.5
92,0.2386,0.2385,0.2384,0.2383,0.2382,0.2381,0.238,0.2379,0.2378,0.2377,0.2387,0.2388,0.2389,0.239,0.2391,0.2392,0.2393,0.2394,0.2395,0.2396,21705.6,263227.3,265113.4,406948,283585.3,499066.1,313157.3,385154.1,458838.1,305451.6,29110.2,181961.4,269214.4,1045170.5,166355.2,143972.3,126469,185510.8,95943.2,102065.1
93,0.2388,0.2387,0.2386,0.2385,0.2384,0.2383,0.2382,0.2381,0.238,0.2379,0.2389,0.239,0.2391,0.2392,0.2393,0.2394,0.2395,0.2396,0.2397,0.2398,13155.9,199877.8,300808.7,396211.8,360360,559394.1,308438.3,643194.2,291605.8,225835.9,31825.2,1114483.4,209496.9,180184.4,135718.5,127603.8,83071.9,100639.8,146324.9,196318.2
94,0.2388,0.2387,0.2386,0.2385,0.2384,0.2383,0.2382,0.2381,0.238,0.2379,0.2389,0.239,0.2391,0.2392,0.2393,0.2394,0.2395,0.2396,0.2397,0.2398,55242.7,249542.9,335097.4,452051.5,389860.7,504988.8,326930.5,600914.2,216386,156352,23249.8,1046243.6,209640,180505.4,135780,103914.9,105534.3,100639.8,146320.1,191695.3
95,0.2388,0.2387,0.2386,0.2385,0.2384,0.2383,0.2382,0.2381,0.238,0.2379,0.2389,0.239,0.2391,0.2392,0.2393,0.2394,0.2395,0.2396,0.2397,0.2398,19639.9,278431.7,378078.8,417622.5,434747.9,402308.2,306422.5,579754.5,283575.8,147249.9,31205.6,999451.6,197031.8,192622.3,142748,116420,104424.6,100639.8,145068,190270.9
96,0.2388,0.2387,0.2386,0.2385,0.2384,0.2383,0.2382,0.2381,0.238,0.2379,0.2389,0.239,0.2391,0.2392,0.2393,0.2394,0.2395,0.2396,0.2397,0.2398,155266.9,317499.7,380415.1,423650.4,433352.5,498070.9,308545.2,584851.7,258178,156214.2,7514.5,1000868,214042.5,191531.1,133926.4,118722.7,104450,100501.9,135039,201710.2
97,0.2388,0.2387,0.2386,0.2385,0.2384,0.2383,0.2382,0.2381,0.238,0.2379,0.2389,0.239,0.2391,0.2392,0.2393,0.2394,0.2395,0.2396,0.2397,0.2398,57739.1,293999.8,309625.8,344392.9,434752.8,421093.1,328431.4,653586.4,349707.9,154790.5,36252,1008895.6,206313.1,181065.8,142966.7,127186.6,82048.8,100639.6,134901.3,190270.9
98,0.2388,0.2387,0.2386,0.2385,0.2384,0.2383,0.2382,0.2381,0.238,0.2379,0.2389,0.239,0.2391,0.2392,0.2393,0.2394,0.2395,0.2396,0.2397,0.2398,62878.3,315168.4,375899.9,282394,430242.2,410661,396557.5,454709.9,480302,156214.3,35246.5,1012268.2,211633.7,181466.8,143664.9,127063.4,82186.6,100501.9,133628.7,191694.8
99,0.2387,0.2386,0.2385,0.2384,0.2383,0.2382,0.2381,0.238,0.2379,0.2378,0.2388,0.2389,0.239,0.2391,0.2392,0.2393,0.2394,0.2395,0.2396,0.2397,52688.2,289548.3,379199.2,481695.3,378321.3,472952.7,244196.8,505147.4,307425.4,163389.3,57164.7,277826.2,990303.8,150999.4,145217.8,108251.2,126149.3,82186.6,100501.9,132788.1
100,0.2386,0.2385,0.2384,0.2383,0.2382,0.2381,0.238,0.2379,0.2378,0.2377,0.2387,0.2388,0.2389,0.239,0.2391,0.2392,0.2393,0.2394,0.2395,0.2396,10771.6,261808.6,274306.6,406160.5,514628.6,408349,312374.9,337314.7,252006,280784.7,41440,120117.6,269373.4,988387.7,140135.9,165729.3,104626.4,103470.9,90332.8,106129.2
101,0.2384,0.2383,0.2382,0.2381,0.238,0.2379,0.2378,0.2377,0.2376,0.2375,0.2385,0.2386,0.2387,0.2388,0.2389,0.239,0.2391,0.2392,0.2393,0.2394,15963.2,260469.5,279789,470148.3,425398.1,362179.7,368706.8,301513,347563.7,111563.9,34237.2,160482.6,180076.6,105566.2,164743,1005340.8,158455.9,146361,84739.6,179672.5
102,0.2386,0.2385,0.2384,0.2383,0.2382,0.2381,0.238,0.2379,0.2378,0.2377,0.2387,0.2388,0.2389,0.239,0.2391,0.2392,0.2393,0.2394,0.2395,0.2396,29280,287223,289497.5,451240.1,284295.3,541638.4,436556.7,301017.4,456316.5,234608.6,31671.9,152456.8,248310.6,1012668.3,135811.4,146361,94262.6,178246.2,177367.2,191852
103,0.2386,0.2385,0.2384,0.2383,0.2382,0.2381,0.238,0.2379,0.2378,0.2377,0.2387,0.2388,0.2389,0.239,0.2391,0.2392,0.2393,0.2394,0.2395,0.2396,12861.4,262969,296697.6,481079.7,318052.2,530191.7,389664.1,229214.7,393255.4,207350.9,50256.2,133372.5,277054.9,946740.2,140235,144196.2,126539.1,98822.4,164478.2,187668.2
104,0.2386,0.2385,0.2384,0.2383,0.2382,0.2381,0.238,0.2379,0.2378,0.2377,0.2387,0.2388,0.2389,0.239,0.2391,0.2392,0.2393,0.2394,0.2395,0.2396,43785.9,297284.6,261231.1,464199.5,402387.9,370420.8,388352.5,269008.5,602021.9,180293.2,47136.5,131639.9,246900.7,946711.3,140658.8,164990.3,73327.9,98822.4,175936.7,187668.3
105,0.2387,0.2386,0.2385,0.2384,0.2383,0.2382,0.2381,0.238,0.2379,0.2378,0.2388,0.2389,0.239,0.2391,0.2392,0.2393,0.2394,0.2395,0.2396,0.2397,119730.8,286253.5,405413.5,223444.7,325871.8,456108,341308.1,528269.7,347023,267559.9,8632.2,295468.5,975340.8,139481,146712.1,74778.5,118276.6,164478.2,199080,83492.5
106,0.2385,0.2384,0.2383,0.2382,0.2381,0.238,0.2379,0.2378,0.2377,0.2376,0.2386,0.2387,0.2388,0.2389,0.239,0.2391,0.2392,0.2393,0.2394,0.2395,18511.9,240483.2,347574.1,421755.7,458636.5,477584.5,284290.1,604824.2,253041.2,58657.9,105111.5,210807.9,236494.5,216505,1021700.9,142973.2,154461.9,83380.2,104718.5,94525.3
107,0.2386,0.2385,0.2384,0.2383,0.2382,0.2381,0.238,0.2379,0.2378,0.2377,0.2387,0.2388,0.2389,0.239,0.2391,0.2392,0.2393,0.2394,0.2395,0.2396,16202.4,298408.3,378771.4,249849.8,450498.5,421511.4,407926.7,352751.6,493317.5,253041.2,129656.5,245877.1,281781.5,1011211.1,145895.8,154068.7,83380.2,104718.5,94525.3,108310
108,0.2386,0.2385,0.2384,0.2383,0.2382,0.2381,0.238,0.2379,0.2378,0.2377,0.2387,0.2388,0.2389,0.239,0.2391,0.2392,0.2393,0.2394,0.2395,0.2396,24562.4,316692.9,354599.4,261251.3,447970.7,398862,456994.8,525999.7,380188.1,255661.6,127113,233625.9,281300.8,1011211.1,143505.1,154068.7,83380.2,104718.5,94525.3,108310
109,0.2386,0.2385,0.2384,0.2383,0.2382,0.2381,0.238,0.2379,0.2378,0.2377,0.2387,0.2388,0.2389,0.239,0.2391,0.2392,0.2393,0.2394,0.2395,0.2396,176068.5,346570.5,394580.2,282912.9,511909.5,366006.9,461630.2,414176.4,288040.6,255661.1,15858.9,218246.4,278071.6,1033457.1,141736.1,134450,106006.1,104718.5,83071.6,102262.4
110,0.2387,0.2386,0.2385,0.2384,0.2383,0.2382,0.2381,0.238,0.2379,0.2378,0.2388,0.2389,0.239,0.2391,0.2392,0.2393,0.2394,0.2395,0.2396,0.2397,45736.1,280651.4,308304.8,344320.4,297579.6,505185.4,291008.5,723886.4,211264.9,289469.4,71620.1,285911.5,1038644.9,141757.7,134450,136958.6,104718.5,83071.6,113664.6,165858.9
111,0.2388,0.2387,0.2386,0.2385,0.2384,0.2383,0.2382,0.2381,0.238,0.2379,0.2389,0.239,0.2391,0.2392,0.2393,0.2394,0.2395,0.2396,0.2397,0.2398,36934.9,287300.6,332614.3,384658.2,463959.4,273392.2,471581.6,493165.3,322473.5,140102.2,56923.5,1073813.2,210708.2,169109.9,148672.1,108333,105334.5,102262.4,175878.2,196034.3
112,0.2391,0.239,0.2389,0.2388,0.2387,0.2386,0.2385,0.2384,0.2383,0.2382,0.2392,0.2393,0.2394,0.2395,0.2396,0.2397,0.2398,0.2399,0.24,0.2401,143591.4,381099.5,312414.8,396635.3,206739.2,498805.1,280148.3,418209,227365.8,199725.5,13481.6,208491.8,236864.9,198807.2,166187.7,121656.6,119509.1,104145.9,191381.5,79776.6
113,0.2393,0.2392,0.2391,0.239,0.2389,0.2388,0.2387,0.2386,0.2385,0.2384,0.2394,0.2395,0.2396,0.2397,0.2398,0.2399,0.24,0.2401,0.2402,0.2403,13872.4,262099.2,296298.6,427876.3,234526.5,380494.2,194290.5,357512.9,486842.4,243354.4,128386,244586.4,171101.2,120173.3,165721.9,166957.6,110630.1,81329.3,101766.2,130531
114,0.2392,0.2391,0.239,0.2389,0.2388,0.2387,0.2386,0.2385,0.2384,0.2383,0.2393,0.2394,0.2395,0.2396,0.2397,0.2398,0.2399,0.24,0.2401,0.2402,18929.1,260818.6,304072.4,301718.2,377344.6,179684.1,446162.2,364388.7,527419.1,143545,157348.7,220666.1,228398.8,154774.6,122471.6,164460.9,154748.2,110630.1,79757.2,98564.8
115,0.2395,0.2394,0.2393,0.2392,0.2391,0.239,0.2389,0.2388,0.2387,0.2386,0.2396,0.2397,0.2398,0.2399,0.24,0.2401,0.2402,0.2403,0.2404,0.2405,154111,257893.8,268269.1,471371,217801.7,489570.6,217683.9,562706.8,183548.4,286262.6,13884.8,228737.8,226775.3,174510.6,133007,103871.3,141548.3,136905.2,139850.3,122757.5
116,0.2395,0.2394,0.2393,0.2392,0.2391,0.239,0.2389,0.2388,0.2387,0.2386,0.2396,0.2397,0.2398,0.2399,0.24,0.2401,0.2402,0.2403,0.2404,0.2405,32256.5,227054.2,317609.7,506700.8,171851.1,420744.8,265324.7,617617.1,132374.3,282290.8,101256.7,252678.1,250579.9,226083.8,179073.7,188072.2,165578,134160.6,58174.1,124945.3
117,0.2393,0.2392,0.2391,0.239,0.2389,0.2388,0.2387,0.2386,0.2385,0.2384,0.2394,0.2395,0.2396,0.2397,0.2398,0.2399,0.24,0.2401,0.2402,0.2403,24507.3,219074,314850.7,399802.9,245366.8,298767.2,310760.5,630215,205451.3,223662.9,83105.2,249463.2,249040.5,230584.8,229192.9,183765.1,200886.5,169188.4,116198.1,68681.6
118,0.2393,0.2392,0.2391,0.239,0.2389,0.2388,0.2387,0.2386,0.2385,0.2384,0.2394,0.2395,0.2396,0.2397,0.2398,0.2399,0.24,0.2401,0.2402,0.2403,13335.8,214393.6,318595,297218.4,384417.1,289610.2,291781.1,639698.2,212972.9,217304.3,38786.3,227965.8,241896,226701.8,239454.1,185181.4,200586.5,169188.4,104792.3,142327.1
119,0.2395,0.2394,0.2393,0.2392,0.2391,0.239,0.2389,0.2388,0.2387,0.2386,0.2396,0.2397,0.2398,0.2399,0.24,0.2401,0.2402,0.2403,0.2404,0.2405,15908.2,234520.1,319003.9,323258.6,314696.8,248080,286630.7,360093.3,334120.4,215274.2,134000.7,270270.8,266231.7,185832.6,194560.2,206405.3,128438.5,128108.6,191346,150532.1
120,0.2395,0.2394,0.2393,0.2392,0.2391,0.239,0.2389,0.2388,0.2387,0.2386,0.2396,0.2397,0.2398,0.2399,0.24,0.2401,0.2402,0.2403,0.2404,0.2405,32881.3,199891.9,364372.7,300871.4,383383,233252.5,343095.1,449591.8,285753.7,202768.5,35961.9,230819.7,270016.9,188805.4,193472.4,200998.2,128347.5,128108.6,199557.4,145909.2
121,0.2396,0.2395,0.2394,0.2393,0.2392,0.2391,0.239,0.2389,0.2388,0.2387,0.2397,0.2398,0.2399,0.24,0.2401,0.2402,0.2403,0.2404,0.2405,0.2406,138130.9,303753.5,334421.3,465247,243740,383914.5,345002.7,495637.2,197886.8,192279.3,18873,221774.3,230662.1,207381.6,174813.9,181058.7,182349.9,109646.4,144489.1,115437.3
122,0.2399,0.2398,0.2397,0.2396,0.2395,0.2394,0.2393,0.2392,0.2391,0.239,0.24,0.2401,0.2402,0.2403,0.2404,0.2405,0.2406,0.2407,0.2408,0.2409,22279.4,230012.6,287568,235051.7,401636.9,204351.9,533575.9,232128.9,445225.6,124803.3,9172.5,237062.8,213573.5,179115.9,143658,124154.4,126890.1,64043,128730.7,142673.2
123,0.2397,0.2396,0.2395,0.2394,0.2393,0.2392,0.2391,0.239,0.2389,0.2388,0.2398,0.2399,0.24,0.2401,0.2402,0.2403,0.2404,0.2405,0.2406,0.2407,165993,295203.9,388527.2,316521.8,432249,180821.5,608910.6,229860.7,200665.2,139285,11919.6,225814.7,240588.3,207990.2,220658.1,177156.8,157679.8,95959,104626.7,75154.1
124,0.2397,0.2396,0.2395,0.2394,0.2393,0.2392,0.2391,0.239,0.2389,0.2388,0.2398,0.2399,0.24,0.2401,0.2402,0.2403,0.2404,0.2405,0.2406,0.2407,18831.9,283866.5,293190.2,265138.9,451547.7,294445.5,289214.5,412009.3,474656.6,139107.8,36163.8,237282.8,250508.5,184098.6,219772.8,164615.7,129252.4,94216.3,116023,127510
125,0.2396,0.2395,0.2394,0.2393,0.2392,0.2391,0.239,0.2389,0.2388,0.2387,0.2397,0.2398,0.2399,0.24,0.2401,0.2402,0.2403,0.2404,0.2405,0.2406,174974.9,299745.3,363661.7,421964,308082,272909.9,287606.1,261828.7,214997.2,206481.8,9801.4,236486.2,227092.7,255912.8,180178.3,218275.7,184882.9,107657.9,94216.3,104626.7
126,0.2399,0.2398,0.2397,0.2396,0.2395,0.2394,0.2393,0.2392,0.2391,0.239,0.24,0.2401,0.2402,0.2403,0.2404,0.2405,0.2406,0.2407,0.2408,0.2409,139836.4,217607.5,263727.3,348738.6,296563.9,320875.5,395053.7,390964,367125.4,155367.5,8677.9,201376.1,229122.7,166557.9,151277.4,134381.1,125289.7,124665.1,200627.8,218077.9
127,0.2403,0.2402,0.2401,0.24,0.2399,0.2398,0.2397,0.2396,0.2395,0.2394,0.2404,0.2405,0.2406,0.2407,0.2408,0.2409,0.241,0.2411,0.2412,0.2413,134565.9,338957.3,476895.5,420627.1,191032.6,322858.2,191093.8,596702.2,181178.9,165633.5,21457.4,184574,173247,194776.9,164675.8,169606.4,145652.8,137561.4,53134.1,143075.4
128,0.2405,0.2404,0.2403,0.2402,0.2401,0.24,0.2399,0.2398,0.2397,0.2396,0.2406,0.2407,0.2408,0.2409,0.241,0.2411,0.2412,0.2413,0.2414,0.2415,12140.8,238108.3,203224.5,277006.8,368512.7,378147.2,240024.7,254800.2,366675.6,193593.3,63764.4,222424.4,159349.3,197748.3,144229.2,166652.7,37936.4,144102.4,33209.3,138103.4
129,0.2403,0.2402,0.2401,0.24,0.2399,0.2398,0.2397,0.2396,0.2395,0.2394,0.2404,0.2405,0.2406,0.2407,0.2408,0.2409,0.241,0.2411,0.2412,0.2413,106716,273567.2,309384.9,434012.2,365053.7,174903.3,289710.2,268871.1,282495.3,254124.7,13745.3,163885.9,227851.3,223490.3,187497.1,168380.6,109124.1,150164.9,32472.8,156398.6
130,0.2401,0.24,0.2399,0.2398,0.2397,0.2396,0.2395,0.2394,0.2393,0.2392,0.2402,0.2403,0.2404,0.2405,0.2406,0.2407,0.2408,0.2409,0.241,0.2411,163047.2,345344,352692.5,235574.6,382673.8,261800.1,251057.5,309685.6,325503.3,114251.6,36894,175732.6,150701.2,213647.9,164871.5,235479.8,238833.7,135499,84874.3,97787.7
131,0.24,0.2399,0.2398,0.2397,0.2396,0.2395,0.2394,0.2393,0.2392,0.2391,0.2401,0.2402,0.2403,0.2404,0.2405,0.2406,0.2407,0.2408,0.2409,0.241,23544.8,263916.4,290956.8,353806.3,286644.5,246824.4,240471.1,262415.2,347223.9,146177,67303.7,183263,191070.6,153272.3,189881.7,199969.9,244294.3,131800.1,127093.9,77885.7
132,0.24,0.2399,0.2398,0.2397,0.2396,0.2395,0.2394,0.2393,0.2392,0.2391,0.2401,0.2402,0.2403,0.2404,0.2405,0.2406,0.2407,0.2408,0.2409,0.241,16467.2,241826.6,275240.6,424681,315935,229633.5,241861.2,233642.1,193122.3,155096.2,141973.6,172623.4,236520.6,148613.8,188470.1,201386.2,232492.6,140205.2,130876.1,79311.3
133,0.24,0.2399,0.2398,0.2397,0.2396,0.2395,0.2394,0.2393,0.2392,0.2391,0.2401,0.2402,0.2403,0.2404,0.2405,0.2406,0.2407,0.2408,0.2409,0.241,264079.1,312682.6,275677.9,458786.6,296415,263368.7,189920.8,357174.3,261581.7,147593.5,19601.2,149364.3,234453.2,143999.2,188512.8,202419.8,232518,140205.2,130876.1,95112.7
134,0.24,0.2399,0.2398,0.2397,0.2396,0.2395,0.2394,0.2393,0.2392,0.2391,0.2401,0.2402,0.2403,0.2404,0.2405,0.2406,0.2407,0.2408,0.2409,0.241,110661.2,173117.7,274538.5,401932.8,307566.5,258248.2,178991.6,384647.7,314609.7,146177,118703,168092.1,226236.5,142362.4,186640.6,159926.6,232492.6,133900.9,127093.9,86707.6
135,0.24,0.2399,0.2398,0.2397,0.2396,0.2395,0.2394,0.2393,0.2392,0.2391,0.2401,0.2402,0.2403,0.2404,0.2405,0.2406,0.2407,0.2408,0.2409,0.241,44963.2,258536.7,261657.1,383364.8,291694.5,414194.5,137436.3,545928.5,295801.9,112726.6,35271.3,160416.1,245135,134565.2,209394.1,158086.2,172203.5,108004.8,133485.1,93175.8
136,0.24,0.2399,0.2398,0.2397,0.2396,0.2395,0.2394,0.2393,0.2392,0.2391,0.2401,0.2402,0.2403,0.2404,0.2405,0.2406,0.2407,0.2408,0.2409,0.241,11277.7,262477.7,305892.6,474039.4,288499.5,339300.8,180376.7,293338.5,400443.3,98863,119909.2,180277.9,216772.4,133567,209269.9,157432.6,172203.5,107583.7,147668.8,47433.9
137,0.2399,0.2398,0.2397,0.2396,0.2395,0.2394,0.2393,0.2392,0.2391,0.239,0.24,0.2401,0.2402,0.2403,0.2404,0.2405,0.2406,0.2407,0.2408,0.2409,9488.6,253812.7,326834.1,343533,342139.1,252803,326039.5,265265.7,298548.2,200298.1,69518.6,224180.2,153299.9,199390.4,130151.7,207855.4,184194.8,172203.5,117247.4,132545.9
138,0.2397,0.2396,0.2395,0.2394,0.2393,0.2392,0.2391,0.239,0.2389,0.2388,0.2398,0.2399,0.24,0.2401,0.2402,0.2403,0.2404,0.2405,0.2406,0.2407,150497.3,348979.9,422262.4,314744.2,302381.9,240581.3,297102.1,429228,223548.5,123040.3,42438.6,204544,140662.8,203309.7,176701,218188.3,147088.9,183440.7,95730.2,172230.6
139,0.2396,0.2395,0.2394,0.2393,0.2392,0.2391,0.239,0.2389,0.2388,0.2387,0.2397,0.2398,0.2399,0.24,0.2401,0.2402,0.2403,0.2404,0.2405,0.2406,33782,224808.9,279045.6,326463.6,375186.1,295647,299523.5,551304.1,154295.9,142369.2,41089.8,180739.6,193084.9,166076.5,201239.4,158154.2,200187.4,80927.5,135588.4,97184
140,0.2396,0.2395,0.2394,0.2393,0.2392,0.2391,0.239,0.2389,0.2388,0.2387,0.2397,0.2398,0.2399,0.24,0.2401,0.2402,0.2403,0.2404,0.2405,0.2406,119362.3,248869.7,315581.9,306366.4,316515.4,316173.5,231627.2,481906.3,175404.8,141376,38591,176557.6,205422.4,171555.1,176655.6,160634.8,222717.7,113328.9,145846.6,91304.7
141,0.2397,0.2396,0.2395,0.2394,0.2393,0.2392,0.2391,0.239,0.2389,0.2388,0.2398,0.2399,0.24,0.2401,0.2402,0.2403,0.2404,0.2405,0.2406,0.2407,9775.6,229874,304511,419871.7,360343.5,238763.9,295252.4,341575.7,470294.8,169310.9,65533,207789.7,189429.5,196283.8,158620.7,219703.4,173280,134445.5,96375.8,227987.3
142,0.2398,0.2397,0.2396,0.2395,0.2394,0.2393,0.2392,0.2391,0.239,0.2389,0.2399,0.24,0.2401,0.2402,0.2403,0.2404,0.2405,0.2406,0.2407,0.2408,16950.7,255120.9,319256.8,354832,323929.5,313343.2,294222.1,416530,270546.8,195203.7,34978.2,146961.6,240626.7,176038.2,213397.5,176424.9,136157.5,80788.1,197516.6,164360.2
143,0.2396,0.2395,0.2394,0.2393,0.2392,0.2391,0.239,0.2389,0.2388,0.2387,0.2397,0.2398,0.2399,0.24,0.2401,0.2402,0.2403,0.2404,0.2405,0.2406,128564.2,258593.5,355063.8,400588.8,341052.2,378305.3,247731.3,491629,166601.6,141375.5,14137.2,156843,233579.5,172920.9,171146.4,160692,215342.9,114788.5,146010.7,74909.5
144,0.2397,0.2396,0.2395,0.2394,0.2393,0.2392,0.2391,0.239,0.2389,0.2388,0.2398,0.2399,0.24,0.2401,0.2402,0.2403,0.2404,0.2405,0.2406,0.2407,48100.1,324923.9,307251.1,339963.5,373090.1,276340.2,356648.1,345957.6,345575,166696.5,26251.5,215332.6,173812.8,185564.3,161184.1,226204.4,100690.8,134697.9,87738.1,209101.4
145,0.24,0.2399,0.2398,0.2397,0.2396,0.2395,0.2394,0.2393,0.2392,0.2391,0.2401,0.2402,0.2403,0.2404,0.2405,0.2406,0.2407,0.2408,0.2409,0.241,20131,222578.2,268873.4,447092.5,231381.4,403364.8,253092.6,423431.5,274873.5,243230.7,64963.9,144957,221844.4,133260.7,175941.5,152595.4,142396.3,157971.9,196149.9,72300.7
146,0.2401,0.24,0.2399,0.2398,0.2397,0.2396,0.2395,0.2394,0.2393,0.2392,0.2402,0.2403,0.2404,0.2405,0.2406,0.2407,0.2408,0.2409,0.241,0.2411,131419.5,285215,314208.2,308903.8,429379.7,177091.6,377440.6,419918,238899.4,229658.3,18442.9,174263.5,156345.3,199070.3,151738.6,142833.9,101495.6,183377.5,67781,145318.4
147,0.24,0.2399,0.2398,0.2397,0.2396,0.2395,0.2394,0.2393,0.2392,0.2391,0.2401,0.2402,0.2403,0.2404,0.2405,0.2406,0.2407,0.2408,0.2409,0.241,18002.6,207016.7,353805.9,450503.2,244223,339897.5,325781.6,355840.1,236096.6,190059.6,42906.6,143456.1,212550.8,135922.3,169338.6,119413.1,153080.2,79011,160085.7,72300.7
148,0.24,0.2399,0.2398,0.2397,0.2396,0.2395,0.2394,0.2393,0.2392,0.2391,0.2401,0.2402,0.2403,0.2404,0.2405,0.2406,0.2407,0.2408,0.2409,0.241,11189.8,241455.8,346619.1,468792.9,201448.1,293848,307647.6,280262.1,350169.2,190913.7,65191.9,194114.8,188444.6,130918.3,187816.4,164683.5,115904,80437.6,123383.5,152632
149,0.2399,0.2398,0.2397,0.2396,0.2395,0.2394,0.2393,0.2392,0.2391,0.239,0.24,0.2401,0.2402,0.2403,0.2404,0.2405,0.2406,0.2407,0.2408,0.2409,87039.8,237498.9,325025.7,364946.8,226050.4,362869.3,282321.3,576130.5,190750.6,212371.2,29304.6,196871.5,202009.8,192815.2,149384.9,170205.7,132353.2,117227.9,88716.4,105866.2
150,0.2397,0.2396,0.2395,0.2394,0.2393,0.2392,0.2391,0.239,0.2389,0.2388,0.2398,0.2399,0.24,0.2401,0.2402,0.2403,0.2404,0.2405,0.2406,0.2407,82677.1,231051.3,351365.1,374814.5,213435.4,402374.1,315806,524926.3,179636.8,200910.4,26669.3,183325,178236.3,200015.4,185900.2,196561,144169.9,135118.2,84764,114777.5
151,0.2397,0.2396,0.2395,0.2394,0.2393,0.2392,0.2391,0.239,0.2389,0.2388,0.2398,0.2399,0.24,0.2401,0.2402,0.2403,0.2404,0.2405,0.2406,0.2407,95193,244278.9,296373,409222.8,216126.5,349173,330685.5,391656.8,331296.5,200910.9,26355.7,175790.7,194789.4,231577.6,177037.1,210280.4,115828.5,135118.2,86196.2,114769
152,0.2399,0.2398,0.2397,0.2396,0.2395,0.2394,0.2393,0.2392,0.2391,0.239,0.24,0.2401,0.2402,0.2403,0.2404,0.2405,0.2406,0.2407,0.2408,0.2409,104065.3,223506.1,274070.8,424795.6,316617.7,449258.2,161358.8,406302,313274.4,188012.1,25832.7,186636.3,185545.7,208663.7,162771.9,153602.5,91355.3,116791.4,186011.9,213618.5
153,0.2399,0.2398,0.2397,0.2396,0.2395,0.2394,0.2393,0.2392,0.2391,0.239,0.24,0.2401,0.2402,0.2403,0.2404,0.2405,0.2406,0.2407,0.2408,0.2409,81720.5,228937.2,288037.1,494761.6,332582.5,403631.4,193993.2,284417.6,186010.9,129921.8,27476.9,191632.4,189199.2,198065.1,129925.5,170974.4,136479.6,149236.9,173197.7,213618.5
154,0.2401,0.24,0.2399,0.2398,0.2397,0.2396,0.2395,0.2394,0.2393,0.2392,0.2402,0.2403,0.2404,0.2405,0.2406,0.2407,0.2408,0.2409,0.241,0.2411,136639.7,284186.5,242900.5,364884.9,258809.2,439400.9,449738.9,204962.7,203218.6,161160.3,13214.5,189331.1,209197.3,177941.2,119536.9,184604,105272,134684.9,82306.2,189800.3
155,0.24,0.2399,0.2398,0.2397,0.2396,0.2395,0.2394,0.2393,0.2392,0.2391,0.2401,0.2402,0.2403,0.2404,0.2405,0.2406,0.2407,0.2408,0.2409,0.241,97883.6,288474.6,300808.5,324490.1,290302.5,482353.9,219885.7,312344.4,159744.2,245555,27619.3,164443.3,221500.7,146195.2,177754.8,118755.1,205621.6,81201,136111,93641.8
156,0.2398,0.2397,0.2396,0.2395,0.2394,0.2393,0.2392,0.2391,0.239,0.2389,0.2399,0.24,0.2401,0.2402,0.2403,0.2404,0.2405,0.2406,0.2407,0.2408,133241.8,269849.7,344958.6,562153.6,194386.8,196741.9,318424.1,329976.7,132469.6,184834.9,27199.5,139852.3,251448.1,187169.9,177991.2,137100.6,171526.2,71094.1,158809.8,82627.6
157,0.24,0.2399,0.2398,0.2397,0.2396,0.2395,0.2394,0.2393,0.2392,0.2391,0.2401,0.2402,0.2403,0.2404,0.2405,0.2406,0.2407,0.2408,0.2409,0.241,14507.5,189232.3,276863.2,374583.6,251454.5,387620.3,296103.8,135599.4,243963.5,165404.1,77127.1,173630.4,203805.3,136203.9,160275.2,114618.5,179766.5,77995.8,225018.1,157476.2
158,0.2402,0.2401,0.24,0.2399,0.2398,0.2397,0.2396,0.2395,0.2394,0.2393,0.2403,0.2404,0.2405,0.2406,0.2407,0.2408,0.2409,0.241,0.2411,0.2412,29326.8,269252.8,248527.7,359096.4,256694.3,353569.5,257260.4,381747.2,426704.7,108523.9,62832.5,138208.4,212785.3,117563.9,150492.6,155155.1,134688.9,191287.4,120387.5,117108.6
159,0.2401,0.24,0.2399,0.2398,0.2397,0.2396,0.2395,0.2394,0.2393,0.2392,0.2402,0.2403,0.2404,0.2405,0.2406,0.2407,0.2408,0.2409,0.241,0.2411,487.6,243765.5,266251.4,262244,404446.4,266085.1,398383.7,218037,122897.7,160314,86244.9,216936.6,143577.6,165478.6,116788,161142.6,123871.6,134688.9,189870.4,116637.5
160,0.24,0.2399,0.2398,0.2397,0.2396,0.2395,0.2394,0.2393,0.2392,0.2391,0.2401,0.2402,0.2403,0.2404,0.2405,0.2406,0.2407,0.2408,0.2409,0.241,105647.1,246557.4,251510.7,406329.3,411653.7,424838.9,264634.8,281454.8,167813.6,187706.6,17614.5,200679.6,222992,193236.7,194305.9,190745.4,176763.1,77274.3,104453.1,139435.8
161,0.24,0.2399,0.2398,0.2397,0.2396,0.2395,0.2394,0.2393,0.2392,0.2391,0.2401,0.2402,0.2403,0.2404,0.2405,0.2406,0.2407,0.2408,0.2409,0.241,75025,241507.3,256598.8,414274.6,405488.4,436264.3,263175.2,220544.9,199256.5,187706.9,53240.3,211161.2,207413.4,204482.5,187574,188168.9,167215.7,74388.1,104453.1,144533.3
162,0.24,0.2399,0.2398,0.2397,0.2396,0.2395,0.2394,0.2393,0.2392,0.2391,0.2401,0.2402,0.2403,0.2404,0.2405,0.2406,0.2407,0.2408,0.2409,0.241,14100,297842.8,322823.4,405122.5,379690,379432.7,281952.3,188495.5,191913.2,186853.2,58796.8,221660.3,196393.8,204934.2,188576.4,212375.4,147041.4,74388.1,104453.1,158968.9
163,0.2399,0.2398,0.2397,0.2396,0.2395,0.2394,0.2393,0.2392,0.2391,0.239,0.24,0.2401,0.2402,0.2403,0.2404,0.2405,0.2406,0.2407,0.2408,0.2409,15085.5,273020.8,303435.2,298976.6,427633,261582,205862.9,253274,446498.5,192180.7,131338.9,192664.4,236300.4,183424.8,210085.4,194187.8,144994.9,147372.1,74388.1,118029.9
164,0.2399,0.2398,0.2397,0.2396,0.2395,0.2394,0.2393,0.2392,0.2391,0.239,0.24,0.2401,0.2402,0.2403,0.2404,0.2405,0.2406,0.2407,0.2408,0.2409,52563.9,254720.2,382681.4,299120.5,404119.7,335033.6,196869.8,238902.9,186038.7,192180.7,61099.6,194712.1,244138.9,183904.3,203875.8,195564.4,144108.7,145944.9,85774.9,106643.1
165,0.2399,0.2398,0.2397,0.2396,0.2395,0.2394,0.2393,0.2392,0.2391,0.239,0.24,0.2401,0.2402,0.2403,0.2404,0.2405,0.2406,0.2407,0.2408,0.2409,21525.8,274532.3,327844,325737.6,388741.7,303429.7,156988.1,291468.1,473370.8,193618.4,101042.9,195759.3,247329.5,183478.6,202932.8,188517.5,144083.3,145944.9,74388.1,102020.2
166,0.2399,0.2398,0.2397,0.2396,0.2395,0.2394,0.2393,0.2392,0.2391,0.239,0.24,0.2401,0.2402,0.2403,0.2404,0.2405,0.2406,0.2407,0.2408,0.2409,11708.9,254818.5,273300.1,374447.5,355962.2,379378.6,254675.4,249843.1,189779.1,212516,145110.4,204868.4,247423.9,183485.6,201271.3,186700.8,144083.3,145944.9,85779.7,103437.3
167,0.2394,0.2393,0.2392,0.2391,0.239,0.2389,0.2388,0.2387,0.2386,0.2385,0.2395,0.2396,0.2397,0.2398,0.2399,0.24,0.2401,0.2402,0.2403,0.2404,12730.1,201558.2,358534.6,321106.1,279575.8,332621,295855.4,292959.8,156002.4,115319.4,47948.3,185141.1,216680.7,235059.9,225510.5,220435.6,227736.4,146275.2,139111.4,161957.7
168,0.2389,0.2388,0.2387,0.2386,0.2385,0.2384,0.2383,0.2382,0.2381,0.238,0.239,0.2391,0.2392,0.2393,0.2394,0.2395,0.2396,0.2397,0.2398,0.2399,55955.3,244063.1,458008.1,373459.9,336285.7,228103.1,238365.9,223847.9,206572.2,296121.7,27189.1,231080.9,243972.1,197383.9,207537.9,142603.7,214732.9,137554.6,158824.7,176387.3
169,0.2392,0.2391,0.239,0.2389,0.2388,0.2387,0.2386,0.2385,0.2384,0.2383,0.2393,0.2394,0.2395,0.2396,0.2397,0.2398,0.2399,0.24,0.2401,0.2402,49267.2,289679.6,251601.4,443591.3,295451.1,461288.3,318225.9,408046,148223.4,152610.8,21191.2,221459.2,198880.5,161842.7,183469.3,223251.6,221147.8,244085.2,166631.8,185720.5
170,0.2392,0.2391,0.239,0.2389,0.2388,0.2387,0.2386,0.2385,0.2384,0.2383,0.2393,0.2394,0.2395,0.2396,0.2397,0.2398,0.2399,0.24,0.2401,0.2402,163449.9,305894.2,298347.6,431042.5,314186.8,429231.4,287658.8,244472.1,117236.9,153924.1,19078.3,194827,213634.7,206524.2,183469.3,225349.7,225155.7,164860.3,222072.9,195718.6
171,0.239,0.2389,0.2388,0.2387,0.2386,0.2385,0.2384,0.2383,0.2382,0.2381,0.2391,0.2392,0.2393,0.2394,0.2395,0.2396,0.2397,0.2398,0.2399,0.24,180192.2,269642.1,313079,488802.7,258199.2,276603.5,249260.6,170887,216669.2,207455.7,37068,228264.4,221855.3,216122.7,174428.7,193913.5,187625.3,157258.2,197749.1,176238.6
172,0.239,0.2389,0.2388,0.2387,0.2386,0.2385,0.2384,0.2383,0.2382,0.2381,0.2391,0.2392,0.2393,0.2394,0.2395,0.2396,0.2397,0.2398,0.2399,0.24,34398,270093.2,335704.1,286591.3,437569.4,196587,212440.1,260135,190504.8,261914.1,145951.8,260611.5,208621.4,200597.4,190506.1,243019.3,135545.2,154152,169223.6,138703.9
173,0.239,0.2389,0.2388,0.2387,0.2386,0.2385,0.2384,0.2383,0.2382,0.2381,0.2391,0.2392,0.2393,0.2394,0.2395,0.2396,0.2397,0.2398,0.2399,0.24,28359.1,336861.2,424759.6,277688.6,440060.6,270607.1,208224.9,193311,129432.8,201020,35883.8,241428.9,224768.6,203645.2,191610.6,227722.1,154389.8,155413.8,157835.7,211841.6
174,0.2392,0.2391,0.239,0.2389,0.2388,0.2387,0.2386,0.2385,0.2384,0.2383,0.2393,0.2394,0.2395,0.2396,0.2397,0.2398,0.2399,0.24,0.2401,0.2402,42721.8,278522.9,323845.8,269062.7,391114.8,266943.6,378522.1,251385.5,104056.8,217167.5,27655.8,226878.7,201555.9,201016.2,188489,229194,190336.5,210418.6,168086.6,105086
175,0.2395,0.2394,0.2393,0.2392,0.2391,0.239,0.2389,0.2388,0.2387,0.2386,0.2396,0.2397,0.2398,0.2399,0.24,0.2401,0.2402,0.2403,0.2404,0.2405,25460.6,248826.4,310079.7,289613.7,341624.7,500042.7,233244.4,328643.7,314769.6,275136.6,100857.3,232151.6,210344.2,171767.4,141081.8,129644.2,145976.6,103563.5,157021.4,146858.2
176,0.2394,0.2393,0.2392,0.2391,0.239,0.2389,0.2388,0.2387,0.2386,0.2385,0.2395,0.2396,0.2397,0.2398,0.2399,0.24,0.2401,0.2402,0.2403,0.2404,7213.8,285429.1,315433.3,346405.1,445878,296719.7,189372,480754,237164.5,120190.8,105495.4,251878.6,186292,209561.7,175712.1,148312.6,79200.7,134365,103563.5,142393.5
177,0.2392,0.2391,0.239,0.2389,0.2388,0.2387,0.2386,0.2385,0.2384,0.2383,0.2393,0.2394,0.2395,0.2396,0.2397,0.2398,0.2399,0.24,0.2401,0.2402,13101.7,248811.5,319776.3,400307.5,264459.6,411496,303192.2,171526.6,185294.4,312378.9,112514.7,229342.8,231800,204489,188077.4,203166.1,193033.9,104382.8,90894,100461.7
178,0.2393,0.2392,0.2391,0.239,0.2389,0.2388,0.2387,0.2386,0.2385,0.2384,0.2394,0.2395,0.2396,0.2397,0.2398,0.2399,0.24,0.2401,0.2402,0.2403,204.1,297855.5,332744.3,320082.7,487148.9,235178.8,332144.6,229972.8,273803.4,206356.2,152008.7,217661.6,233066.8,190535.8,212098,214437.6,102952.2,78894.8,111866.3,181855.7
179,0.2393,0.2392,0.2391,0.239,0.2389,0.2388,0.2387,0.2386,0.2385,0.2384,0.2394,0.2395,0.2396,0.2397,0.2398,0.2399,0.24,0.2401,0.2402,0.2403,169218.7,302644.7,336195.4,325559.6,479314.5,356446.9,178815.1,313736.9,246500,139626.5,523.7,165218.2,236296,190661.9,212592.3,193109.2,100253,100226.2,99199.9,194559
180,0.2393,0.2392,0.2391,0.239,0.2389,0.2388,0.2387,0.2386,0.2385,0.2384,0.2394,0.2395,0.2396,0.2397,0.2398,0.2399,0.24,0.2401,0.2402,0.2403,38358.3,293725.5,232924.8,353879.4,351024,425490.7,306023.7,235074.2,345531.1,186153.5,28885.2,184171.2,233314.2,195176.6,210261.9,209960.5,100227.6,77435.2,125003.6,181718.2
181,0.2396,0.2395,0.2394,0.2393,0.2392,0.2391,0.239,0.2389,0.2388,0.2387,0.2397,0.2398,0.2399,0.24,0.2401,0.2402,0.2403,0.2404,0.2405,0.2406,38351.2,294020.6,298183.6,345913.2,480527.6,246419.3,398626.4,253231.5,373335,168831.6,122441.5,238107,183590.9,196586.1,187113.4,175188.9,102583.9,74071.5,144215.6,104948.7
182,0.2396,0.2395,0.2394,0.2393,0.2392,0.2391,0.239,0.2389,0.2388,0.2387,0.2397,0.2398,0.2399,0.24,0.2401,0.2402,0.2403,0.2404,0.2405,0.2406,20148.5,278578,325982.5,372256.3,437952.9,251601.5,388957.5,225553.4,281794.1,170270.4,144507.5,236642.8,194429.7,185302,182897.5,166832.1,128002.7,74046.1,144247.8,104948.7
183,0.2394,0.2393,0.2392,0.2391,0.239,0.2389,0.2388,0.2387,0.2386,0.2385,0.2395,0.2396,0.2397,0.2398,0.2399,0.24,0.2401,0.2402,0.2403,0.2404,317.5,284758.7,328697.3,282255.4,476230.4,247266.5,244707.6,310945.4,170808.7,262772.7,139945.6,200658.1,244735.9,201456.4,189000,178726.1,183034.4,131489.3,113989.7,145488.7
184,0.2396,0.2395,0.2394,0.2393,0.2392,0.2391,0.239,0.2389,0.2388,0.2387,0.2397,0.2398,0.2399,0.24,0.2401,0.2402,0.2403,0.2404,0.2405,0.2406,92322.7,262132,387883.3,292984.3,476110.3,263119.4,409836.1,331712.7,228080.8,206168.9,2062.7,212232.5,215432.5,201164.4,192565.1,163531,102583.9,145516.7,146760.8,181199.8
185,0.2397,0.2396,0.2395,0.2394,0.2393,0.2392,0.2391,0.239,0.2389,0.2388,0.2398,0.2399,0.24,0.2401,0.2402,0.2403,0.2404,0.2405,0.2406,0.2407,190.6,246750.3,341234.1,514845,257036.8,360306.8,300409,301738.3,192786.8,147545.6,149118.4,236265.4,206245.7,191804.9,144541.8,180207.3,195678.2,166322,114033.2,131936
186,0.2397,0.2396,0.2395,0.2394,0.2393,0.2392,0.2391,0.239,0.2389,0.2388,0.2398,0.2399,0.24,0.2401,0.2402,0.2403,0.2404,0.2405,0.2406,0.2407,35834.8,295158.7,273545.4,362034.8,280041.2,410573.3,359869.4,320013.8,301297.5,209187.6,149754.8,245027.8,185534,199028.3,141573.6,201490.7,144755.4,131266.9,104882.5,136035.4
187,0.2397,0.2396,0.2395,0.2394,0.2393,0.2392,0.2391,0.239,0.2389,0.2388,0.2398,0.2399,0.24,0.2401,0.2402,0.2403,0.2404,0.2405,0.2406,0.2407,17926.7,247919.1,300337.4,422854.7,299822.3,352517.3,341927.5,337267.8,168541.4,190368.7,93411.9,227860.3,238093.8,197107.3,148551.1,203123.1,144755.4,131266.9,114859.6,136035.4
188,0.2397,0.2396,0.2395,0.2394,0.2393,0.2392,0.2391,0.239,0.2389,0.2388,0.2398,0.2399,0.24,0.2401,0.2402,0.2403,0.2404,0.2405,0.2406,0.2407,163961.1,386497.1,334733.7,539197.8,257177.8,334866.6,488716.5,331739.1,112034.4,190368.2,2749,182758.4,251401.4,216703.8,141853.2,185937.5,178382.7,106900.5,103463.3,147390
189,0.2397,0.2396,0.2395,0.2394,0.2393,0.2392,0.2391,0.239,0.2389,0.2388,0.2398,0.2399,0.24,0.2401,0.2402,0.2403,0.2404,0.2405,0.2406,0.2407,73533.2,351520.6,337982.8,573515.5,269903.8,392156.5,204012.6,519187.2,112034.4,189067.1,37369.4,235034.4,264110.4,196908.9,145106.5,144816.7,159914.9,106900.5,166179.7,146591.2
190,0.2398,0.2397,0.2396,0.2395,0.2394,0.2393,0.2392,0.2391,0.239,0.2389,0.2399,0.24,0.2401,0.2402,0.2403,0.2404,0.2405,0.2406,0.2407,0.2408,125018.2,343340.3,320344.2,320459.4,461813.2,211658.2,344638.1,204012.6,326711.7,93479.1,15856.8,237321.6,211694,186544.2,141381.5,157348.2,178207.8,166179.7,136035.4,117788.1
191,0.2398,0.2397,0.2396,0.2395,0.2394,0.2393,0.2392,0.2391,0.239,0.2389,0.2399,0.24,0.2401,0.2402,0.2403,0.2404,0.2405,0.2406,0.2407,0.2408,12572.3,270739.2,309424.6,387283.6,413131.1,190892,411420.7,220116.8,332617.5,92061.2,117880.1,319401.7,208283.3,163773.3,139101,173027,140804.4,166179.7,131412.5,114582.9
192,0.2399,0.2398,0.2397,0.2396,0.2395,0.2394,0.2393,0.2392,0.2391,0.239,0.24,0.2401,0.2402,0.2403,0.2404,0.2405,0.2406,0.2407,0.2408,0.2409,152351.4,398066.4,311668.6,488931.4,328143.9,420443.4,212604.4,344122.1,218895.9,130697.1,88773.6,143450.8,191241,146061,154624.8,174023.4,166179.7,56483.6,103186.6,138335.2
193,0.2399,0.2398,0.2397,0.2396,0.2395,0.2394,0.2393,0.2392,0.2391,0.239,0.24,0.2401,0.2402,0.2403,0.2404,0.2405,0.2406,0.2407,0.2408,0.2409,94503.9,300798.4,326204.1,458771.8,281610.5,386512.4,176020.4,356687,203524.3,225600.6,23043.7,216791.6,229812,176669.9,152017.2,170058.3,151827.2,52315,135028.2,108099.4
194,0.2397,0.2396,0.2395,0.2394,0.2393,0.2392,0.2391,0.239,0.2389,0.2388,0.2398,0.2399,0.24,0.2401,0.2402,0.2403,0.2404,0.2405,0.2406,0.2407,31698.8,253417.5,289269.3,346090.6,436315.5,247436.1,273665.7,291096,199047.2,49585.7,70041.1,257711.3,240384.3,219050.9,187926.6,192686.1,114355.6,101031.1,119497.1,197588.8
195,0.2396,0.2395,0.2394,0.2393,0.2392,0.2391,0.239,0.2389,0.2388,0.2387,0.2397,0.2398,0.2399,0.24,0.2401,0.2402,0.2403,0.2404,0.2405,0.2406,27268.7,226341.2,317559.7,469750.4,341387,230229,318557.2,263374.1,125907.3,187759.4,147764.9,240544.4,224385.3,238105.5,210896.3,203185,138202.2,112896,46564.3,100679.5
196,0.2395,0.2394,0.2393,0.2392,0.2391,0.239,0.2389,0.2388,0.2387,0.2386,0.2396,0.2397,0.2398,0.2399,0.24,0.2401,0.2402,0.2403,0.2404,0.2405,8057.6,216197.5,294128.8,368288.1,337148.9,410338.3,164439.6,258767.4,366739.2,203538.1,149622.1,215724.6,206463.5,244025.6,226773.5,203296.6,187636.8,138202.2,124218.3,101176.4
197,0.2392,0.2391,0.239,0.2389,0.2388,0.2387,0.2386,0.2385,0.2384,0.2383,0.2393,0.2394,0.2395,0.2396,0.2397,0.2398,0.2399,0.24,0.2401,0.2402,11219.8,230154.5,354731,297494.8,317481.3,378058.4,217029.8,157894.5,209457.2,120118.5,109632.5,274627.2,212477.4,215414.7,239495.3,210329.9,206156.7,194966.9,190645.2,145691.5
198,0.2392,0.2391,0.239,0.2389,0.2388,0.2387,0.2386,0.2385,0.2384,0.2383,0.2393,0.2394,0.2395,0.2396,0.2397,0.2398,0.2399,0.24,0.2401,0.2402,112494.2,388012,345412.1,461754.3,324256,301583.4,205174.6,219172.8,221135.9,60936.7,10262,250397.7,234057.3,227165.4,237417.3,200841.9,169625.8,194549.7,180802.1,157111.7
199,0.2393,0.2392,0.2391,0.239,0.2389,0.2388,0.2387,0.2386,0.2385,0.2384,0.2394,0.2395,0.2396,0.2397,0.2398,0.2399,0.24,0.2401,0.2402,0.2403,11463.1,255041.5,378612,307959,444509.8,236446.2,309495.8,182290.9,139584.9,152489.7,137422.7,233815.3,231572.7,215372.7,201696.7,230297.4,194549.7,180802.1,162154.9,147197
200,0.2394,0.2393,0.2392,0.2391,0.239,0.2389,0.2388,0.2387,0.2386,0.2385,0.2395,0.2396,0.2397,0.2398,0.2399,0.24,0.2401,0.2402,0.2403,0.2404,127005.7,276252.9,294131.4,398232.9,270564,388389.1,344042.2,258260.7,209381.1,58166.4,19788.9,258404.9,222377.4,201669.9,209929.5,270064.7,184275.6,152944.2,141153.3,195060.5
201,0.2395,0.2394,0.2393,0.2392,0.2391,0.239,0.2389,0.2388,0.2387,0.2386,0.2396,0.2397,0.2398,0.2399,0.24,0.2401,0.2402,0.2403,0.2404,0.2405,113498.6,279037,326938.8,318573.4,429405.6,322092.2,237511.9,338863.3,251872.2,58241.2,9103.1,230136.7,239953.2,213878.4,218714.6,235000.6,173884.2,173802.7,182224.5,159986.5
202,0.2396,0.2395,0.2394,0.2393,0.2392,0.2391,0.239,0.2389,0.2388,0.2387,0.2397,0.2398,0.2399,0.24,0.2401,0.2402,0.2403,0.2404,0.2405,0.2406,126043.1,240980.7,279877.1,330302.2,333456.2,317452,374469.8,201174.7,204149.7,219109.7,35746.6,241905.4,242294.3,230115.1,235562.2,215853.1,103821.7,103123.6,158894.6,115268
203,0.2398,0.2397,0.2396,0.2395,0.2394,0.2393,0.2392,0.2391,0.239,0.2389,0.2399,0.24,0.2401,0.2402,0.2403,0.2404,0.2405,0.2406,0.2407,0.2408,58110.3,254197.1,253229.8,396287.8,265014.4,381814,267483.7,215617.4,160155.7,203944,34641.1,215501.7,205929.5,182375.9,79799.7,145006,180935.7,136081.5,110408.7,123382.8
204,0.2396,0.2395,0.2394,0.2393,0.2392,0.2391,0.239,0.2389,0.2388,0.2387,0.2397,0.2398,0.2399,0.24,0.2401,0.2402,0.2403,0.2404,0.2405,0.2406,139171.2,249235.1,267693.3,451054,333878.4,286032.6,264031.9,284033.8,260304,210945.6,52089.6,211454.4,204201.5,219566.7,205023.2,213787.3,110935.5,103540.3,144384.1,116317.6
205,0.2397,0.2396,0.2395,0.2394,0.2393,0.2392,0.2391,0.239,0.2389,0.2388,0.2398,0.2399,0.24,0.2401,0.2402,0.2403,0.2404,0.2405,0.2406,0.2407,57033.4,287141.6,337442.1,294194.5,330124.9,304987.3,248681.5,288676.1,211453,255620.3,69853.2,183101.2,227224.9,205683.4,188171.4,107864.5,155268.5,146398,126498.4,152036.1
206,0.2395,0.2394,0.2393,0.2392,0.2391,0.239,0.2389,0.2388,0.2387,0.2386,0.2396,0.2397,0.2398,0.2399,0.24,0.2401,0.2402,0.2403,0.2404,0.2405,46254.1,86852.1,286143.8,268292.1,211796,257864,258593.4,300579.6,182911.5,301610.3,59079,157427.2,267726.6,159995.2,179074.1,149352.1,202018.9,99720.1,117366.3,147998.8
207,0.2395,0.2394,0.2393,0.2392,0.2391,0.239,0.2389,0.2388,0.2387,0.2386,0.2396,0.2397,0.2398,0.2399,0.24,0.2401,0.2402,0.2403,0.2404,0.2405,34942.3,151708.8,192215.2,348149.4,185787,335443.1,183490.9,253332.6,113356.2,199898,61107.1,241043.9,256349,203399.6,230611.3,216626.9,230405,100316.3,196084.1,227468.1
208,0.2393,0.2392,0.2391,0.239,0.2389,0.2388,0.2387,0.2386,0.2385,0.2384,0.2394,0.2395,0.2396,0.2397,0.2398,0.2399,0.24,0.2401,0.2402,0.2403,31334,218800.6,195831.5,438477.9,198479.6,246633.5,246389,166486.8,42910.5,193628.9,20260.7,244346.9,256442.8,202715.8,245717.4,224044.8,198145.3,146528.9,187831,103165.7
209,0.2394,0.2393,0.2392,0.2391,0.239,0.2389,0.2388,0.2387,0.2386,0.2385,0.2395,0.2396,0.2397,0.2398,0.2399,0.24,0.2401,0.2402,0.2403,0.2404,42274.9,223545.7,305349.9,180954,386956.3,96514.3,262286.2,226109.3,189258.7,48374.3,63466.2,268590.2,197427.6,254903.9,228488.9,244564,148956.6,176053,111146.7,188059.6
210,0.2395,0.2394,0.2393,0.2392,0.2391,0.239,0.2389,0.2388,0.2387,0.2386,0.2396,0.2397,0.2398,0.2399,0.24,0.2401,0.2402,0.2403,0.2404,0.2405,57545.7,282297.7,259040.2,232705.7,243693.1,300653.6,185593.1,220525.6,104577.8,202303.3,8895.4,196466,284855.8,194792.8,229584.5,231127.2,208754.8,103821.9,195064,228308.6
211,0.2396,0.2395,0.2394,0.2393,0.2392,0.2391,0.239,0.2389,0.2388,0.2387,0.2397,0.2398,0.2399,0.24,0.2401,0.2402,0.2403,0.2404,0.2405,0.2406,22861.8,175978.7,294243.4,278784.3,200782.1,198751,235879.3,215047.8,173718,115197.2,29298.2,272095.2,221226.5,197016.1,210310.6,247261.1,120851.2,185081.5,236658.8,205520
212,0.2401,0.24,0.2399,0.2398,0.2397,0.2396,0.2395,0.2394,0.2393,0.2392,0.2402,0.2403,0.2404,0.2405,0.2406,0.2407,0.2408,0.2409,0.241,0.2411,34976.4,182769,249817.1,246369.1,258027.4,274070.4,296304.2,143376.1,154905.8,144503.4,21634.9,202515.3,216755.2,175811,155418.7,124095.6,178212.3,121095.2,143584.9,61862.6
213,0.2401,0.24,0.2399,0.2398,0.2397,0.2396,0.2395,0.2394,0.2393,0.2392,0.2402,0.2403,0.2404,0.2405,0.2406,0.2407,0.2408,0.2409,0.241,0.2411,44821.2,156064.7,215349.2,253319.7,214478,307849.2,218297.3,207258.3,245410.9,156559,32870.5,220674.1,224971.9,200563.8,170897.4,178024.9,202331.2,43613.1,132225.6,128486.8
214,0.2404,0.2403,0.2402,0.2401,0.24,0.2399,0.2398,0.2397,0.2396,0.2395,0.2405,0.2406,0.2407,0.2408,0.2409,0.241,0.2411,0.2412,0.2413,0.2414,40888.5,144730.2,274105.2,229129.4,211347.2,322595.1,179515.8,262916.5,272559.2,133334.5,87990,263933.8,213758.7,177922,158103.4,184410.7,169941.6,108885.6,216333.3,126333.5
215,0.2403,0.2402,0.2401,0.24,0.2399,0.2398,0.2397,0.2396,0.2395,0.2394,0.2404,0.2405,0.2406,0.2407,0.2408,0.2409,0.241,0.2411,0.2412,0.2413,63698.9,145734.1,242772,238287.1,317129.1,214881.4,268156.2,343979.6,129620.2,114869.2,82465.7,215843.1,245797.5,186024.2,161982.2,142557.3,175159.6,148824.8,106154.8,227411.1
216,0.2403,0.2402,0.2401,0.24,0.2399,0.2398,0.2397,0.2396,0.2395,0.2394,0.2404,0.2405,0.2406,0.2407,0.2408,0.2409,0.241,0.2411,0.2412,0.2413,103097,204122.1,184289.4,265614.9,300146.6,266838.8,206020.1,295259,106365.6,110387.6,136389.7,228725,238731.6,204687.4,154530.2,158714.9,205690.4,150930.8,104320.1,227816.7
217,0.2401,0.24,0.2399,0.2398,0.2397,0.2396,0.2395,0.2394,0.2393,0.2392,0.2402,0.2403,0.2404,0.2405,0.2406,0.2407,0.2408,0.2409,0.241,0.2411,108102.8,225956.2,234196.6,344413,160041.7,381413.6,169542.9,232318.2,192557.3,131693.8,8366,215288.5,217119.5,264038.4,217069.6,188758.6,184031.6,106564.3,150244.1,113982.3
218,0.24,0.2399,0.2398,0.2397,0.2396,0.2395,0.2394,0.2393,0.2392,0.2391,0.2401,0.2402,0.2403,0.2404,0.2405,0.2406,0.2407,0.2408,0.2409,0.241,31641.5,176509.2,390571.2,246593.5,399507.9,235470.2,190970.9,301681,159263.4,184275,114056.5,213069.3,217399.8,218151.9,244153.3,211157.1,217091.9,148099.6,107965,146036.1
219,0.2399,0.2398,0.2397,0.2396,0.2395,0.2394,0.2393,0.2392,0.2391,0.239,0.24,0.2401,0.2402,0.2403,0.2404,0.2405,0.2406,0.2407,0.2408,0.2409,20357.3,173606.7,326648,300399,265869,211129.3,261230.1,227744.2,182751.8,128433.4,109187.8,248456.3,221196.8,239252.3,203614.7,235474.2,171386.9,149265.1,161588.3,106538.9
220,0.2399,0.2398,0.2397,0.2396,0.2395,0.2394,0.2393,0.2392,0.2391,0.239,0.24,0.2401,0.2402,0.2403,0.2404,0.2405,0.2406,0.2407,0.2408,0.2409,55851.4,272185.1,307574,325861.9,299534.3,215328.7,285981.8,110047.4,289951.8,128453.7,15595.1,210927.8,233196.9,210916.8,204945.7,266738.9,171412.3,150692.2,117966.7,117925.7
221,0.2398,0.2397,0.2396,0.2395,0.2394,0.2393,0.2392,0.2391,0.239,0.2389,0.2399,0.24,0.2401,0.2402,0.2403,0.2404,0.2405,0.2406,0.2407,0.2408,60777.2,194028.8,330727.1,326477.6,201689.4,367443.4,118001.8,320878.2,127016.5,121743,90265.4,225332.5,224451.9,212424,211699.8,204895.2,243347.2,205561.1,146671.7,129270.1
222,0.24,0.2399,0.2398,0.2397,0.2396,0.2395,0.2394,0.2393,0.2392,0.2391,0.2401,0.2402,0.2403,0.2404,0.2405,0.2406,0.2407,0.2408,0.2409,0.241,40398.8,205823.9,295218.1,346998.5,295271.3,277447.6,146782.7,246458.3,79467.9,185424.5,9331,219503.5,230939.4,206594,230952.3,257572,171533.9,117698.5,118342,220672.5
223,0.2403,0.2402,0.2401,0.24,0.2399,0.2398,0.2397,0.2396,0.2395,0.2394,0.2404,0.2405,0.2406,0.2407,0.2408,0.2409,0.241,0.2411,0.2412,0.2413,20626.1,192445.6,203952.6,179607.5,326483.5,195922.8,352172.4,275514.9,256864.7,109223.6,154146.2,233430.4,264942.7,190294.7,163312.3,207763.1,138903.8,221516.6,160607,104799.4
224,0.2405,0.2404,0.2403,0.2402,0.2401,0.24,0.2399,0.2398,0.2397,0.2396,0.2406,0.2407,0.2408,0.2409,0.241,0.2411,0.2412,0.2413,0.2414,0.2415,3687.7,138170.3,184278.8,183022.9,444554.4,161458.3,279122.9,274167.9,164779.4,221877,116096.1,253395.9,210772.2,208934.1,198364.8,173249.3,158810.9,108895.8,48249.6,109300
225,0.2404,0.2403,0.2402,0.2401,0.24,0.2399,0.2398,0.2397,0.2396,0.2395,0.2405,0.2406,0.2407,0.2408,0.2409,0.241,0.2411,0.2412,0.2413,0.2414,107911.6,184671.4,245349.7,330124.8,195849.7,280922.9,280827.3,216198.7,259571.8,168741.1,16347.3,230799.8,239673.2,198180.3,196342.1,196675.3,198010.6,102406.2,104799.4,127525.6
226,0.2404,0.2403,0.2402,0.2401,0.24,0.2399,0.2398,0.2397,0.2396,0.2395,0.2405,0.2406,0.2407,0.2408,0.2409,0.241,0.2411,0.2412,0.2413,0.2414,102288.3,184927.6,245349.7,314122.5,232803.1,229727.3,261747.1,177970.9,249599.1,171027,12485.8,226153.9,227195.9,213842.1,196342.1,192948.3,198420.5,102406.2,106223.4,126102.1
227,0.2403,0.2402,0.2401,0.24,0.2399,0.2398,0.2397,0.2396,0.2395,0.2394,0.2404,0.2405,0.2406,0.2407,0.2408,0.2409,0.241,0.2411,0.2412,0.2413,70698.4,258632.4,233338.2,201484.8,163805.5,288287.2,225113.9,279899.7,74511.8,188663.8,6809.3,235497.6,245451.9,240481,189262,222536.3,158315.9,144082.5,70142.5,197796.7
228,0.2403,0.2402,0.2401,0.24,0.2399,0.2398,0.2397,0.2396,0.2395,0.2394,0.2404,0.2405,0.2406,0.2407,0.2408,0.2409,0.241,0.2411,0.2412,0.2413,94313.8,256142.3,190590,225828.5,171470.8,289804.7,162506.6,447637.8,80547.9,190887.7,4002.6,246545.8,253453.5,240422.8,190364.7,223950.9,209778.4,150098.9,138108.9,194958.1
229,0.2404,0.2403,0.2402,0.2401,0.24,0.2399,0.2398,0.2397,0.2396,0.2395,0.2405,0.2406,0.2407,0.2408,0.2409,0.241,0.2411,0.2412,0.2413,0.2414,48347.4,219899.8,338122.8,220970.1,265532.4,198779.3,338920.1,108940.5,154653.6,81825.5,19528,227259.1,253748.8,186745,227585.7,211167.1,152137.8,138108.9,194958.1,193523
230,0.2406,0.2405,0.2404,0.2403,0.2402,0.2401,0.24,0.2399,0.2398,0.2397,0.2407,0.2408,0.2409,0.241,0.2411,0.2412,0.2413,0.2414,0.2415,0.2416,68707.9,164263.4,269181,202156.6,278905.8,291848.5,330299.1,87663,239149.3,133608.9,27057.3,207863.4,204578.1,205007.1,212234.6,203812.5,161945.6,114345.9,109287.4,118140.3
231,0.24,0.2399,0.2398,0.2397,0.2396,0.2395,0.2394,0.2393,0.2392,0.2391,0.2401,0.2402,0.2403,0.2404,0.2405,0.2406,0.2407,0.2408,0.2409,0.241,72856.2,52689.7,107410,180197.1,253503.3,172066.3,189999.8,256105.9,164512.9,79855.4,62503.2,193241.5,287312,235334,226249.7,242756.2,173169.6,176211.5,176839.1,153271.8
232,0.2404,0.2403,0.2402,0.2401,0.24,0.2399,0.2398,0.2397,0.2396,0.2395,0.2405,0.2406,0.2407,0.2408,0.2409,0.241,0.2411,0.2412,0.2413,0.2414,37445.3,137444.9,181624.1,295622.1,72821.3,443473.9,124169.3,324554.6,128114.3,64053,112289.5,266556.3,201982.7,185588.8,196782.2,192384.8,167807.8,245463.4,185652.5,208188.1
233,0.2406,0.2405,0.2404,0.2403,0.2402,0.2401,0.24,0.2399,0.2398,0.2397,0.2407,0.2408,0.2409,0.241,0.2411,0.2412,0.2413,0.2414,0.2415,0.2416,80824.1,108142.8,144070,160840.5,170391.3,336600.2,150841,455517.1,92021.3,291087,8944.8,196653,202396.4,218793.5,194258.3,147426.3,165919,118581.5,133189.7,148571
234,0.2408,0.2407,0.2406,0.2405,0.2404,0.2403,0.2402,0.2401,0.24,0.2399,0.2409,0.241,0.2411,0.2412,0.2413,0.2414,0.2415,0.2416,0.2417,0.2418,41645,85335.5,118658,222386.7,129683.1,224095.6,188895.3,296054.1,143633.4,162668.3,41715.1,203137.9,210859.1,152333.3,154274,167344.4,159035.1,148571,109461.4,62583
235,0.2406,0.2405,0.2404,0.2403,0.2402,0.2401,0.24,0.2399,0.2398,0.2397,0.2407,0.2408,0.2409,0.241,0.2411,0.2412,0.2413,0.2414,0.2415,0.2416,53584,128423.4,159212.5,162803.7,320054.7,133254.1,184778.3,277019.6,82040.2,249636.8,39068.6,223852,218393.4,210974.2,184417.7,173574.6,150577.1,118556.1,140941.9,159873.7
236,0.2404,0.2403,0.2402,0.2401,0.24,0.2399,0.2398,0.2397,0.2396,0.2395,0.2405,0.2406,0.2407,0.2408,0.2409,0.241,0.2411,0.2412,0.2413,0.2414,82432.1,114535.5,251020.7,130371.4,158410.3,307456.4,206833.5,320092.4,241527.9,217388,11259.2,254399.3,263907.9,200846.3,204117.7,216834.5,213831.8,167396.6,106801.8,129885.4
237,0.2403,0.2402,0.2401,0.24,0.2399,0.2398,0.2397,0.2396,0.2395,0.2394,0.2404,0.2405,0.2406,0.2407,0.2408,0.2409,0.241,0.2411,0.2412,0.2413,61359.2,177022.6,202798,80355.9,267922.4,200751.6,328865.7,307919.2,214374.3,34286.6,45560.1,192009.8,223805.9,246043,207827.5,193681.1,239161.4,167047.6,166987.2,108635
238,0.2402,0.2401,0.24,0.2399,0.2398,0.2397,0.2396,0.2395,0.2394,0.2393,0.2403,0.2404,0.2405,0.2406,0.2407,0.2408,0.2409,0.241,0.2411,0.2412,49148.1,170934.8,148171,270229.5,145983.5,316541.3,226301.4,256344.6,32872.6,229834.6,48637,234415.8,200212.2,233629.8,253076.3,201986.9,249043.7,177750.8,145865.1,134354.3
239,0.2404,0.2403,0.2402,0.2401,0.24,0.2399,0.2398,0.2397,0.2396,0.2395,0.2405,0.2406,0.2407,0.2408,0.2409,0.241,0.2411,0.2412,0.2413,0.2414,14192.5,121682.2,132286.1,211448.3,135085.2,336362.4,146317.8,269394.1,580358.4,206700.6,124791.5,257799.5,227062.6,209199,226093,241893.1,145455.4,134354.3,108036.4,197335.3
240,0.2403,0.2402,0.2401,0.24,0.2399,0.2398,0.2397,0.2396,0.2395,0.2394,0.2404,0.2405,0.2406,0.2407,0.2408,0.2409,0.241,0.2411,0.2412,0.2413,31165.2,160801.9,227317.2,134986.6,362740.9,143778.6,244548.9,297948.1,206700.6,43518.8,28287.6,214973.1,256545.7,234569.3,207541.6,227507.2,205121.8,145479.8,145722.1,105334.2
241,0.2402,0.2401,0.24,0.2399,0.2398,0.2397,0.2396,0.2395,0.2394,0.2393,0.2403,0.2404,0.2405,0.2406,0.2407,0.2408,0.2409,0.241,0.2411,0.2412,46966.1,206794.1,135771.9,277688.2,177072.6,226476.1,191500.5,360235.6,42104.3,229813.3,32555.5,249944.4,241136.9,227384.3,242120.7,201986.9,248192.5,173986.6,146026.4,135546.6
242,0.2403,0.2402,0.2401,0.24,0.2399,0.2398,0.2397,0.2396,0.2395,0.2394,0.2404,0.2405,0.2406,0.2407,0.2408,0.2409,0.241,0.2411,0.2412,0.2413,63965.7,182742.5,320207.6,130647.8,191683.5,269063.1,187435.7,202873.1,265057.9,43382.6,11402.9,221396.9,257052.7,213383.6,205010.4,227507.6,198022.5,146026.4,146919.2,104787.9
243,0.2403,0.2402,0.2401,0.24,0.2399,0.2398,0.2397,0.2396,0.2395,0.2394,0.2404,0.2405,0.2406,0.2407,0.2408,0.2409,0.241,0.2411,0.2412,0.2413,63207.1,183863.2,292691,154813.5,198512.5,301837.1,146100.3,243602.9,191414.2,43382.6,18603.6,211127.1,278229.7,210896.7,207522.5,227507.6,244679.5,145616.7,134763.8,118772.3
244,0.2402,0.2401,0.24,0.2399,0.2398,0.2397,0.2396,0.2395,0.2394,0.2393,0.2403,0.2404,0.2405,0.2406,0.2407,0.2408,0.2409,0.241,0.2411,0.2412,49732.8,198876.6,212240.2,189433.1,244672.5,154223.5,329339.4,236618.8,53340.1,229812.9,12539.7,211248.4,251976.5,228435.4,213082,203402.1,248288.5,174396.7,145479.8,134354.3
245,0.2402,0.2401,0.24,0.2399,0.2398,0.2397,0.2396,0.2395,0.2394,0.2393,0.2403,0.2404,0.2405,0.2406,0.2407,0.2408,0.2409,0.241,0.2411,0.2412,47000.8,194145.1,220683.5,189570.1,284207,140394.3,328553.4,222417.2,32872.6,229812.9,45764,218307.5,241474.5,228467.4,210721.5,203402.1,257624.6,173986.6,145888.8,134354.3
246,0.2403,0.2402,0.2401,0.24,0.2399,0.2398,0.2397,0.2396,0.2395,0.2394,0.2404,0.2405,0.2406,0.2407,0.2408,0.2409,0.241,0.2411,0.2412,0.2413,14256.9,146127.2,191873.5,217370,179206.8,219271.3,174142.2,293283.8,197907.1,32872.6,132421,265216.9,239836.6,211048.5,201986.9,227670.1,193299.5,155221.6,146931.5,106211.7
247,0.2402,0.2401,0.24,0.2399,0.2398,0.2397,0.2396,0.2395,0.2394,0.2393,0.2403,0.2404,0.2405,0.2406,0.2407,0.2408,0.2409,0.241,0.2411,0.2412,42223.2,199521.4,197511.3,165055.9,245098.5,294815.6,186332.3,265582.9,32872.6,238938.7,25661.5,254255.4,239646.1,217123.2,208553.3,203538.6,251405.1,173986.6,155221.6,146931.5
248,0.2401,0.24,0.2399,0.2398,0.2397,0.2396,0.2395,0.2394,0.2393,0.2392,0.2402,0.2403,0.2404,0.2405,0.2406,0.2407,0.2408,0.2409,0.241,0.2411,126570.6,224940.4,230532.4,205332.3,286421.8,188058.5,282755.6,150144.5,236671.9,106927,8470.6,222516.8,222604.1,211637.1,225581.6,195450.6,220863.2,190847.9,174396.7,155819.9
249,0.2403,0.2402,0.2401,0.24,0.2399,0.2398,0.2397,0.2396,0.2395,0.2394,0.2404,0.2405,0.2406,0.2407,0.2408,0.2409,0.241,0.2411,0.2412,0.2413,13778.4,114550.4,181768.6,271324.6,303537.4,246679.1,289863.9,189492.5,173017,42866.3,99504.3,249628.5,225023.8,198518,198582.7,261029.5,174012,146911.9,135563.4,186429
250,0.2402,0.2401,0.24,0.2399,0.2398,0.2397,0.2396,0.2395,0.2394,0.2393,0.2403,0.2404,0.2405,0.2406,0.2407,0.2408,0.2409,0.241,0.2411,0.2412,61393.7,209645.7,280566.5,384913.4,160896.3,318599.6,99281.1,521921,42866.3,175982.5,15802.6,213153.7,241147.3,194221,194034.8,198582.7,210726.6,144160.9,146502.9,116700.2
251,0.2403,0.2402,0.2401,0.24,0.2399,0.2398,0.2397,0.2396,0.2395,0.2394,0.2404,0.2405,0.2406,0.2407,0.2408,0.2409,0.241,0.2411,0.2412,0.2413,5619.9,127534.6,202040.4,227709.4,397847.4,160766.3,346572.9,97847.1,317109.2,45889.8,160210.6,256044.3,205829,195663.7,197467.3,252387.6,143776.2,146912.8,147151.3,186613.9
252,0.2402,0.2401,0.24,0.2399,0.2398,0.2397,0.2396,0.2395,0.2394,0.2393,0.2403,0.2404,0.2405,0.2406,0.2407,0.2408,0.2409,0.241,0.2411,0.2412,27863.9,153465.6,205190.3,396725.2,89839.8,295285.7,222278.1,209149.3,128909.9,223707.6,37506.4,249456.1,245550.5,191774.1,195398.9,198882.5,197677,153531.9,144683.9,145680.5
253,0.2403,0.2402,0.2401,0.24,0.2399,0.2398,0.2397,0.2396,0.2395,0.2394,0.2404,0.2405,0.2406,0.2407,0.2408,0.2409,0.241,0.2411,0.2412,0.2413,77553.1,127284.7,159128.1,170931.9,433753.3,162235.8,177459,177712.8,230276.7,53056.2,21010.1,244294.6,215813.4,205702.5,200025.1,220409.5,211364.3,156029.9,136188.3,197981.7
254,0.2402,0.2401,0.24,0.2399,0.2398,0.2397,0.2396,0.2395,0.2394,0.2393,0.2403,0.2404,0.2405,0.2406,0.2407,0.2408,0.2409,0.241,0.2411,0.2412,57146.1,119443.3,208361.5,415141.4,146975,159923.5,188577.3,220521.9,52638.3,222855.1,21643.6,287980.6,257008.9,186249.7,198256.7,198882.3,242819,143785.7,154016,147514.5
255,0.2403,0.2402,0.2401,0.24,0.2399,0.2398,0.2397,0.2396,0.2395,0.2394,0.2404,0.2405,0.2406,0.2407,0.2408,0.2409,0.241,0.2411,0.2412,0.2413,39471.3,154805.2,146347.3,288125.4,366598.4,159779.3,282771.9,124112.2,181829.2,52316.7,19133.2,236721.4,198645.8,209983.5,200396,244268.9,143785.7,155850.9,134354.3,199401.5
256,0.2402,0.2401,0.24,0.2399,0.2398,0.2397,0.2396,0.2395,0.2394,0.2393,0.2403,0.2404,0.2405,0.2406,0.2407,0.2408,0.2409,0.241,0.2411,0.2412,95747.8,149651.1,300974.4,345768.7,120044.6,193944,148072.4,323660.3,46443.2,219894.7,17304,224092,219819.9,188633.6,242696.2,200396,243169.8,143785.7,175329.6,147151.4
257,0.2401,0.24,0.2399,0.2398,0.2397,0.2396,0.2395,0.2394,0.2393,0.2392,0.2402,0.2403,0.2404,0.2405,0.2406,0.2407,0.2408,0.2409,0.241,0.2411,81617.6,203556.9,307691.6,181076.1,230524.8,149272.4,340844.5,116093.1,219915.7,106078.8,50794.6,257886.7,252514.1,196606.6,195889.4,225707,220469.3,178088.7,144195.8,186292.3
258,0.2401,0.24,0.2399,0.2398,0.2397,0.2396,0.2395,0.2394,0.2393,0.2392,0.2402,0.2403,0.2404,0.2405,0.2406,0.2407,0.2408,0.2409,0.241,0.2411,49947.5,208094.2,301789.8,179159.1,265108.9,83994.8,283821.4,168035.4,219915.7,106078.8,107218.9,269301.6,226511.9,196606.6,190633.7,225707.2,220469.3,178499.1,145211.2,186292.3
259,0.2398,0.2397,0.2396,0.2395,0.2394,0.2393,0.2392,0.2391,0.239,0.2389,0.2399,0.24,0.2401,0.2402,0.2403,0.2404,0.2405,0.2406,0.2407,0.2408,80738.3,193719.6,128681.4,326350.9,90283.5,177516.1,203414.2,125489.6,44665.3,149573.3,35012.4,235335.2,235520.6,210048,196834.2,166167.3,204364.6,162327.7,139622.9,161272.5
260,0.2398,0.2397,0.2396,0.2395,0.2394,0.2393,0.2392,0.2391,0.239,0.2389,0.2399,0.24,0.2401,0.2402,0.2403,0.2404,0.2405,0.2406,0.2407,0.2408,59617.2,124590.5,126641.1,349228.5,85369.8,201396.4,244491,136876.4,47344.7,203411.2,100314.8,261723.4,255628.2,189326.8,210568.4,194985.7,204674.4,162002.3,141049.9,189346
261,0.24,0.2399,0.2398,0.2397,0.2396,0.2395,0.2394,0.2393,0.2392,0.2391,0.2401,0.2402,0.2403,0.2404,0.2405,0.2406,0.2407,0.2408,0.2409,0.241,2921.9,147658.6,176990.8,268878.4,101329.2,377362.1,122164.9,171146.7,460750.9,58565,174508.1,255260.2,216604.8,204032.2,206722.6,219438.5,143063.8,177557.4,145016.2,201021.3
262,0.24,0.2399,0.2398,0.2397,0.2396,0.2395,0.2394,0.2393,0.2392,0.2391,0.2401,0.2402,0.2403,0.2404,0.2405,0.2406,0.2407,0.2408,0.2409,0.241,1694.2,128070.6,176963,255353.4,101361.3,414462,133466.3,260196.3,165625.5,45181.2,173817,255919.6,217855.5,204000.9,206722.6,219438.5,141636.8,188737.3,144605.3,201021.3
263,0.2399,0.2398,0.2397,0.2396,0.2395,0.2394,0.2393,0.2392,0.2391,0.239,0.24,0.2401,0.2402,0.2403,0.2404,0.2405,0.2406,0.2407,0.2408,0.2409,70059.7,185506.9,263554.5,102759.7,457489.5,108843.2,322245.7,236889,46610.2,131638,14334.4,231974,189813.9,219863.7,186314.5,186186,198182.7,174559,177968.5,144605.3
264,0.2399,0.2398,0.2397,0.2396,0.2395,0.2394,0.2393,0.2392,0.2391,0.239,0.24,0.2401,0.2402,0.2403,0.2404,0.2405,0.2406,0.2407,0.2408,0.2409,78250.5,148559.5,210161.6,102499.8,373700,105785,299079.5,270896.8,37890.8,122655.3,12492.5,214585.6,203019.3,184181.9,177077.9,176480.6,187708.4,163311,167317,133983.4
265,0.2398,0.2397,0.2396,0.2395,0.2394,0.2393,0.2392,0.2391,0.239,0.2389,0.2399,0.24,0.2401,0.2402,0.2403,0.2404,0.2405,0.2406,0.2407,0.2408,53548.2,193766.4,156609.5,339623,89345.4,126145.9,283389.6,115746.7,113732.9,249044.5,47930,173423.3,216247.2,183178.7,199838.3,187264.1,189062.1,129831.8,163322,182515.3
266,0.2395,0.2394,0.2393,0.2392,0.2391,0.239,0.2389,0.2388,0.2387,0.2386,0.2396,0.2397,0.2398,0.2399,0.24,0.2401,0.2402,0.2403,0.2404,0.2405,14892.1,119852.6,186407,131509,256177.8,186172.1,294678,107173.2,163567.7,134392.8,142610.2,193807,187647.7,221443.2,188059.9,230926.4,153749.1,127322.6,211737,170360.3
267,0.2394,0.2393,0.2392,0.2391,0.239,0.2389,0.2388,0.2387,0.2386,0.2385,0.2395,0.2396,0.2397,0.2398,0.2399,0.24,0.2401,0.2402,0.2403,0.2404,69619.5,137669,137404.5,302637.4,184992.5,245936.9,129553.7,262947,94669.1,138941.1,21497.6,185791.4,206312.9,187468,206975.1,201448.9,236799.5,153749.1,127322.6,211834.8
268,0.2397,0.2396,0.2395,0.2394,0.2393,0.2392,0.2391,0.239,0.2389,0.2388,0.2398,0.2399,0.24,0.2401,0.2402,0.2403,0.2404,0.2405,0.2406,0.2407,80688.7,148258.7,287688.9,137479.8,278018.1,67545.8,324281.5,171112.5,269198.2,97719,14106.6,187003.2,248547.4,206324.9,199403.9,199222.5,159554,168940.2,143293.3,192998.1
269,0.2396,0.2395,0.2394,0.2393,0.2392,0.2391,0.239,0.2389,0.2388,0.2387,0.2397,0.2398,0.2399,0.24,0.2401,0.2402,0.2403,0.2404,0.2405,0.2406,36069.8,208711,150358.4,245104.5,69481.3,335685.9,152572.1,278264.9,181816.1,92099.6,5726.3,165895,212708.8,211239.3,191090.8,207169.4,127348,164710.8,181769.4,131887.5
270,0.2394,0.2393,0.2392,0.2391,0.239,0.2389,0.2388,0.2387,0.2386,0.2385,0.2395,0.2396,0.2397,0.2398,0.2399,0.24,0.2401,0.2402,0.2403,0.2404,15197.2,120084.3,144256,211629.3,220065.4,241352.7,246672.1,186256.7,197190.1,199585.2,28005.9,193180.9,222394.8,185368.5,171160.9,179672.4,182620.6,159463.5,139950.2,201507.2
271,0.2397,0.2396,0.2395,0.2394,0.2393,0.2392,0.2391,0.239,0.2389,0.2388,0.2398,0.2399,0.24,0.2401,0.2402,0.2403,0.2404,0.2405,0.2406,0.2407,12011.3,137423.9,158920.4,211258.1,139618.4,223054.5,216260.3,216270.2,227525.4,206521.4,12799.4,177851.2,231580.2,207693.4,196999.4,162679.8,171364.7,85715.3,161113.2,102288
272,0.2399,0.2398,0.2397,0.2396,0.2395,0.2394,0.2393,0.2392,0.2391,0.239,0.24,0.2401,0.2402,0.2403,0.2404,0.2405,0.2406,0.2407,0.2408,0.2409,13819,94520.3,164464.4,189353.8,193831.4,203618.2,170470.5,209821.3,189482,181189.3,112952.3,230380.6,194212.7,164894,149985.8,151416.7,135644.7,134245.7,27459.5,106526.7
273,0.24,0.2399,0.2398,0.2397,0.2396,0.2395,0.2394,0.2393,0.2392,0.2391,0.2401,0.2402,0.2403,0.2404,0.2405,0.2406,0.2407,0.2408,0.2409,0.241,3864.7,101969.9,102264.7,145236.5,172195.4,195177.4,248862.7,145788.5,188286.4,168667.2,136102.9,210250.6,202566.4,151343.9,129733.3,174867.3,154550.7,27459.3,140861.4,56984.2
274,0.2398,0.2397,0.2396,0.2395,0.2394,0.2393,0.2392,0.2391,0.239,0.2389,0.2399,0.24,0.2401,0.2402,0.2403,0.2404,0.2405,0.2406,0.2407,0.2408,44009.9,97786.3,114271.6,200496.3,163236.1,246029.8,142962.1,231514.9,127575.7,174830.3,106076.3,194796.1,182190.2,178368.1,180170.4,144626.8,148334.7,126301.6,144471.7,28885.9
275,0.2399,0.2398,0.2397,0.2396,0.2395,0.2394,0.2393,0.2392,0.2391,0.239,0.24,0.2401,0.2402,0.2403,0.2404,0.2405,0.2406,0.2407,0.2408,0.2409,11861.5,94850.1,181178.2,141929.7,175286.5,149723.2,267084.2,88322.8,246579.3,192694.6,133830.9,202854.8,184007.2,169114.1,151437,149788.2,126327,134970.4,38439.1,107944
276,0.2399,0.2398,0.2397,0.2396,0.2395,0.2394,0.2393,0.2392,0.2391,0.239,0.24,0.2401,0.2402,0.2403,0.2404,0.2405,0.2406,0.2407,0.2408,0.2409,48506.8,202326.7,187916.1,186841.7,173266.7,189005.5,211360.3,68113.8,217665.4,66391.2,14454.9,160174.6,207134.3,179583.3,164088.5,125854.4,147494.4,140801.7,38429.6,120194.2
277,0.2398,0.2397,0.2396,0.2395,0.2394,0.2393,0.2392,0.2391,0.239,0.2389,0.2399,0.24,0.2401,0.2402,0.2403,0.2404,0.2405,0.2406,0.2407,0.2408,67253.3,219190.7,185096.6,175080.2,174822.4,287596.3,89117.5,237356.1,59221.1,170872.3,11996,191322.4,218124.5,163710.5,169184.4,162772.8,148469.3,135639.7,138919.6,38392.6
278,0.2397,0.2396,0.2395,0.2394,0.2393,0.2392,0.2391,0.239,0.2389,0.2388,0.2398,0.2399,0.24,0.2401,0.2402,0.2403,0.2404,0.2405,0.2406,0.2407,224.3,88305.4,123943.2,202506.4,151348.2,107452.6,244233.2,228947,165567.7,83684.2,155720.1,207559.8,193155.2,187727.3,165894,187816.2,175230.6,91944.1,141808.9,111277.1
279,0.2393,0.2392,0.2391,0.239,0.2389,0.2388,0.2387,0.2386,0.2385,0.2384,0.2394,0.2395,0.2396,0.2397,0.2398,0.2399,0.24,0.2401,0.2402,0.2403,49583.8,125941.1,234989.2,234460.9,220334.6,195157.5,214348.4,276127.7,134709.2,31382.9,14598.2,245884.1,210312.4,238847.2,165349.1,178846.3,188769.4,191186.2,148251.2,129225.9
280,0.2393,0.2392,0.2391,0.239,0.2389,0.2388,0.2387,0.2386,0.2385,0.2384,0.2394,0.2395,0.2396,0.2397,0.2398,0.2399,0.24,0.2401,0.2402,0.2403,85735.4,150547.3,222039.2,277820.2,220700.8,220058,215045.2,193960.2,54217.6,31388.4,14327.7,173577.5,204477.4,257349.2,165342.9,180268.4,187053.2,191190.1,136473.1,140969.5
281,0.2394,0.2393,0.2392,0.2391,0.239,0.2389,0.2388,0.2387,0.2386,0.2385,0.2395,0.2396,0.2397,0.2398,0.2399,0.24,0.2401,0.2402,0.2403,0.2404,3468.4,141815.1,106489.4,228649.7,236179.7,220700.8,241482.6,179229.4,179952.9,54217.6,151856,213549.7,236512,157309.3,180268.4,185622.5,191190.1,132704.8,129647.2,135328
282,0.2395,0.2394,0.2393,0.2392,0.2391,0.239,0.2389,0.2388,0.2387,0.2386,0.2396,0.2397,0.2398,0.2399,0.24,0.2401,0.2402,0.2403,0.2404,0.2405,55088.4,114656.2,199774.6,211601.5,249639.9,153163.2,313155.2,176767.2,220127.4,112629.9,8476.8,177168.3,167129,217938.5,178418.1,241244.4,119373.4,123829.6,117509.5,125320.6
283,0.2395,0.2394,0.2393,0.2392,0.2391,0.239,0.2389,0.2388,0.2387,0.2386,0.2396,0.2397,0.2398,0.2399,0.24,0.2401,0.2402,0.2403,0.2404,0.2405,117885.2,120342.6,156541.1,194119.6,266956.1,130658.9,277811,167038.5,217077.8,127088.3,78791.5,161250.8,182632.3,220288.4,180814.2,190049.2,183532.7,125258.7,149168.1,115498.4
284,0.2395,0.2394,0.2393,0.2392,0.2391,0.239,0.2389,0.2388,0.2387,0.2386,0.2396,0.2397,0.2398,0.2399,0.24,0.2401,0.2402,0.2403,0.2404,0.2405,11434.5,107466.3,141150.2,163286.1,297180.2,93758,339888.1,131532.6,217077.8,125713.9,107277.6,176739.1,183816.9,197799.1,177850.6,210169.9,164135.1,125676.1,160068.5,107603.2
285,0.2395,0.2394,0.2393,0.2392,0.2391,0.239,0.2389,0.2388,0.2387,0.2386,0.2396,0.2397,0.2398,0.2399,0.24,0.2401,0.2402,0.2403,0.2404,0.2405,19065.5,105616.9,165956.2,104856.2,313776.5,180588.8,247344.5,223994.8,143868.8,112344.8,153597,150774.9,194065.5,197764.2,176431.3,209847.3,164160.1,125676.1,160068.5,106183.8
286,0.2395,0.2394,0.2393,0.2392,0.2391,0.239,0.2389,0.2388,0.2387,0.2386,0.2396,0.2397,0.2398,0.2399,0.24,0.2401,0.2402,0.2403,0.2404,0.2405,25389.2,112688,153764.6,103890.8,327299.6,182033.1,269447.9,203408.3,143868.8,110836.8,143741.7,170485.7,175946.5,197764.2,177850.7,208453.2,164135.1,125676.1,160068.5,98254.9
287,0.2396,0.2395,0.2394,0.2393,0.2392,0.2391,0.239,0.2389,0.2388,0.2387,0.2397,0.2398,0.2399,0.24,0.2401,0.2402,0.2403,0.2404,0.2405,0.2406,22044.5,134070.4,120025.1,244508.4,89853.2,314406.1,272819.9,214362.6,192140.5,150408.1,104447.7,193704.3,209015.3,181085.7,190049.3,164160.1,153595.2,149168.1,117615.5,195489.4
288,0.2395,0.2394,0.2393,0.2392,0.2391,0.239,0.2389,0.2388,0.2387,0.2386,0.2396,0.2397,0.2398,0.2399,0.24,0.2401,0.2402,0.2403,0.2404,0.2405,124033.6,113542.5,230609,118852.3,235731.3,198251.1,252129.5,444886.6,151265,197926.7,15337.1,178859.3,193137.7,196884.5,180812.8,190049.3,174059,123829.6,169859.5,106209.7
289,0.2395,0.2394,0.2393,0.2392,0.2391,0.239,0.2389,0.2388,0.2387,0.2386,0.2396,0.2397,0.2398,0.2399,0.24,0.2401,0.2402,0.2403,0.2404,0.2405,119829.1,191169.5,202382.4,202903.4,132806.4,211648.9,236378.8,493355.8,150408.1,200223.6,13698.9,178650,211493.8,192766.6,181089.7,190049.3,174059,128923.7,169442.3,106209.7
290,0.2395,0.2394,0.2393,0.2392,0.2391,0.239,0.2389,0.2388,0.2387,0.2386,0.2396,0.2397,0.2398,0.2399,0.24,0.2401,0.2402,0.2403,0.2404,0.2405,20968.6,81881.2,131717.3,174376.4,171670.8,122351.3,269039.1,232251.4,155442.8,191286,117678.5,191497.1,151953.6,148832.2,130041.5,179090.8,126017.6,99467.3,169447.1,107629.1
291,0.2395,0.2394,0.2393,0.2392,0.2391,0.239,0.2389,0.2388,0.2387,0.2386,0.2396,0.2397,0.2398,0.2399,0.24,0.2401,0.2402,0.2403,0.2404,0.2405,16232.3,113062.9,177209.2,135419.6,232891.5,118681.5,331529.9,140779.6,215847.1,287353.2,103318.1,166987.3,178801.6,132137.1,130602.3,164434.5,131402.9,99884.7,183112.5,110538.1
292,0.2395,0.2394,0.2393,0.2392,0.2391,0.239,0.2389,0.2388,0.2387,0.2386,0.2396,0.2397,0.2398,0.2399,0.24,0.2401,0.2402,0.2403,0.2404,0.2405,9633.1,92189.3,181168.5,142172.1,263868,103333,321278.7,140912.8,217940.9,188789.8,115140.1,143470.5,179419.1,143448.2,141400.3,153487,153986.6,99467.3,160573.9,96146.4
293,0.2395,0.2394,0.2393,0.2392,0.2391,0.239,0.2389,0.2388,0.2387,0.2386,0.2396,0.2397,0.2398,0.2399,0.24,0.2401,0.2402,0.2403,0.2404,0.2405,15270.3,116435.9,155418.7,149087.1,216806.6,133935.8,362312,113377.2,232999.9,206630.2,99841.7,191308.1,138412.5,132163.6,131040.1,194521,130570.2,98038.2,130339.8,96784.5
294,0.2393,0.2392,0.2391,0.239,0.2389,0.2388,0.2387,0.2386,0.2385,0.2384,0.2394,0.2395,0.2396,0.2397,0.2398,0.2399,0.24,0.2401,0.2402,0.2403,14437.9,83557.3,170091,90201.9,310145.6,132342.5,267942,140360.2,141203.2,29938,103721.6,148130.9,161781.7,150021.1,137674.1,127690,129620.4,156537.5,107550.5,98455.6
295,0.2395,0.2394,0.2393,0.2392,0.2391,0.239,0.2389,0.2388,0.2387,0.2386,0.2396,0.2397,0.2398,0.2399,0.24,0.2401,0.2402,0.2403,0.2404,0.2405,15481,79692.5,160836.4,83944.6,289647.4,105014.9,315656.2,144360.9,263150.1,187067.1,90091.8,156204.5,183734.3,125735.2,135755.1,180983.8,107550.5,98504.5,141624.1,218389
296,0.2391,0.239,0.2389,0.2388,0.2387,0.2386,0.2385,0.2384,0.2383,0.2382,0.2392,0.2393,0.2394,0.2395,0.2396,0.2397,0.2398,0.2399,0.24,0.2401,67772,69878,207705.7,90954.1,277377.4,175610.8,145563.4,80960.6,83393,124764.6,13538.3,168194.1,195377.5,189968.2,122414.9,131986.1,85841.9,94772,98242.2,158128.4
297,0.239,0.2389,0.2388,0.2387,0.2386,0.2385,0.2384,0.2383,0.2382,0.2381,0.2391,0.2392,0.2393,0.2394,0.2395,0.2396,0.2397,0.2398,0.2399,0.24,18727.4,112665.4,147411.9,293291.9,178928.5,164117.2,88256.5,356014.5,134296.6,110606.1,11101.5,139905,213921.1,135642.1,173794.6,141240.3,170550.5,93340.7,135859.1,103458.5
298,0.239,0.2389,0.2388,0.2387,0.2386,0.2385,0.2384,0.2383,0.2382,0.2381,0.2391,0.2392,0.2393,0.2394,0.2395,0.2396,0.2397,0.2398,0.2399,0.24,25856.5,175913.6,173584.5,342814.5,161223.8,260092.1,89075.1,230429.6,153466.8,114469.1,482.7,129884.2,182291.4,150837.1,177236.4,137958,170134.6,95854.3,134428,104904.7
299,0.239,0.2389,0.2388,0.2387,0.2386,0.2385,0.2384,0.2383,0.2382,0.2381,0.2391,0.2392,0.2393,0.2394,0.2395,0.2396,0.2397,0.2398,0.2399,0.24,22322.8,195885.6,171359.6,317543.5,165206.2,366326.5,60978.9,223132.6,145105.8,113470.2,282.9,132367.8,215357.9,150828.1,177374,137958,140041.6,127313.9,134428,104816.2
300,0.239,0.2389,0.2388,0.2387,0.2386,0.2385,0.2384,0.2383,0.2382,0.2381,0.2391,0.2392,0.2393,0.2394,0.2395,0.2396,0.2397,0.2398,0.2399,0.24,22431.6,205457.6,133136,279269.4,155755.1,237004.3,86238.4,169798,123633.8,103158.1,837.6,129751,210611.7,150902.6,180819.2,139380.3,136289.8,127313.9,134428,103440.6
301,0.239,0.2389,0.2388,0.2387,0.2386,0.2385,0.2384,0.2383,0.2382,0.2381,0.2391,0.2392,0.2393,0.2394,0.2395,0.2396,0.2397,0.2398,0.2399,0.24,30753.1,106420.6,221423,273404.6,146338,203101.1,90254.8,402065.4,123633.8,104019.3,713.3,130548.4,203299,150738.8,185377,115004.7,137747,95854.3,165564.9,103477.6
302,0.2394,0.2393,0.2392,0.2391,0.239,0.2389,0.2388,0.2387,0.2386,0.2385,0.2395,0.2396,0.2397,0.2398,0.2399,0.24,0.2401,0.2402,0.2403,0.2404,249.4,168225.1,193442.7,221204.7,193281.1,211476.8,108500.3,295820.6,139332.1,149591.9,102600.4,157995.5,186947.3,144106.4,165237.1,133638.7,132486.2,176714.3,247407,114705
303,0.2394,0.2393,0.2392,0.2391,0.239,0.2389,0.2388,0.2387,0.2386,0.2385,0.2395,0.2396,0.2397,0.2398,0.2399,0.24,0.2401,0.2402,0.2403,0.2404,14247,162031.4,199006,235474.4,167477.5,200638.9,110100.3,350399.3,127296.2,150231.7,108125.3,158322.7,155176.2,136210.9,166001.7,133638.7,132486.2,178006.4,247434.5,116125.1
304,0.2392,0.2391,0.239,0.2389,0.2388,0.2387,0.2386,0.2385,0.2384,0.2383,0.2393,0.2394,0.2395,0.2396,0.2397,0.2398,0.2399,0.24,0.2401,0.2402,134587.9,201961.6,179260.9,224715.7,123594.7,356079.5,175164.8,91190.5,119851.5,237902.5,7463.3,139907.3,177165.2,149810.4,144039.8,135200.7,138854.7,92052.7,132486.2,118117.7
305,0.2395,0.2394,0.2393,0.2392,0.2391,0.239,0.2389,0.2388,0.2387,0.2386,0.2396,0.2397,0.2398,0.2399,0.24,0.2401,0.2402,0.2403,0.2404,0.2405,2627.9,140525.5,204133.6,171536.2,208546.4,105088.8,234862.1,111259.9,317026.9,150073.4,103768.8,171446.9,158645.1,170359.9,143097.9,164068.2,129993.1,236023.9,141380,122427.7
306,0.2396,0.2395,0.2394,0.2393,0.2392,0.2391,0.239,0.2389,0.2388,0.2387,0.2397,0.2398,0.2399,0.24,0.2401,0.2402,0.2403,0.2404,0.2405,0.2406,3786.8,175040.6,209095.8,253123.5,166439,227959,125967,216773.7,108722.7,296725.3,82882,185940.8,145192.9,154647.6,188717.3,173316.5,161067.9,118323.6,117619.2,96847.8
307,0.2398,0.2397,0.2396,0.2395,0.2394,0.2393,0.2392,0.2391,0.239,0.2389,0.2399,0.24,0.2401,0.2402,0.2403,0.2404,0.2405,0.2406,0.2407,0.2408,3845,159947.1,177064.4,258866,177497.5,323695.4,187098.7,227760.3,111385.9,136474.5,25822.8,185235.8,140872.1,144155.3,152890.3,90265.4,122441.7,105464.2,203373.3,100540.7
308,0.2399,0.2398,0.2397,0.2396,0.2395,0.2394,0.2393,0.2392,0.2391,0.239,0.24,0.2401,0.2402,0.2403,0.2404,0.2405,0.2406,0.2407,0.2408,0.2409,108110.8,209481.4,201597.8,175214.1,254388.6,157017.1,346714,166283.5,207726.1,46719.6,5609.2,137510.3,224468.5,124882.7,79780.9,137938.5,118122.3,120749.3,114393.3,67980.7
309,0.2399,0.2398,0.2397,0.2396,0.2395,0.2394,0.2393,0.2392,0.2391,0.239,0.24,0.2401,0.2402,0.2403,0.2404,0.2405,0.2406,0.2407,0.2408,0.2409,30571.1,150556.6,179309.5,162662.4,257009.9,184127,339905.3,196642.7,96518.4,203932.9,6687.9,164399.3,198205.6,133466,145316.7,123200.2,124301.3,82119.1,114524.1,147666.7
310,0.2398,0.2397,0.2396,0.2395,0.2394,0.2393,0.2392,0.2391,0.239,0.2389,0.2399,0.24,0.2401,0.2402,0.2403,0.2404,0.2405,0.2406,0.2407,0.2408,125444.4,180983.1,193931,264891.5,192700.7,328240.8,248852.9,130431,195578.9,169666.8,500.9,133174.9,197426.9,140410.7,137929.3,145402.3,136915,92347.4,112993.2,125827.5
311,0.24,0.2399,0.2398,0.2397,0.2396,0.2395,0.2394,0.2393,0.2392,0.2391,0.2401,0.2402,0.2403,0.2404,0.2405,0.2406,0.2407,0.2408,0.2409,0.241,1605.7,147387.4,274651.7,259059.1,105619,247844.5,189004.3,294862.4,311694,102632.7,106806.7,208269,166721.1,142191.4,134557.1,145336.3,111566.1,114524.1,134554.6,188388.3
312,0.24,0.2399,0.2398,0.2397,0.2396,0.2395,0.2394,0.2393,0.2392,0.2391,0.2401,0.2402,0.2403,0.2404,0.2405,0.2406,0.2407,0.2408,0.2409,0.241,6506.2,145724,251050.4,211774.6,138217.5,218527.3,221586.5,231235.6,479068.7,102632.7,106812.3,205337.4,181236.3,134267,133395,145336.3,120861.3,106652.6,133577.9,188388.3
313,0.2399,0.2398,0.2397,0.2396,0.2395,0.2394,0.2393,0.2392,0.2391,0.239,0.24,0.2401,0.2402,0.2403,0.2404,0.2405,0.2406,0.2407,0.2408,0.2409,18013.1,226920.6,242642.1,217652.5,218390.1,211330,194894.2,224633.7,221303.5,142488.5,18318.9,160429.3,208430,160814.3,137386.5,151045.1,94386.3,92052.6,105226,136555
314,0.2398,0.2397,0.2396,0.2395,0.2394,0.2393,0.2392,0.2391,0.239,0.2389,0.2399,0.24,0.2401,0.2402,0.2403,0.2404,0.2405,0.2406,0.2407,0.2408,132502.1,203017.5,238741.1,209826,199712.7,153342.4,210084.8,223710.3,122315.3,184970.7,3288,155867.4,198559.6,173350.5,151275.4,131543.8,151099.3,92347.4,94085.3,111250.3
315,0.2397,0.2396,0.2395,0.2394,0.2393,0.2392,0.2391,0.239,0.2389,0.2388,0.2398,0.2399,0.24,0.2401,0.2402,0.2403,0.2404,0.2405,0.2406,0.2407,26994.5,181078.7,216063.3,208810.1,281211.3,129797.6,223307,156634.9,138067.5,180711.7,15000.9,172432.8,173771.8,163628.6,160210.3,125412.6,156197.6,95158,92347.4,199663.9
