timestamp,bid_price_0,bid_price_1,bid_price_2,bid_price_3,bid_price_4,bid_price_5,bid_price_6,bid_price_7,bid_price_8,bid_price_9,ask_price_0,ask_price_1,ask_price_2,ask_price_3,ask_price_4,ask_price_5,ask_price_6,ask_price_7,ask_price_8,ask_price_9,bid_size_0,bid_size_1,bid_size_2,bid_size_3,bid_size_4,bid_size_5,bid_size_6,bid_size_7,bid_size_8,bid_size_9,ask_size_0,ask_size_1,ask_size_2,ask_size_3,ask_size_4,ask_size_5,ask_size_6,ask_size_7,ask_size_8,ask_size_9
0,0.2412,0.2411,0.241,0.2409,0.2408,0.2407,0.2406,0.2405,0.2404,0.2403,0.2413,0.2414,0.2415,0.2416,0.2417,0.2418,0.2419,0.242,0.2421,0.2422,25422.2,235637.3,300055.7,372969.1,251147.2,416244.8,199439.6,184156.1,97242.1,203854.3,53673.2,211111.9,216935.2,171358.6,171247.7,128666.4,157592.8,208824.4,98337.4,194909.1
1,0.2411,0.241,0.2409,0.2408,0.2407,0.2406,0.2405,0.2404,0.2403,0.2402,0.2412,0.2413,0.2414,0.2415,0.2416,0.2417,0.2418,0.2419,0.242,0.2421,144508,267887.7,268059.5,275783.4,337552.1,251858.5,252594.7,195886.6,202445.2,122054.6,2172.2,152404.1,219719.8,182903.5,168316.9,165825.4,143497.5,124914.1,208824.4,87058.2
2,0.2412,0.2411,0.241,0.2409,0.2408,0.2407,0.2406,0.2405,0.2404,0.2403,0.2413,0.2414,0.2415,0.2416,0.2417,0.2418,0.2419,0.242,0.2421,0.2422,22814.6,238409,302329.4,334932.7,294304.4,306731.8,260107.3,177837,130733.9,203867,49102.5,215037.9,234208.6,176680.6,169075.4,122500.7,146622.2,208824.4,98342.1,196306
3,0.2409,0.2408,0.2407,0.2406,0.2405,0.2404,0.2403,0.2402,0.2401,0.24,0.241,0.2411,0.2412,0.2413,0.2414,0.2415,0.2416,0.2417,0.2418,0.2419,18184.1,159916.5,270651.6,341595,274096.5,321056.1,229862.8,164621.6,128961.6,211370.1,90173.6,226805,243666.5,177821.4,171436.4,175506,163906.8,156654.1,130033.5,124809
4,0.2408,0.2407,0.2406,0.2405,0.2404,0.2403,0.2402,0.2401,0.24,0.2399,0.2409,0.241,0.2411,0.2412,0.2413,0.2414,0.2415,0.2416,0.2417,0.2418,34525.6,302330.4,246627.4,347568.1,277466.1,318196.4,316991.7,177315.9,208356.3,118069.3,60848,205031.7,219039.5,172770.2,192666.5,159455.1,182128.7,140272.9,150465.1,111438.9
5,0.2408,0.2407,0.2406,0.2405,0.2404,0.2403,0.2402,0.2401,0.24,0.2399,0.2409,0.241,0.2411,0.2412,0.2413,0.2414,0.2415,0.2416,0.2417,0.2418,26906.5,283269,243609.1,355941,290839,311922.5,224658.6,138517.5,209787.3,118069.4,27160.9,217943.9,219989.8,172431.4,186133.8,159331.1,182128.7,130337.1,150465.1,132747.8
6,0.2409,0.2408,0.2407,0.2406,0.2405,0.2404,0.2403,0.2402,0.2401,0.24,0.241,0.2411,0.2412,0.2413,0.2414,0.2415,0.2416,0.2417,0.2418,0.2419,6386.4,262098.5,338164.8,231042.5,321375.2,309680.9,308781.1,233929.1,73441.7,218673.5,60882,214467.2,210441.1,188641.7,160636.6,166045.9,152573.1,150465.1,132747.7,174268.9
7,0.2407,0.2406,0.2405,0.2404,0.2403,0.2402,0.2401,0.24,0.2399,0.2398,0.2408,0.2409,0.241,0.2411,0.2412,0.2413,0.2414,0.2415,0.2416,0.2417,17478.9,187035.9,277246.8,341751,294347.7,316168.7,273735.4,252164,110282.6,193146.9,75202.3,198524.3,204736.4,179703.3,171065.9,199674.9,150925.9,160904.5,130337.1,150465.1
8,0.2402,0.2401,0.24,0.2399,0.2398,0.2397,0.2396,0.2395,0.2394,0.2393,0.2403,0.2404,0.2405,0.2406,0.2407,0.2408,0.2409,0.241,0.2411,0.2412,8205.6,266326.1,378299,223064.2,297329.8,380311.9,282225.6,176385.3,116894.5,137117.7,138151.5,214780.1,210241.9,181924.6,145585.3,171073.8,142593.6,154696.9,212924.5,135103.4
9,0.2401,0.24,0.2399,0.2398,0.2397,0.2396,0.2395,0.2394,0.2393,0.2392,0.2402,0.2403,0.2404,0.2405,0.2406,0.2407,0.2408,0.2409,0.241,0.2411,8400.7,342903.2,259186.4,349985.6,327432.2,254228.2,219702.8,149000.2,127432.7,110575.3,97881.7,192628,197787.4,187307.3,169239,141865.6,192164.4,138456.8,154396.9,177733.7
10,0.24,0.2399,0.2398,0.2397,0.2396,0.2395,0.2394,0.2393,0.2392,0.2391,0.2401,0.2402,0.2403,0.2404,0.2405,0.2406,0.2407,0.2408,0.2409,0.241,105619.1,194938.9,362665.8,404591.5,292015.2,261343.8,200752.2,101465.5,101841.4,235387.7,44400.7,210652.8,187300.9,170738.7,185049.7,187608.5,159248.4,170012.1,138351.7,165765.7
11,0.2402,0.2401,0.24,0.2399,0.2398,0.2397,0.2396,0.2395,0.2394,0.2393,0.2403,0.2404,0.2405,0.2406,0.2407,0.2408,0.2409,0.241,0.2411,0.2412,23296.9,225631.2,249099.3,292491.6,274404.5,403093.1,351068.1,359323.3,222372.2,83131,71000.4,223624.1,180265.9,186218.9,138274.5,171154,162192.1,158143.6,212089.8,149919.7
12,0.2401,0.24,0.2399,0.2398,0.2397,0.2396,0.2395,0.2394,0.2393,0.2392,0.2402,0.2403,0.2404,0.2405,0.2406,0.2407,0.2408,0.2409,0.241,0.2411,17164.3,238449.5,265990.1,332875.9,424227,328275,263591.9,251063.5,58955.1,116001.2,150367.1,229209.7,209826.2,162312.6,186217.9,136197.8,190711.4,138330.9,156705.7,212069
13,0.2399,0.2398,0.2397,0.2396,0.2395,0.2394,0.2393,0.2392,0.2391,0.239,0.24,0.2401,0.2402,0.2403,0.2404,0.2405,0.2406,0.2407,0.2408,0.2409,95803.5,312236.4,408682.9,372276.7,320477.1,320326.5,201525.6,139812.8,235366.7,187145.6,3854.1,225804.8,229711.7,173120.5,153964.4,180475.7,200338.9,136197.8,138623.1,150612.1
14,0.2404,0.2403,0.2402,0.2401,0.24,0.2399,0.2398,0.2397,0.2396,0.2395,0.2405,0.2406,0.2407,0.2408,0.2409,0.241,0.2411,0.2412,0.2413,0.2414,29087.4,214513.2,248280.2,331655.6,266907.5,422215.8,399730,303137.8,335454.5,101128.4,59688.3,208846.7,168116.8,144095.4,138206.9,150116.7,204513.3,148779.3,114596,162879.2
15,0.2403,0.2402,0.2401,0.24,0.2399,0.2398,0.2397,0.2396,0.2395,0.2394,0.2404,0.2405,0.2406,0.2407,0.2408,0.2409,0.241,0.2411,0.2412,0.2413,121280.9,268600.6,299510.3,294658.9,373034.1,405277.3,376873.7,266250.7,127274.2,152530.7,264.5,134900.7,184834.1,159340.4,149593.7,138506.9,166941.4,164749.8,147362.7,124494.5
16,0.2403,0.2402,0.2401,0.24,0.2399,0.2398,0.2397,0.2396,0.2395,0.2394,0.2404,0.2405,0.2406,0.2407,0.2408,0.2409,0.241,0.2411,0.2412,0.2413,26409.4,226790.4,284745.7,311773.5,364079.7,355408.1,378628.2,286385.6,147882.9,152530.7,22201.5,199906.8,182042.1,159771.6,158437.3,159681.2,146110.5,164749.8,147362.7,124905.8
17,0.2408,0.2407,0.2406,0.2405,0.2404,0.2403,0.2402,0.2401,0.24,0.2399,0.2409,0.241,0.2411,0.2412,0.2413,0.2414,0.2415,0.2416,0.2417,0.2418,118191.7,231665.2,296008.1,328457.7,342906.3,356306.1,211649.5,413418.5,123317.6,144218.3,19379,175451.3,181115.2,98872.9,139091.1,108715,127753.4,126229.9,184232,131963.2
18,0.2407,0.2406,0.2405,0.2404,0.2403,0.2402,0.2401,0.24,0.2399,0.2398,0.2408,0.2409,0.241,0.2411,0.2412,0.2413,0.2414,0.2415,0.2416,0.2417,100796.4,270717.2,278892.8,344951.1,311920.5,309198.3,360399.6,185635.2,145393.7,288128.7,8396.8,162909.6,177107.5,161478.8,77896.4,127450.6,187500.6,104505.1,113101.7,194155.4
19,0.2407,0.2406,0.2405,0.2404,0.2403,0.2402,0.2401,0.24,0.2399,0.2398,0.2408,0.2409,0.241,0.2411,0.2412,0.2413,0.2414,0.2415,0.2416,0.2417,139032.1,251953.9,268020.6,355069,338200.1,398267.5,374346.1,125701.9,133979.2,233089.5,27784.4,186840.9,183409.3,179127.7,146312.6,127301.6,188311.3,106617.7,124362.8,104021.8
20,0.2413,0.2412,0.2411,0.241,0.2409,0.2408,0.2407,0.2406,0.2405,0.2404,0.2414,0.2415,0.2416,0.2417,0.2418,0.2419,0.242,0.2421,0.2422,0.2423,19522.1,228920.9,295229.7,352863.2,430129.4,269145.4,379138.7,309614.4,204700,214925.5,27165.4,138732.7,131322.8,124786.7,123224.6,185777.8,165912.3,181877.1,151916,109549.2
21,0.2416,0.2415,0.2414,0.2413,0.2412,0.2411,0.241,0.2409,0.2408,0.2407,0.2417,0.2418,0.2419,0.242,0.2421,0.2422,0.2423,0.2424,0.2425,0.2426,61676.8,248841.9,270209.4,394748.5,268543.1,487223.1,310718.6,370085.4,178957,250249.4,27908.1,150829.4,123400.4,143675.5,118350.5,149155,169497,137799.4,134680.8,115090.4
22,0.2418,0.2417,0.2416,0.2415,0.2414,0.2413,0.2412,0.2411,0.241,0.2409,0.2419,0.242,0.2421,0.2422,0.2423,0.2424,0.2425,0.2426,0.2427,0.2428,441586.9,232318.6,243773,298908.2,243621.5,498601.8,303710.1,360144.7,333863.6,260846,85631.3,128860.2,123820.9,135685.6,122898.8,159961.9,129343.9,135328.7,147938.1,209283
23,0.2418,0.2417,0.2416,0.2415,0.2414,0.2413,0.2412,0.2411,0.241,0.2409,0.2419,0.242,0.2421,0.2422,0.2423,0.2424,0.2425,0.2426,0.2427,0.2428,4081.8,201253.6,226940.5,285005.9,260570.6,460697.3,272129.9,397969.1,378433.6,81340,112709.7,142478.2,166927.1,128472.5,130869.1,140305.9,169872.2,134368.7,211394.6,156980.9
24,0.2423,0.2422,0.2421,0.242,0.2419,0.2418,0.2417,0.2416,0.2415,0.2414,0.2424,0.2425,0.2426,0.2427,0.2428,0.2429,0.243,0.2431,0.2432,0.2433,9919.6,204189.7,437067.7,682871.2,438794.1,264606.7,344436.3,182165.2,185309.4,120367.2,107980.4,162346.7,168480.1,137541.2,202803.9,130899.5,129682.2,140474.5,133095.9,152062.1
25,0.2425,0.2424,0.2423,0.2422,0.2421,0.242,0.2419,0.2418,0.2417,0.2416,0.2426,0.2427,0.2428,0.2429,0.243,0.2431,0.2432,0.2433,0.2434,0.2435,86299.8,207918.3,258162.4,249534.5,548663.4,720301.8,434537.5,151799.2,310893.5,221460.9,24059.3,149137,202364.8,133910.8,114585.8,141627.1,154555.7,132045.5,190137.1,151319.7
26,0.2424,0.2423,0.2422,0.2421,0.242,0.2419,0.2418,0.2417,0.2416,0.2415,0.2425,0.2426,0.2427,0.2428,0.2429,0.243,0.2431,0.2432,0.2433,0.2434,64338,257817.3,280228.4,576017.4,716276,477319.6,205753.8,211457.7,156289.9,110559.8,26127.7,134690.1,151972.2,145447.6,156050.2,163605.2,166771.4,134903.2,130672.9,122276.3
27,0.2423,0.2422,0.2421,0.242,0.2419,0.2418,0.2417,0.2416,0.2415,0.2414,0.2424,0.2425,0.2426,0.2427,0.2428,0.2429,0.243,0.2431,0.2432,0.2433,4003.9,192334.4,362569.1,845025.6,314575,353281.5,328665.8,268163.1,157759.6,234719.4,93152.9,200224.7,133098.7,192577.3,160152.7,175326.5,212109.1,148897.4,112989.3,133155.6
28,0.2423,0.2422,0.2421,0.242,0.2419,0.2418,0.2417,0.2416,0.2415,0.2414,0.2424,0.2425,0.2426,0.2427,0.2428,0.2429,0.243,0.2431,0.2432,0.2433,31759.3,211660.2,451455.5,748127.9,352845.5,335811.8,372170.8,250685.4,33356.7,226171.1,52017.2,223753.1,129795.9,197005.1,158533.2,194184.5,192523,149302,113003.2,149632.9
29,0.2422,0.2421,0.242,0.2419,0.2418,0.2417,0.2416,0.2415,0.2414,0.2413,0.2423,0.2424,0.2425,0.2426,0.2427,0.2428,0.2429,0.243,0.2431,0.2432,121844.5,410832.2,784120.4,368978.4,293646.1,294340.4,340977.6,131577.4,235854.9,93841.8,22528.8,110802.7,181998.1,126833,179716.7,153069.4,195939.4,191506,149301.1,101765.9
30,0.2422,0.2421,0.242,0.2419,0.2418,0.2417,0.2416,0.2415,0.2414,0.2413,0.2423,0.2424,0.2425,0.2426,0.2427,0.2428,0.2429,0.243,0.2431,0.2432,153250.2,264022.2,242113,348708.3,281929.2,388949.4,287487.4,205540.6,224791.2,95245.2,9489.7,113417.7,196678.7,114555.1,192834.9,150457,195939.4,200761.3,160362.3,122910.3
31,0.2422,0.2421,0.242,0.2419,0.2418,0.2417,0.2416,0.2415,0.2414,0.2413,0.2423,0.2424,0.2425,0.2426,0.2427,0.2428,0.2429,0.243,0.2431,0.2432,134866,231652.2,273734.5,377270.1,446276.5,327947.4,288537,74161.3,240483.4,96669,139214.1,118459.6,184595.5,112951.6,200399,151932.5,193821.9,191506,169614.1,122951.6
32,0.2421,0.242,0.2419,0.2418,0.2417,0.2416,0.2415,0.2414,0.2413,0.2412,0.2422,0.2423,0.2424,0.2425,0.2426,0.2427,0.2428,0.2429,0.243,0.2431,166984.9,279352.5,323304.3,395647.1,309374.5,339833.3,213226.7,286100.3,96689.8,186105.5,30374.6,153907.4,114794.7,178607.2,110925.8,192347.3,174730.5,171532,191526.6,159979.2
33,0.242,0.2419,0.2418,0.2417,0.2416,0.2415,0.2414,0.2413,0.2412,0.2411,0.2421,0.2422,0.2423,0.2424,0.2425,0.2426,0.2427,0.2428,0.2429,0.243,157585.9,234371.9,377389.6,348226.1,343673.8,209333.5,188671,312316.9,307771.2,227155.5,24824.6,114932.1,351719.2,112666,198089.6,90981.2,202192.3,148174.2,171532.1,193716.6
34,0.242,0.2419,0.2418,0.2417,0.2416,0.2415,0.2414,0.2413,0.2412,0.2411,0.2421,0.2422,0.2423,0.2424,0.2425,0.2426,0.2427,0.2428,0.2429,0.243,87693.3,226264,300092.9,359640.2,315865.6,323940.6,213441.1,327282.8,275419.3,223492.2,166354,138544.5,209234,100245.8,190708.9,88364.9,202192.3,148579.3,183788.2,193716.6
35,0.242,0.2419,0.2418,0.2417,0.2416,0.2415,0.2414,0.2413,0.2412,0.2411,0.2421,0.2422,0.2423,0.2424,0.2425,0.2426,0.2427,0.2428,0.2429,0.243,105206.4,307909.4,371479.8,484374.4,318251.3,348065,226454.2,500095.7,189049.2,223492.2,25463.3,118522.7,209928.3,100358.2,194179.3,88364.9,202192.3,148579.3,185677.9,193716.6
36,0.242,0.2419,0.2418,0.2417,0.2416,0.2415,0.2414,0.2413,0.2412,0.2411,0.2421,0.2422,0.2423,0.2424,0.2425,0.2426,0.2427,0.2428,0.2429,0.243,17303.8,268578.8,365884.9,457094,325248,351786.5,328162.6,448882.1,242432.4,223492.2,32728.9,184678.4,209934.8,165629,191158.4,151968.6,202924.5,157436.5,172947.2,209468.1
37,0.2417,0.2416,0.2415,0.2414,0.2413,0.2412,0.2411,0.241,0.2409,0.2408,0.2418,0.2419,0.242,0.2421,0.2422,0.2423,0.2424,0.2425,0.2426,0.2427,88641.2,222409,304116.1,454102,333393.2,363547.7,327909.8,286869.9,141368.6,62649.6,31318.6,183930.8,189349.7,224469.3,189361.3,170102.6,163658.7,168621.6,183066.1,182474.6
38,0.2415,0.2414,0.2413,0.2412,0.2411,0.241,0.2409,0.2408,0.2407,0.2406,0.2416,0.2417,0.2418,0.2419,0.242,0.2421,0.2422,0.2423,0.2424,0.2425,70200.1,199897.4,375351.5,351209.6,364218.2,331752.8,203089.6,263895.5,199102.7,242688.1,29360.2,192738.5,171294.6,167488.8,185351.3,185040.9,187718.1,196823.3,150389.7,181974.5
39,0.2414,0.2413,0.2412,0.2411,0.241,0.2409,0.2408,0.2407,0.2406,0.2405,0.2415,0.2416,0.2417,0.2418,0.2419,0.242,0.2421,0.2422,0.2423,0.2424,147608.1,342465,311820.3,364899.2,286114.5,271515.1,248049.4,229973.4,264468.1,256469.4,14719.3,103162.4,181938.8,166776.8,167471.2,169275.5,206237.6,172645.9,194805.2,141518.7
40,0.2412,0.2411,0.241,0.2409,0.2408,0.2407,0.2406,0.2405,0.2404,0.2403,0.2413,0.2414,0.2415,0.2416,0.2417,0.2418,0.2419,0.242,0.2421,0.2422,129870.1,201823.6,230970.6,365657.8,388759.5,314085.2,269155.1,328284.9,260827.1,141347.2,30021.4,186622.4,206666.8,152483.7,171498.5,179412.8,172775.2,178126,191668.9,174408.5
41,0.2406,0.2405,0.2404,0.2403,0.2402,0.2401,0.24,0.2399,0.2398,0.2397,0.2407,0.2408,0.2409,0.241,0.2411,0.2412,0.2413,0.2414,0.2415,0.2416,32481.2,227673.6,258941,368177.8,353917.6,273789.3,337666.2,282075.9,151726.1,167218,63607.1,187692.1,177214.9,167129.4,174566.1,144419.3,169221.1,119181.5,169111.3,172903.5
42,0.2404,0.2403,0.2402,0.2401,0.24,0.2399,0.2398,0.2397,0.2396,0.2395,0.2405,0.2406,0.2407,0.2408,0.2409,0.241,0.2411,0.2412,0.2413,0.2414,53276.2,185691,283469.9,330296.9,248774.3,343136.4,216520.5,328827.1,77299.4,108797.8,46162.9,217781.7,186005.1,177123.6,191016.1,153285.9,180647,136539.8,154832.4,177113.5
43,0.2404,0.2403,0.2402,0.2401,0.24,0.2399,0.2398,0.2397,0.2396,0.2395,0.2405,0.2406,0.2407,0.2408,0.2409,0.241,0.2411,0.2412,0.2413,0.2414,82606,246127.6,263304.2,404781.1,329306.2,376377.7,351376.7,341689.2,258878.3,115040.7,17574.6,194821.9,213925.9,154436.7,167149.6,137569.7,212944.8,133516.3,159643.8,204750.5
44,0.2406,0.2405,0.2404,0.2403,0.2402,0.2401,0.24,0.2399,0.2398,0.2397,0.2407,0.2408,0.2409,0.241,0.2411,0.2412,0.2413,0.2414,0.2415,0.2416,89025.3,222766.1,303311.9,411074.4,263219.8,479628.6,372651.2,296882.5,355766,236420.2,79092.3,226330.1,218242.3,136548.4,194772.5,131177.8,183653.9,193387.4,199415.3,147817.9
45,0.2405,0.2404,0.2403,0.2402,0.2401,0.24,0.2399,0.2398,0.2397,0.2396,0.2406,0.2407,0.2408,0.2409,0.241,0.2411,0.2412,0.2413,0.2414,0.2415,100986.1,293996.4,331489.1,264367.3,387957,358217.3,375885,279195.1,292784.5,53230,37014.3,218013.6,185939.4,193251.1,143028.9,154536.4,154625.5,159643.8,225315,197850
46,0.2402,0.2401,0.24,0.2399,0.2398,0.2397,0.2396,0.2395,0.2394,0.2393,0.2403,0.2404,0.2405,0.2406,0.2407,0.2408,0.2409,0.241,0.2411,0.2412,128981.1,237763.6,384985.7,269957.8,410231.1,435594.5,205070.2,484738.4,216954.5,115946.2,17796.8,224001.6,234027.4,168822.3,215539,141635.3,213235.6,134807.8,183997.8,133274.5
47,0.2404,0.2403,0.2402,0.2401,0.24,0.2399,0.2398,0.2397,0.2396,0.2395,0.2405,0.2406,0.2407,0.2408,0.2409,0.241,0.2411,0.2412,0.2413,0.2414,119178.7,235222.7,291894.7,258732.5,424455.5,269776.7,359155.8,274381.3,245486,184625.6,20878.3,232518.3,217198.6,150903.5,173030.3,133394.1,205973.3,133217.8,130803.4,205996.9
48,0.2405,0.2404,0.2403,0.2402,0.2401,0.24,0.2399,0.2398,0.2397,0.2396,0.2406,0.2407,0.2408,0.2409,0.241,0.2411,0.2412,0.2413,0.2414,0.2415,16795.7,211799,269783.1,288820.2,272867.4,462876,295094.9,218254.9,464450.2,130135.6,64964.5,233897.8,223212.7,174901,143567.5,183997.8,181123.2,130803.4,204577.4,216691.3
49,0.2403,0.2402,0.2401,0.24,0.2399,0.2398,0.2397,0.2396,0.2395,0.2394,0.2404,0.2405,0.2406,0.2407,0.2408,0.2409,0.241,0.2411,0.2412,0.2413,137659.2,229833.1,323079.7,442646.1,314213.9,439589.4,247232.5,255960.4,144856.6,247341.5,23503.7,229022.2,196133.5,177582.6,173983.5,166835.5,157073.6,183997.8,172730.4,129380.3
50,0.2403,0.2402,0.2401,0.24,0.2399,0.2398,0.2397,0.2396,0.2395,0.2394,0.2404,0.2405,0.2406,0.2407,0.2408,0.2409,0.241,0.2411,0.2412,0.2413,125018.4,299645.3,434353.8,288413.5,397735.8,387033.5,413316.2,390694.4,183565.9,238221.3,15106.1,213504.2,199650.6,179631.2,209751.4,162458.6,153480.6,152063.6,250946.9,180597.4
51,0.2402,0.2401,0.24,0.2399,0.2398,0.2397,0.2396,0.2395,0.2394,0.2393,0.2403,0.2404,0.2405,0.2406,0.2407,0.2408,0.2409,0.241,0.2411,0.2412,163003.6,272162.8,340106,376344.1,364229.7,294535.4,230391.7,241908.2,130129.3,117488.3,22902.8,236749.6,213264.4,181952.6,161659.2,137013.7,185874.3,133394.1,195360.4,207914.8
52,0.2403,0.2402,0.2401,0.24,0.2399,0.2398,0.2397,0.2396,0.2395,0.2394,0.2404,0.2405,0.2406,0.2407,0.2408,0.2409,0.241,0.2411,0.2412,0.2413,122974.2,277843.6,298295,341547.8,435681.2,430638.2,240878.9,387164,208902.6,77164.8,16115.9,200955.6,219482.3,206377.7,156772.8,162458.6,184228.6,184075.8,219245.7,210833.1
53,0.2402,0.2401,0.24,0.2399,0.2398,0.2397,0.2396,0.2395,0.2394,0.2393,0.2403,0.2404,0.2405,0.2406,0.2407,0.2408,0.2409,0.241,0.2411,0.2412,73407.5,201645.6,249176.4,331084.2,289484.4,217524.5,256783.7,253706.7,323257.1,196829.4,37525,183569.3,218239.1,164656.9,166133.4,137036.4,185844.2,163629.9,184075.8,220706.3
54,0.2402,0.2401,0.24,0.2399,0.2398,0.2397,0.2396,0.2395,0.2394,0.2393,0.2403,0.2404,0.2405,0.2406,0.2407,0.2408,0.2409,0.241,0.2411,0.2412,103462.5,203363.5,302983.9,352082.4,356652.9,437649.2,180407.5,285472.5,395027.7,119555.9,45296.8,219425.2,206019.7,180789.9,168668.6,165277.6,186410.7,99388.6,143705.3,197593.9
55,0.2401,0.24,0.2399,0.2398,0.2397,0.2396,0.2395,0.2394,0.2393,0.2392,0.2402,0.2403,0.2404,0.2405,0.2406,0.2407,0.2408,0.2409,0.241,0.2411,113191.8,258040.8,227822.8,337229.1,377861.8,415492.5,306996.8,264469.3,240802.6,127902.1,15439.6,218509.7,223888.7,173190.4,179191.3,178724.9,165302.7,162458.6,166126.1,158768.7
56,0.24,0.2399,0.2398,0.2397,0.2396,0.2395,0.2394,0.2393,0.2392,0.2391,0.2401,0.2402,0.2403,0.2404,0.2405,0.2406,0.2407,0.2408,0.2409,0.241,67612.8,243674.6,309614.3,371398.4,366577.5,382269.2,212919.1,99835,374038.3,206890,22951.4,217383.9,187985.2,189530.3,191745.6,140764.3,172891.9,165302.7,162458.6,167550.9
57,0.2398,0.2397,0.2396,0.2395,0.2394,0.2393,0.2392,0.2391,0.239,0.2389,0.2399,0.24,0.2401,0.2402,0.2403,0.2404,0.2405,0.2406,0.2407,0.2408,99284.6,238132.1,314824.9,330149.7,383354.5,219021.6,375791.8,221113.2,317692.8,116104.4,20622.9,223488.5,202085.3,218772.3,138844,186497.2,199610.3,138719.9,85994.7,126822.5
58,0.2399,0.2398,0.2397,0.2396,0.2395,0.2394,0.2393,0.2392,0.2391,0.239,0.24,0.2401,0.2402,0.2403,0.2404,0.2405,0.2406,0.2407,0.2408,0.2409,162693.5,270693.4,291804.3,458048.6,340202.6,367641,206172.9,295700.8,411821.8,49939.1,8517,196492.7,214084.7,205982.6,173452.7,201082.3,161686.9,85994.7,116871.1,197208
59,0.239,0.2389,0.2388,0.2387,0.2386,0.2385,0.2384,0.2383,0.2382,0.2381,0.2391,0.2392,0.2393,0.2394,0.2395,0.2396,0.2397,0.2398,0.2399,0.24,61347.1,273736.5,306369.4,307206.7,246437.6,266454.1,263716.4,403117.3,135582.9,68687.1,100577.9,245533.6,220167.2,214392.1,187422.7,193133.5,182815.1,125991.3,138059.7,121565.5
60,0.239,0.2389,0.2388,0.2387,0.2386,0.2385,0.2384,0.2383,0.2382,0.2381,0.2391,0.2392,0.2393,0.2394,0.2395,0.2396,0.2397,0.2398,0.2399,0.24,57250.3,240756.8,287956.3,225746.6,169366,346483.2,343796.3,367313.2,58365.2,57483.7,17563.9,249727.9,243366.3,218627,217561.3,200186.9,107605.4,115177.8,195215.8,183438.6
61,0.2392,0.2391,0.239,0.2389,0.2388,0.2387,0.2386,0.2385,0.2384,0.2383,0.2393,0.2394,0.2395,0.2396,0.2397,0.2398,0.2399,0.24,0.2401,0.2402,14936.5,221888,268537.4,291598.6,327846.2,251167.7,218826.7,278058.4,449191.1,160758.2,110454.2,202096.1,226258.5,210420.7,146048.2,180164.8,135169.9,183856.5,154615.2,191887.3
62,0.2386,0.2385,0.2384,0.2383,0.2382,0.2381,0.238,0.2379,0.2378,0.2377,0.2387,0.2388,0.2389,0.239,0.2391,0.2392,0.2393,0.2394,0.2395,0.2396,67719.5,193872.2,269686,256387.4,260454.6,224999.8,279690.8,201593,443241.3,57905.9,21734.7,206297.6,205784.3,213506.6,192927.9,236533.6,252481.5,148737.3,164825.7,176384.8
63,0.2386,0.2385,0.2384,0.2383,0.2382,0.2381,0.238,0.2379,0.2378,0.2377,0.2387,0.2388,0.2389,0.239,0.2391,0.2392,0.2393,0.2394,0.2395,0.2396,10423,130990.9,257808.3,268299.4,265824.1,196825.1,282188.9,133031.4,337515.6,59349.5,148516.2,228305.8,173421,194618.1,197817,289208.6,225173.4,143602.1,176227.9,176376.2
64,0.2385,0.2384,0.2383,0.2382,0.2381,0.238,0.2379,0.2378,0.2377,0.2376,0.2386,0.2387,0.2388,0.2389,0.239,0.2391,0.2392,0.2393,0.2394,0.2395,20280,234142.3,177903.9,276219.6,171206.6,314171.8,240375.5,297332.7,382455.2,299371.9,121845.5,222994.3,223448.4,158986,187405,214143.1,208434,170904.1,155475,166251.3
65,0.2381,0.238,0.2379,0.2378,0.2377,0.2376,0.2375,0.2374,0.2373,0.2372,0.2382,0.2383,0.2384,0.2385,0.2386,0.2387,0.2388,0.2389,0.239,0.2391,20183.6,268476.4,272304.6,325186.3,453796.1,300089.4,353620.7,483177.4,152696.4,120727.4,18859.9,183068.9,239045,245447,218524.3,181956.1,173385.3,110229.9,35205.6,124738.3
66,0.2381,0.238,0.2379,0.2378,0.2377,0.2376,0.2375,0.2374,0.2373,0.2372,0.2382,0.2383,0.2384,0.2385,0.2386,0.2387,0.2388,0.2389,0.239,0.2391,59264.2,153979.6,327603.7,272105.7,456579.1,343093.6,330759.8,341931.5,312750.6,140740.9,175743.1,217073.1,266572.8,222292.1,246948.4,217439.9,137477.5,106294.3,99250.1,126039.8
67,0.2382,0.2381,0.238,0.2379,0.2378,0.2377,0.2376,0.2375,0.2374,0.2373,0.2383,0.2384,0.2385,0.2386,0.2387,0.2388,0.2389,0.239,0.2391,0.2392,56510.9,165792.5,300903.7,344390.3,237399.9,404482.6,375712.4,342301.1,229518.2,216442.7,24488.2,258535.4,248674.1,249606.4,210274.3,166087.5,106169.3,107655.2,209004.9,145781.8
68,0.2387,0.2386,0.2385,0.2384,0.2383,0.2382,0.2381,0.238,0.2379,0.2378,0.2388,0.2389,0.239,0.2391,0.2392,0.2393,0.2394,0.2395,0.2396,0.2397,67747.2,209052.8,320409.2,279764,428759.9,173855.6,446573.1,147504.3,592194.3,203613.3,128726.4,224631.9,182823.5,173222.9,190193.9,205682.1,147392.6,73429.5,118976.6,143251.6
69,0.2385,0.2384,0.2383,0.2382,0.2381,0.238,0.2379,0.2378,0.2377,0.2376,0.2386,0.2387,0.2388,0.2389,0.239,0.2391,0.2392,0.2393,0.2394,0.2395,36996.9,255245.7,348755.1,303379.9,517884.8,156812.1,434618.7,468665.4,160812.5,249007.7,25367.8,187544.4,214800.3,208028.7,181946.1,193606.5,191387.9,142297.8,156315.2,140082.5
70,0.2385,0.2384,0.2383,0.2382,0.2381,0.238,0.2379,0.2378,0.2377,0.2376,0.2386,0.2387,0.2388,0.2389,0.239,0.2391,0.2392,0.2393,0.2394,0.2395,20169.5,249460.8,354787.5,313181.7,496445.1,214768.7,373128.3,254583.4,425145.1,247582.4,159856.1,227014.8,232435,226188.7,213842,170777.8,154364.7,112173.3,155062.7,73010.7
71,0.2386,0.2385,0.2384,0.2383,0.2382,0.2381,0.238,0.2379,0.2378,0.2377,0.2387,0.2388,0.2389,0.239,0.2391,0.2392,0.2393,0.2394,0.2395,0.2396,44086,212045,304857.5,449730,332458.6,404912.5,254132,306372.1,529953.9,152022.3,145026.4,256021.3,206191.7,194181.2,181018.7,192739.4,142319.5,143190,140501.3,131297.7
72,0.2387,0.2386,0.2385,0.2384,0.2383,0.2382,0.2381,0.238,0.2379,0.2378,0.2388,0.2389,0.239,0.2391,0.2392,0.2393,0.2394,0.2395,0.2396,0.2397,29827,237382,378401.1,329304.2,353753.1,344741.4,377565,273390.9,308983.5,268977.5,99328.1,213794.8,197834,188334.2,184350.5,193907.9,165679.7,146153.7,185428.1,143247.3
73,0.2385,0.2384,0.2383,0.2382,0.2381,0.238,0.2379,0.2378,0.2377,0.2376,0.2386,0.2387,0.2388,0.2389,0.239,0.2391,0.2392,0.2393,0.2394,0.2395,26735,239404.9,392273.9,453899.7,348187,253993.2,289585.4,330548.4,151264.4,317882.8,61930.6,204796.6,237503.1,217438.5,217935,209855.3,141295,142738.7,112954.2,115499.1
74,0.2385,0.2384,0.2383,0.2382,0.2381,0.238,0.2379,0.2378,0.2377,0.2376,0.2386,0.2387,0.2388,0.2389,0.239,0.2391,0.2392,0.2393,0.2394,0.2395,157062.6,282249.8,396369.5,413542.3,463950,260277.6,346744.4,334897.9,179354.4,249138.7,17325.1,200334,205017,198397.6,220482.8,221573.1,101325,144879,112954.2,116924.6
75,0.2384,0.2383,0.2382,0.2381,0.238,0.2379,0.2378,0.2377,0.2376,0.2375,0.2385,0.2386,0.2387,0.2388,0.2389,0.239,0.2391,0.2392,0.2393,0.2394,2678.5,216495.6,286844.6,460846.4,327584.5,277199.9,252761.9,210273.6,350712,267925.8,138623,239063.6,212480.9,190703.1,193264.3,265763.4,178156,101744.2,54457.6,114347.8
76,0.2382,0.2381,0.238,0.2379,0.2378,0.2377,0.2376,0.2375,0.2374,0.2373,0.2383,0.2384,0.2385,0.2386,0.2387,0.2388,0.2389,0.239,0.2391,0.2392,36956,242826.6,356239.9,279265.1,337099.4,403953.6,319624.3,587423.7,254615.5,263856.3,36014.7,254607,232665,233323.4,189908.4,183622.8,157198.3,212850.1,190800.8,184978.7
77,0.2382,0.2381,0.238,0.2379,0.2378,0.2377,0.2376,0.2375,0.2374,0.2373,0.2383,0.2384,0.2385,0.2386,0.2387,0.2388,0.2389,0.239,0.2391,0.2392,31566.7,245815.7,301494.7,396292.7,349781.7,404625.1,332074.8,507397.7,274976.7,205720.9,19492.3,246476.9,231484.6,227049.9,190313.9,150833,161122.7,211390.5,189289.1,184978.7
78,0.2384,0.2383,0.2382,0.2381,0.238,0.2379,0.2378,0.2377,0.2376,0.2375,0.2385,0.2386,0.2387,0.2388,0.2389,0.239,0.2391,0.2392,0.2393,0.2394,47229.6,257049.6,303686.7,456905.3,316680.8,434998,236433.1,563680.9,191995.6,174929.9,63051.8,229411.3,216406.5,204539.9,188096.1,221567.1,188557.1,105480.1,123337.9,157012.8
79,0.2387,0.2386,0.2385,0.2384,0.2383,0.2382,0.2381,0.238,0.2379,0.2378,0.2388,0.2389,0.239,0.2391,0.2392,0.2393,0.2394,0.2395,0.2396,0.2397,37593.2,231099.7,324527.5,320017.2,473638.5,336169.1,418101.8,200466.8,483469.6,103909.6,99614.4,193417.3,244794,208328.8,159492.5,184131.6,35873.5,114513.9,145008.1,131483.3
80,0.2387,0.2386,0.2385,0.2384,0.2383,0.2382,0.2381,0.238,0.2379,0.2378,0.2388,0.2389,0.239,0.2391,0.2392,0.2393,0.2394,0.2395,0.2396,0.2397,17188.4,252164.8,291288.8,327359.5,411039.5,312571.2,387943.3,409553,288880.7,143254.1,119254.8,237351.2,216724.4,198379.2,185512.2,185493.7,60306.4,113072.2,145426.6,147143.2
81,0.2383,0.2382,0.2381,0.238,0.2379,0.2378,0.2377,0.2376,0.2375,0.2374,0.2384,0.2385,0.2386,0.2387,0.2388,0.2389,0.239,0.2391,0.2392,0.2393,13602.6,230947.5,344174.8,327751.6,379114.4,336159.6,315240.4,392542.8,241620.4,300817.3,130916.6,225618.4,263600.8,243938.4,171010,170446.6,1075896.2,175101.4,136904,137265.7
82,0.2385,0.2384,0.2383,0.2382,0.2381,0.238,0.2379,0.2378,0.2377,0.2376,0.2386,0.2387,0.2388,0.2389,0.239,0.2391,0.2392,0.2393,0.2394,0.2395,37767.8,251866.4,333044.9,375361.9,330757.5,381427.8,313432.4,405706.3,376819.9,272316.2,45032,208224.8,232350.7,243523.4,1075494.8,178432.3,160212.7,70137.6,205657.8,132728.4
83,0.2383,0.2382,0.2381,0.238,0.2379,0.2378,0.2377,0.2376,0.2375,0.2374,0.2384,0.2385,0.2386,0.2387,0.2388,0.2389,0.239,0.2391,0.2392,0.2393,48355.7,257136.1,362178.7,385495.4,386523,313079.5,294531.8,630438.3,106625.5,300873.3,11149.8,222400.9,250027.9,235437.1,185580.9,154572.8,1094487.8,176561,146503,70901.3
84,0.2386,0.2385,0.2384,0.2383,0.2382,0.2381,0.238,0.2379,0.2378,0.2377,0.2387,0.2388,0.2389,0.239,0.2391,0.2392,0.2393,0.2394,0.2395,0.2396,151441.6,236966.9,299527.5,443910.8,291591.6,490228.5,259791.8,653526.3,173571.6,284316.2,23848.8,130129.2,267001.9,1067706.8,169368.5,143946.9,134848.1,183320.8,95952.8,106268.5
85,0.2386,0.2385,0.2384,0.2383,0.2382,0.2381,0.238,0.2379,0.2378,0.2377,0.2387,0.2388,0.2389,0.239,0.2391,0.2392,0.2393,0.2394,0.2395,0.2396,21705.6,263227.3,265113.4,406948,283585.3,499066.1,313157.3,385154.1,458838.1,305451.6,30610.2,181961.4,269214.4,1045170.5,166355.2,143972.3,126469,185510.8,95943.2,102065.1
86,0.2388,0.2387,0.2386,0.2385,0.2384,0.2383,0.2382,0.2381,0.238,0.2379,0.2389,0.239,0.2391,0.2392,0.2393,0.2394,0.2395,0.2396,0.2397,0.2398,13155.9,199877.8,300808.7,396211.8,360360,559394.1,308438.3,643194.2,290163.6,225835.9,31825.2,1125678.8,198103.9,180184.4,135718.5,127603.8,83071.9,100639.8,146324.9,196318.2
87,0.2388,0.2387,0.2386,0.2385,0.2384,0.2383,0.2382,0.2381,0.238,0.2379,0.2389,0.239,0.2391,0.2392,0.2393,0.2394,0.2395,0.2396,0.2397,0.2398,55242.7,249542.9,335097.4,452051.5,389860.7,504988.8,326930.5,589470.1,216386,156352,23249.8,1046243.6,209640,180505.4,135780,103914.9,105534.3,100639.8,146320.1,191695.3
88,0.2388,0.2387,0.2386,0.2385,0.2384,0.2383,0.2382,0.2381,0.238,0.2379,0.2389,0.239,0.2391,0.2392,0.2393,0.2394,0.2395,0.2396,0.2397,0.2398,19639.9,278431.7,378078.8,417622.5,434747.9,402308.2,306422.5,522558,283575.8,147249.9,31205.6,999451.6,197031.8,192622.3,142748,116420,104424.6,100639.8,145068,190270.9
89,0.2388,0.2387,0.2386,0.2385,0.2384,0.2383,0.2382,0.2381,0.238,0.2379,0.2389,0.239,0.2391,0.2392,0.2393,0.2394,0.2395,0.2396,0.2397,0.2398,155266.9,317499.7,380415.1,423650.4,433352.5,498070.9,308545.2,584851.7,258178,156214.2,7514.5,1000868,214042.5,191531.1,133926.4,118722.7,104450,100501.9,135039,201710.2
90,0.2388,0.2387,0.2386,0.2385,0.2384,0.2383,0.2382,0.2381,0.238,0.2379,0.2389,0.239,0.2391,0.2392,0.2393,0.2394,0.2395,0.2396,0.2397,0.2398,57739.1,293999.8,309625.8,344392.9,434752.8,421093.1,328431.4,642147.1,349707.9,154790.5,31639,1004163,211045.7,181065.8,142966.7,127186.6,82048.8,100639.6,146298.7,190270.9
91,0.2388,0.2387,0.2386,0.2385,0.2384,0.2383,0.2382,0.2381,0.238,0.2379,0.2389,0.239,0.2391,0.2392,0.2393,0.2394,0.2395,0.2396,0.2397,0.2398,62878.3,315168.4,375899.9,282394,430242.2,410661,396557.5,454709.9,480302,156214.3,35246.5,1012268.2,211633.7,181466.8,143664.9,127063.4,82186.6,100501.9,133628.7,191694.8
92,0.2387,0.2386,0.2385,0.2384,0.2383,0.2382,0.2381,0.238,0.2379,0.2378,0.2388,0.2389,0.239,0.2391,0.2392,0.2393,0.2394,0.2395,0.2396,0.2397,52688.2,289548.3,379199.2,481695.3,378321.3,472952.7,244196.8,505147.4,307425.4,163389.3,57164.7,277826.2,990303.8,150999.4,145217.8,108251.2,126149.3,82186.6,100501.9,132788.1
93,0.2386,0.2385,0.2384,0.2383,0.2382,0.2381,0.238,0.2379,0.2378,0.2377,0.2387,0.2388,0.2389,0.239,0.2391,0.2392,0.2393,0.2394,0.2395,0.2396,10771.6,261808.6,274306.6,406160.5,514628.6,408349,312374.9,337314.7,252006,280784.7,41440,120117.6,269373.4,988387.7,140135.9,165729.3,104626.4,103470.9,90332.8,106129.2
94,0.2384,0.2383,0.2382,0.2381,0.238,0.2379,0.2378,0.2377,0.2376,0.2375,0.2385,0.2386,0.2387,0.2388,0.2389,0.239,0.2391,0.2392,0.2393,0.2394,15963.2,260469.5,279789,470148.3,425398.1,362179.7,370150,301513,347563.7,111563.9,34237.2,160289.4,180076.6,105566.2,164743,1005340.8,158455.9,146361,84739.6,179672.5
95,0.2386,0.2385,0.2384,0.2383,0.2382,0.2381,0.238,0.2379,0.2378,0.2377,0.2387,0.2388,0.2389,0.239,0.2391,0.2392,0.2393,0.2394,0.2395,0.2396,29280,287223,289497.5,451240.1,284295.3,541638.4,436556.7,381260.5,456316.5,234608.6,31671.9,152658.5,248310.6,1012668.3,135811.4,146361,94262.6,178246.2,177367.2,191852
96,0.2386,0.2385,0.2384,0.2383,0.2382,0.2381,0.238,0.2379,0.2378,0.2377,0.2387,0.2388,0.2389,0.239,0.2391,0.2392,0.2393,0.2394,0.2395,0.2396,12861.4,262969,296697.6,481079.7,318052.2,530191.7,389664.1,229214.7,393255.4,207350.9,50256.2,133372.5,277054.9,946740.2,140235,144196.2,126539.1,98822.4,164478.2,187668.2
97,0.2386,0.2385,0.2384,0.2383,0.2382,0.2381,0.238,0.2379,0.2378,0.2377,0.2387,0.2388,0.2389,0.239,0.2391,0.2392,0.2393,0.2394,0.2395,0.2396,43785.9,297284.6,261231.1,464199.5,402387.9,370420.8,388352.5,269008.5,590605.4,180293.2,48636.5,131842.5,246900.7,946711.3,140658.8,164990.3,73327.9,98822.4,175936.7,187668.3
98,0.2387,0.2386,0.2385,0.2384,0.2383,0.2382,0.2381,0.238,0.2379,0.2378,0.2388,0.2389,0.239,0.2391,0.2392,0.2393,0.2394,0.2395,0.2396,0.2397,119730.8,286253.5,405413.5,223444.7,325871.8,456108,341308.1,528269.7,347023,267559.9,8632.2,295468.5,975340.8,139481,146712.1,74778.5,118276.6,164478.2,199080,83492.5
99,0.2385,0.2384,0.2383,0.2382,0.2381,0.238,0.2379,0.2378,0.2377,0.2376,0.2386,0.2387,0.2388,0.2389,0.239,0.2391,0.2392,0.2393,0.2394,0.2395,18511.9,240483.2,347574.1,421755.7,458636.5,477584.5,284290.1,603381.1,254768.8,58657.9,105111.5,210807.9,236494.5,216505,1021700.9,142973.2,154461.9,83380.2,104718.5,94525.3
100,0.2386,0.2385,0.2384,0.2383,0.2382,0.2381,0.238,0.2379,0.2378,0.2377,0.2387,0.2388,0.2389,0.239,0.2391,0.2392,0.2393,0.2394,0.2395,0.2396,16202.4,298408.3,378771.4,249849.8,450498.5,421511.4,407926.7,352751.6,493317.5,253041.2,129656.5,245877.1,281781.5,1011211.1,145895.8,154068.7,83380.2,104718.5,94525.3,108310
101,0.2386,0.2385,0.2384,0.2383,0.2382,0.2381,0.238,0.2379,0.2378,0.2377,0.2387,0.2388,0.2389,0.239,0.2391,0.2392,0.2393,0.2394,0.2395,0.2396,24562.4,319379.6,354599.4,261251.3,447970.7,398862,456994.8,480184.9,380188.1,255661.6,127113,233625.9,281300.8,1011211.1,143505.1,154068.7,83380.2,104718.5,94525.3,108310
102,0.2386,0.2385,0.2384,0.2383,0.2382,0.2381,0.238,0.2379,0.2378,0.2377,0.2387,0.2388,0.2389,0.239,0.2391,0.2392,0.2393,0.2394,0.2395,0.2396,93779.2,346570.5,394580.2,282912.9,511909.5,366006.9,461630.2,425630.1,288040.6,255661.1,21258.9,218246.4,288128.1,1033457.1,141736.1,134450,106006.1,104718.5,83071.6,102262.4
103,0.2387,0.2386,0.2385,0.2384,0.2383,0.2382,0.2381,0.238,0.2379,0.2378,0.2388,0.2389,0.239,0.2391,0.2392,0.2393,0.2394,0.2395,0.2396,0.2397,45736.1,280651.4,308304.8,344320.4,297579.6,505185.4,291008.5,735246.7,211264.9,289469.4,71620.1,285737.3,1038644.9,141757.7,134450,136958.6,104718.5,83071.6,102262.4,165858.9
104,0.2388,0.2387,0.2386,0.2385,0.2384,0.2383,0.2382,0.2381,0.238,0.2379,0.2389,0.239,0.2391,0.2392,0.2393,0.2394,0.2395,0.2396,0.2397,0.2398,28998.2,287300.6,332614.3,384658.2,463959.4,273392.2,471581.6,515969.7,304433.1,138659.6,63960.2,1073627.9,210708.2,169109.9,148672.1,108333,105334.5,102262.4,175878.2,196034.3
105,0.2391,0.239,0.2389,0.2388,0.2387,0.2386,0.2385,0.2384,0.2383,0.2382,0.2392,0.2393,0.2394,0.2395,0.2396,0.2397,0.2398,0.2399,0.24,0.2401,143591.4,381099.5,312414.8,396635.3,206739.2,498805.1,280148.3,429648.3,353198.1,198284.2,13481.6,208688.7,236864.9,198807.2,166187.7,121656.6,120940.4,104145.9,191381.5,78346.7
106,0.2393,0.2392,0.2391,0.239,0.2389,0.2388,0.2387,0.2386,0.2385,0.2384,0.2394,0.2395,0.2396,0.2397,0.2398,0.2399,0.24,0.2401,0.2402,0.2403,13872.4,262099.2,296298.6,427876.3,234526.5,380494.2,194290.5,357512.9,486842.4,243354.4,128386,244586.4,171101.2,120173.3,165721.9,166957.6,110630.1,81329.3,101766.2,130531
107,0.2392,0.2391,0.239,0.2389,0.2388,0.2387,0.2386,0.2385,0.2384,0.2383,0.2393,0.2394,0.2395,0.2396,0.2397,0.2398,0.2399,0.24,0.2401,0.2402,18929.1,260818.6,304072.4,301718.2,377344.6,179684.1,446162.2,364388.7,527419.1,143545,157348.7,220666.1,228398.8,154774.6,122471.6,164460.9,154748.2,110630.1,79757.2,98564.8
108,0.2395,0.2394,0.2393,0.2392,0.2391,0.239,0.2389,0.2388,0.2387,0.2386,0.2396,0.2397,0.2398,0.2399,0.24,0.2401,0.2402,0.2403,0.2404,0.2405,154111,257893.8,268269.1,471371,217801.7,489570.6,217683.9,562706.8,183548.4,286262.6,13884.8,228737.8,226775.3,174510.6,133007,103871.3,141548.3,136905.2,139850.3,122757.5
109,0.2395,0.2394,0.2393,0.2392,0.2391,0.239,0.2389,0.2388,0.2387,0.2386,0.2396,0.2397,0.2398,0.2399,0.24,0.2401,0.2402,0.2403,0.2404,0.2405,32256.5,227054.2,317609.7,506700.8,171851.1,420744.8,265324.7,617617.1,132374.3,282290.8,101256.7,252678.1,250579.9,226083.8,179073.7,188072.2,165578,134160.6,58174.1,124945.3
110,0.2393,0.2392,0.2391,0.239,0.2389,0.2388,0.2387,0.2386,0.2385,0.2384,0.2394,0.2395,0.2396,0.2397,0.2398,0.2399,0.24,0.2401,0.2402,0.2403,24507.3,219074,314850.7,399802.9,245366.8,298767.2,310760.5,630215,205451.3,223662.9,83105.2,249463.2,249040.5,230584.8,229192.9,183765.1,200886.5,169188.4,116198.1,68681.6
111,0.2393,0.2392,0.2391,0.239,0.2389,0.2388,0.2387,0.2386,0.2385,0.2384,0.2394,0.2395,0.2396,0.2397,0.2398,0.2399,0.24,0.2401,0.2402,0.2403,13335.8,214393.6,318595,297218.4,384417.1,289610.2,291781.1,639698.2,212972.9,217304.3,38786.3,227965.8,241896,226701.8,239454.1,185181.4,200586.5,169188.4,104792.3,142327.1
112,0.2395,0.2394,0.2393,0.2392,0.2391,0.239,0.2389,0.2388,0.2387,0.2386,0.2396,0.2397,0.2398,0.2399,0.24,0.2401,0.2402,0.2403,0.2404,0.2405,15908.2,234520.1,319003.9,323258.6,314696.8,248080,286630.7,360093.3,311331.4,216713.5,134000.7,270270.8,266231.7,185832.6,194560.2,206405.3,128438.5,128108.6,192774.5,150532.1
113,0.2395,0.2394,0.2393,0.2392,0.2391,0.239,0.2389,0.2388,0.2387,0.2386,0.2396,0.2397,0.2398,0.2399,0.24,0.2401,0.2402,0.2403,0.2404,0.2405,32881.3,199891.9,364372.7,300871.4,383383,233252.5,343095.1,449591.8,285753.7,202768.5,35961.9,230819.7,270016.9,188805.4,193472.4,200998.2,128347.5,128108.6,199557.4,145909.2
114,0.2396,0.2395,0.2394,0.2393,0.2392,0.2391,0.239,0.2389,0.2388,0.2387,0.2397,0.2398,0.2399,0.24,0.2401,0.2402,0.2403,0.2404,0.2405,0.2406,139971,300690.5,334421.3,465247,243740,383914.5,345002.7,438608.2,197886.8,193718.1,13473,221774.3,230321.6,207728.1,174813.9,181058.7,182349.9,109646.4,144489.1,116864.7
115,0.2399,0.2398,0.2397,0.2396,0.2395,0.2394,0.2393,0.2392,0.2391,0.239,0.24,0.2401,0.2402,0.2403,0.2404,0.2405,0.2406,0.2407,0.2408,0.2409,22279.4,230012.6,287568,235051.7,401636.9,204351.9,533575.9,232128.9,445225.6,124803.3,9172.5,237062.8,213573.5,179115.9,143658,124154.4,126890.1,64043,128730.7,142673.2
116,0.2397,0.2396,0.2395,0.2394,0.2393,0.2392,0.2391,0.239,0.2389,0.2388,0.2398,0.2399,0.24,0.2401,0.2402,0.2403,0.2404,0.2405,0.2406,0.2407,165993,295412.4,388527.2,316521.8,432249,180821.5,608910.6,229860.7,200665.2,139285,11919.6,225814.7,240588.3,195472,220658.1,189664.6,157679.8,95959,104626.7,75154.1
117,0.2397,0.2396,0.2395,0.2394,0.2393,0.2392,0.2391,0.239,0.2389,0.2388,0.2398,0.2399,0.24,0.2401,0.2402,0.2403,0.2404,0.2405,0.2406,0.2407,18831.9,283866.5,293190.2,265138.9,451547.7,294445.5,289214.5,412009.3,427633.8,140546,36163.8,237282.8,250508.5,184098.6,219772.8,164615.7,129252.4,94216.3,116023,127510
118,0.2397,0.2396,0.2395,0.2394,0.2393,0.2392,0.2391,0.239,0.2389,0.2388,0.2398,0.2399,0.24,0.2401,0.2402,0.2403,0.2404,0.2405,0.2406,0.2407,173538.2,276602.9,343583.4,340143.1,384608.4,363960.2,270452.6,314479.8,385143.6,140545.5,30344.9,235223.3,264243.8,180270.7,223764.9,167185.5,156255,94216.3,104626.7,137488.3
119,0.2399,0.2398,0.2397,0.2396,0.2395,0.2394,0.2393,0.2392,0.2391,0.239,0.24,0.2401,0.2402,0.2403,0.2404,0.2405,0.2406,0.2407,0.2408,0.2409,139836.4,217607.5,263727.3,348738.6,296563.9,320875.5,395053.7,390964,367125.4,155367.5,8677.9,201376.1,229122.7,166557.9,151277.4,134381.1,125289.7,124665.1,200627.8,218077.9
120,0.2403,0.2402,0.2401,0.24,0.2399,0.2398,0.2397,0.2396,0.2395,0.2394,0.2404,0.2405,0.2406,0.2407,0.2408,0.2409,0.241,0.2411,0.2412,0.2413,134565.9,338957.3,476895.5,420627.1,191032.6,322858.2,191093.8,596702.2,181178.9,165633.5,21457.4,184574,173247,194776.9,164675.8,169606.4,145652.8,137561.4,53134.1,143075.4
121,0.2405,0.2404,0.2403,0.2402,0.2401,0.24,0.2399,0.2398,0.2397,0.2396,0.2406,0.2407,0.2408,0.2409,0.241,0.2411,0.2412,0.2413,0.2414,0.2415,12140.8,238108.3,203224.5,277006.8,368512.7,378147.2,240024.7,254800.2,366675.6,193593.3,63764.4,222424.4,159349.3,197748.3,144229.2,166652.7,37936.4,144102.4,33209.3,138103.4
122,0.2403,0.2402,0.2401,0.24,0.2399,0.2398,0.2397,0.2396,0.2395,0.2394,0.2404,0.2405,0.2406,0.2407,0.2408,0.2409,0.241,0.2411,0.2412,0.2413,106716,273567.2,309384.9,434012.2,365053.7,174903.3,289710.2,268871.1,282495.3,254124.7,13745.3,163885.9,227851.3,223490.3,187497.1,168380.6,109124.1,150164.9,32472.8,156398.6
123,0.2401,0.24,0.2399,0.2398,0.2397,0.2396,0.2395,0.2394,0.2393,0.2392,0.2402,0.2403,0.2404,0.2405,0.2406,0.2407,0.2408,0.2409,0.241,0.2411,163047.2,345344,352692.5,235574.6,382673.8,261800.1,251057.5,309685.6,325503.3,114251.6,36894,175732.6,150701.2,213647.9,164871.5,235479.8,238833.7,135499,84874.3,97787.7
124,0.24,0.2399,0.2398,0.2397,0.2396,0.2395,0.2394,0.2393,0.2392,0.2391,0.2401,0.2402,0.2403,0.2404,0.2405,0.2406,0.2407,0.2408,0.2409,0.241,23544.8,246111.4,303756.2,353806.3,286644.5,246824.4,240471.1,262415.2,347223.9,146177,67303.7,183552,191070.6,153272.3,189881.7,199969.9,244294.3,131800.1,127093.9,77885.7
125,0.24,0.2399,0.2398,0.2397,0.2396,0.2395,0.2394,0.2393,0.2392,0.2391,0.2401,0.2402,0.2403,0.2404,0.2405,0.2406,0.2407,0.2408,0.2409,0.241,16467.2,241826.6,275240.6,424681,315935,229633.5,241861.2,233642.1,193122.3,155096.2,141973.6,172623.4,236520.6,148613.8,188470.1,201386.2,232492.6,140205.2,130876.1,79311.3
126,0.24,0.2399,0.2398,0.2397,0.2396,0.2395,0.2394,0.2393,0.2392,0.2391,0.2401,0.2402,0.2403,0.2404,0.2405,0.2406,0.2407,0.2408,0.2409,0.241,264079.1,312682.6,275677.9,458786.6,296415,263368.7,189920.8,357174.3,261581.7,147593.5,19601.2,149364.3,234453.2,143999.2,188512.8,202419.8,232518,140205.2,130876.1,95112.7
127,0.24,0.2399,0.2398,0.2397,0.2396,0.2395,0.2394,0.2393,0.2392,0.2391,0.2401,0.2402,0.2403,0.2404,0.2405,0.2406,0.2407,0.2408,0.2409,0.241,110661.2,187479.1,274538.5,401932.8,307566.5,258248.2,178991.6,384647.7,348756,146177,118703,168092.1,226236.5,142362.4,186640.6,159926.6,232492.6,133900.9,127093.9,86707.6
128,0.24,0.2399,0.2398,0.2397,0.2396,0.2395,0.2394,0.2393,0.2392,0.2391,0.2401,0.2402,0.2403,0.2404,0.2405,0.2406,0.2407,0.2408,0.2409,0.241,44963.2,258536.7,261657.1,383364.8,291694.5,414194.5,137436.3,545928.5,295801.9,112726.6,35271.3,160416.1,245135,134565.2,209394.1,158086.2,172203.5,108004.8,133485.1,93175.8
129,0.24,0.2399,0.2398,0.2397,0.2396,0.2395,0.2394,0.2393,0.2392,0.2391,0.2401,0.2402,0.2403,0.2404,0.2405,0.2406,0.2407,0.2408,0.2409,0.241,11277.7,262477.7,305892.6,486542.2,288499.5,339300.8,180376.7,304678.9,332150.7,98863,119909.2,180277.9,216772.4,133567,209269.9,157432.6,172203.5,107583.7,147668.8,47433.9
130,0.2399,0.2398,0.2397,0.2396,0.2395,0.2394,0.2393,0.2392,0.2391,0.239,0.24,0.2401,0.2402,0.2403,0.2404,0.2405,0.2406,0.2407,0.2408,0.2409,9488.6,253812.7,326834.1,343533,342139.1,252803,326039.5,265265.7,298548.2,200298.1,69518.6,224180.2,153299.9,199390.4,130151.7,207855.4,184194.8,172203.5,117247.4,132545.9
131,0.2398,0.2397,0.2396,0.2395,0.2394,0.2393,0.2392,0.2391,0.239,0.2389,0.2399,0.24,0.2401,0.2402,0.2403,0.2404,0.2405,0.2406,0.2407,0.2408,7584.1,254274.9,354437.2,406043.2,276401.4,325173.6,240581.3,334353.5,244926.6,224403.6,39412.5,149709.4,220334.2,146465.2,221423.5,128945.5,233434.7,95730.2,169780.5,120822.9
132,0.2396,0.2395,0.2394,0.2393,0.2392,0.2391,0.239,0.2389,0.2388,0.2387,0.2397,0.2398,0.2399,0.24,0.2401,0.2402,0.2403,0.2404,0.2405,0.2406,33782,224808.9,279045.6,326463.6,375186.1,295647,299523.5,539735.8,155734.1,141513,41089.8,180739.6,193084.9,166076.5,201239.4,158154.2,200187.4,80927.5,137016.4,97184
133,0.2396,0.2395,0.2394,0.2393,0.2392,0.2391,0.239,0.2389,0.2388,0.2387,0.2397,0.2398,0.2399,0.24,0.2401,0.2402,0.2403,0.2404,0.2405,0.2406,119362.3,248869.7,315581.9,306366.4,316515.4,316173.5,231627.2,504624.9,175404.8,141513,38591,176557.6,205422.4,171555.1,176655.6,160634.8,222717.7,113328.9,145846.6,91304.7
134,0.2397,0.2396,0.2395,0.2394,0.2393,0.2392,0.2391,0.239,0.2389,0.2388,0.2398,0.2399,0.24,0.2401,0.2402,0.2403,0.2404,0.2405,0.2406,0.2407,9775.6,161662.3,300565.8,419871.7,360343.5,238763.9,293143.8,261935.2,414768.7,167872.7,67033,204471.4,189139.3,196283.8,161146.2,218339.1,173280,133017.5,97803.3,227987.3
135,0.2398,0.2397,0.2396,0.2395,0.2394,0.2393,0.2392,0.2391,0.239,0.2389,0.2399,0.24,0.2401,0.2402,0.2403,0.2404,0.2405,0.2406,0.2407,0.2408,16950.7,255120.9,319256.8,354832,323929.5,313343.2,294222.1,427889.3,291015,196641.3,34978.2,146961.6,240626.7,176038.2,213397.5,176424.9,136157.5,82215.6,196089.6,164360.2
136,0.2396,0.2395,0.2394,0.2393,0.2392,0.2391,0.239,0.2389,0.2388,0.2387,0.2397,0.2398,0.2399,0.24,0.2401,0.2402,0.2403,0.2404,0.2405,0.2406,128564.2,258593.5,355063.8,400588.8,341052.2,378305.3,247731.3,491629,166601.6,141375.5,14137.2,156843,233579.5,172920.9,171146.4,160692,215342.9,114788.5,146010.7,74909.5
137,0.2397,0.2396,0.2395,0.2394,0.2393,0.2392,0.2391,0.239,0.2389,0.2388,0.2398,0.2399,0.24,0.2401,0.2402,0.2403,0.2404,0.2405,0.2406,0.2407,48100.1,324923.9,307251.1,339963.5,373090.1,276340.2,356648.1,300353.2,311455.3,166696.5,25763.2,215332.6,173812.8,185534.3,161184.1,226204.4,100690.8,134697.9,87738.1,196090
138,0.24,0.2399,0.2398,0.2397,0.2396,0.2395,0.2394,0.2393,0.2392,0.2391,0.2401,0.2402,0.2403,0.2404,0.2405,0.2406,0.2407,0.2408,0.2409,0.241,20131,222578.2,301014.4,447092.5,231381.4,403364.8,253092.6,412035.2,274873.5,243230.7,64963.9,144542.2,221844.4,133260.7,175941.5,152595.4,142396.3,157971.9,196149.9,72300.7
139,0.2401,0.24,0.2399,0.2398,0.2397,0.2396,0.2395,0.2394,0.2393,0.2392,0.2402,0.2403,0.2404,0.2405,0.2406,0.2407,0.2408,0.2409,0.241,0.2411,131419.5,285215,314208.2,308903.8,429379.7,177091.6,377440.6,419918,238899.4,228222.2,18442.9,174263.5,156345.3,199070.3,151738.6,142833.9,100069,183377.5,67781,145318.4
140,0.24,0.2399,0.2398,0.2397,0.2396,0.2395,0.2394,0.2393,0.2392,0.2391,0.2401,0.2402,0.2403,0.2404,0.2405,0.2406,0.2407,0.2408,0.2409,0.241,18002.6,207016.7,353805.9,450503.2,244223,339897.5,325781.6,345731.6,234660.5,190059.6,42906.6,143456.1,212550.8,135922.3,169338.6,119413.1,153080.2,79011,161511.8,72300.7
141,0.24,0.2399,0.2398,0.2397,0.2396,0.2395,0.2394,0.2393,0.2392,0.2391,0.2401,0.2402,0.2403,0.2404,0.2405,0.2406,0.2407,0.2408,0.2409,0.241,11189.8,241455.8,346619.1,468792.9,201448.1,293848,307647.6,280262.1,350169.2,190913.7,65191.9,194114.8,188444.6,130918.3,187816.4,164683.5,115904,80437.6,123383.5,152632
142,0.2399,0.2398,0.2397,0.2396,0.2395,0.2394,0.2393,0.2392,0.2391,0.239,0.24,0.2401,0.2402,0.2403,0.2404,0.2405,0.2406,0.2407,0.2408,0.2409,87039.9,237707.1,325025.7,364946.8,226050.4,362869.3,282321.3,507851.4,190750.6,212371.2,13040.8,196871.5,201709.8,192815.2,149384.9,170205.7,132353.2,117227.9,88716.4,105866.2
143,0.2397,0.2396,0.2395,0.2394,0.2393,0.2392,0.2391,0.239,0.2389,0.2388,0.2398,0.2399,0.24,0.2401,0.2402,0.2403,0.2404,0.2405,0.2406,0.2407,82677.1,231051.3,351365.1,374814.5,213435.4,402374.1,314369.4,536276.1,179636.8,200910.4,26669.3,183325,178236.3,200015.4,185900.2,196561,144169.9,135118.2,84764,113350.4
144,0.2397,0.2396,0.2395,0.2394,0.2393,0.2392,0.2391,0.239,0.2389,0.2388,0.2398,0.2399,0.24,0.2401,0.2402,0.2403,0.2404,0.2405,0.2406,0.2407,95193,244278.9,296373,409222.8,216126.5,349173,330685.5,391656.8,331296.5,200910.9,26355.7,175790.7,194789.4,231577.6,177037.1,210280.4,115828.5,135118.2,86196.2,114769
145,0.2399,0.2398,0.2397,0.2396,0.2395,0.2394,0.2393,0.2392,0.2391,0.239,0.24,0.2401,0.2402,0.2403,0.2404,0.2405,0.2406,0.2407,0.2408,0.2409,104065.3,223506.1,274070.8,424795.6,316617.7,449258.2,161358.8,406302,314711,188012.1,25832.7,186636.3,185545.7,208663.7,162771.9,153602.5,91355.3,116791.4,186011.9,213618.5
146,0.2399,0.2398,0.2397,0.2396,0.2395,0.2394,0.2393,0.2392,0.2391,0.239,0.24,0.2401,0.2402,0.2403,0.2404,0.2405,0.2406,0.2407,0.2408,0.2409,81720.5,228937.2,288037.1,494761.6,332582.5,403631.4,193993.2,284417.6,186010.9,129921.8,27476.9,191632.4,189199.2,198065.1,129925.5,170974.4,136479.6,149236.9,173197.7,213618.5
147,0.2401,0.24,0.2399,0.2398,0.2397,0.2396,0.2395,0.2394,0.2393,0.2392,0.2402,0.2403,0.2404,0.2405,0.2406,0.2407,0.2408,0.2409,0.241,0.2411,148332.2,283845.6,242900.5,383935.9,258809.2,439400.9,449738.9,204962.7,204654.2,151166.6,7383.1,119037.2,197862.2,189268.5,119536.9,183176.9,105272,136111,82306.2,189800.3
148,0.24,0.2399,0.2398,0.2397,0.2396,0.2395,0.2394,0.2393,0.2392,0.2391,0.2401,0.2402,0.2403,0.2404,0.2405,0.2406,0.2407,0.2408,0.2409,0.241,97883.6,288474.6,300808.5,324490.1,290302.5,482353.9,219885.7,312344.4,159744.2,245555,27619.3,164443.3,221500.7,146195.2,177754.8,118755.1,205621.6,81201,136111,93641.8
149,0.2398,0.2397,0.2396,0.2395,0.2394,0.2393,0.2392,0.2391,0.239,0.2389,0.2399,0.24,0.2401,0.2402,0.2403,0.2404,0.2405,0.2406,0.2407,0.2408,133241.8,269849.7,344958.6,562153.6,194386.8,196741.9,318424.1,329976.7,132469.6,184834.9,27199.5,139852.3,251448.1,187169.9,177991.2,137100.6,171526.2,71094.1,158809.8,82627.6
150,0.24,0.2399,0.2398,0.2397,0.2396,0.2395,0.2394,0.2393,0.2392,0.2391,0.2401,0.2402,0.2403,0.2404,0.2405,0.2406,0.2407,0.2408,0.2409,0.241,14537.5,189232.3,276863.2,374553.6,251454.5,387620.3,296103.8,135599.4,243963.5,163113.3,77127.1,173630.4,203805.3,136203.9,160275.2,114618.5,178339.3,77995.8,225018.1,157476.2
151,0.2402,0.2401,0.24,0.2399,0.2398,0.2397,0.2396,0.2395,0.2394,0.2393,0.2403,0.2404,0.2405,0.2406,0.2407,0.2408,0.2409,0.241,0.2411,0.2412,11374.6,256466.1,261315.4,359096.4,256694.3,353569.5,257260.4,381747.2,426704.7,116860.9,62832.5,138208.4,212785.3,117563.9,150492.6,155155.1,134688.9,191287.4,109042.4,117108.6
152,0.2401,0.24,0.2399,0.2398,0.2397,0.2396,0.2395,0.2394,0.2393,0.2392,0.2402,0.2403,0.2404,0.2405,0.2406,0.2407,0.2408,0.2409,0.241,0.2411,487.6,243765.5,266251.4,262244,404446.4,266085.1,398383.7,218037,124333.4,158877.8,86244.9,216936.6,143577.6,165478.6,116788,161117.2,123897,134688.9,191296,116637.5
153,0.24,0.2399,0.2398,0.2397,0.2396,0.2395,0.2394,0.2393,0.2392,0.2391,0.2401,0.2402,0.2403,0.2404,0.2405,0.2406,0.2407,0.2408,0.2409,0.241,99396.2,252808.6,251510.7,406329.3,411653.7,424838.9,264634.8,288951.2,160314,186852.5,17614.5,200679.6,222992,193236.7,194305.9,190745.4,176763.1,77274.3,104453.1,150817.9
154,0.24,0.2399,0.2398,0.2397,0.2396,0.2395,0.2394,0.2393,0.2392,0.2391,0.2401,0.2402,0.2403,0.2404,0.2405,0.2406,0.2407,0.2408,0.2409,0.241,75025,241507.3,256598.8,414274.6,405488.4,436264.3,263175.2,213048.5,286430.8,187706.9,53240.3,211161.2,207413.4,204482.5,187574,188168.9,167215.7,75814.7,104453.1,144533.3
