timestamp,bid_price_0,bid_price_1,bid_price_2,bid_price_3,bid_price_4,bid_price_5,bid_price_6,bid_price_7,bid_price_8,bid_price_9,ask_price_0,ask_price_1,ask_price_2,ask_price_3,ask_price_4,ask_price_5,ask_price_6,ask_price_7,ask_price_8,ask_price_9,bid_size_0,bid_size_1,bid_size_2,bid_size_3,bid_size_4,bid_size_5,bid_size_6,bid_size_7,bid_size_8,bid_size_9,ask_size_0,ask_size_1,ask_size_2,ask_size_3,ask_size_4,ask_size_5,ask_size_6,ask_size_7,ask_size_8,ask_size_9
0,0.2412,0.2411,0.241,0.2409,0.2408,0.2407,0.2406,0.2405,0.2404,0.2403,0.2413,0.2414,0.2415,0.2416,0.2417,0.2418,0.2419,0.242,0.2421,0.2422,25422.2,235637.3,300055.7,372969.1,251147.2,416244.8,199439.6,184156.1,97242.1,203854.3,53673.2,211111.9,216935.2,171358.6,171247.7,128666.4,157592.8,208824.4,98337.4,194909.1
1,0.2411,0.241,0.2409,0.2408,0.2407,0.2406,0.2405,0.2404,0.2403,0.2402,0.2412,0.2413,0.2414,0.2415,0.2416,0.2417,0.2418,0.2419,0.242,0.2421,144508,267887.7,268059.5,275783.4,337552.1,251858.5,252594.7,195886.6,202445.2,122054.6,2172.2,152404.1,219719.8,182903.5,168316.9,165825.4,143497.5,124914.1,208824.4,87058.2
2,0.2412,0.2411,0.241,0.2409,0.2408,0.2407,0.2406,0.2405,0.2404,0.2403,0.2413,0.2414,0.2415,0.2416,0.2417,0.2418,0.2419,0.242,0.2421,0.2422,22814.6,238409,302329.4,334932.7,294304.4,306731.8,260107.3,177837,130733.9,203867,49102.5,215037.9,234208.6,176680.6,169075.4,122500.7,146622.2,208824.4,98342.1,196306
3,0.2409,0.2408,0.2407,0.2406,0.2405,0.2404,0.2403,0.2402,0.2401,0.24,0.241,0.2411,0.2412,0.2413,0.2414,0.2415,0.2416,0.2417,0.2418,0.2419,18184.1,159916.5,270651.6,341595,274096.5,321056.1,229862.8,164621.6,128961.6,211370.1,90173.6,226805,243666.5,177821.4,171436.4,175506,163906.8,156654.1,130033.5,124809
4,0.2408,0.2407,0.2406,0.2405,0.2404,0.2403,0.2402,0.2401,0.24,0.2399,0.2409,0.241,0.2411,0.2412,0.2413,0.2414,0.2415,0.2416,0.2417,0.2418,34525.6,302330.4,246627.4,347568.1,277466.1,318196.4,316991.7,177315.9,208356.3,118069.3,60848,205031.7,219039.5,172770.2,192666.5,159455.1,182128.7,140272.9,150465.1,111438.9
5,0.2408,0.2407,0.2406,0.2405,0.2404,0.2403,0.2402,0.2401,0.24,0.2399,0.2409,0.241,0.2411,0.2412,0.2413,0.2414,0.2415,0.2416,0.2417,0.2418,26906.5,283269,243609.1,355941,290839,311922.5,224658.6,138517.5,209787.3,118069.4,27160.9,217943.9,219989.8,172431.4,186133.8,159331.1,182128.7,130337.1,150465.1,132747.8
6,0.2409,0.2408,0.2407,0.2406,0.2405,0.2404,0.2403,0.2402,0.2401,0.24,0.241,0.2411,0.2412,0.2413,0.2414,0.2415,0.2416,0.2417,0.2418,0.2419,6386.4,262098.5,338164.8,231042.5,321375.2,309680.9,308781.1,233929.1,73441.7,218673.5,60882,214467.2,210441.1,188641.7,160636.6,166045.9,152573.1,150465.1,132747.7,174268.9
7,0.2407,0.2406,0.2405,0.2404,0.2403,0.2402,0.2401,0.24,0.2399,0.2398,0.2408,0.2409,0.241,0.2411,0.2412,0.2413,0.2414,0.2415,0.2416,0.2417,17478.9,187035.9,277246.8,341751,294347.7,316168.7,273735.4,252164,110282.6,193146.9,75202.3,198524.3,204736.4,179703.3,171065.9,199674.9,150925.9,160904.5,130337.1,150465.1
8,0.2402,0.2401,0.24,0.2399,0.2398,0.2397,0.2396,0.2395,0.2394,0.2393,0.2403,0.2404,0.2405,0.2406,0.2407,0.2408,0.2409,0.241,0.2411,0.2412,8205.6,266326.1,378299,223064.2,297329.8,380311.9,282225.6,176385.3,116894.5,137117.7,138151.5,214780.1,210241.9,181924.6,145585.3,171073.8,142593.6,154696.9,212924.5,135103.4
9,0.2401,0.24,0.2399,0.2398,0.2397,0.2396,0.2395,0.2394,0.2393,0.2392,0.2402,0.2403,0.2404,0.2405,0.2406,0.2407,0.2408,0.2409,0.241,0.2411,8400.7,342903.2,259186.4,349985.6,327432.2,254228.2,219702.8,149000.2,127432.7,110575.3,97881.7,192628,197787.4,187307.3,169239,141865.6,192164.4,138456.8,154396.9,177733.7
10,0.24,0.2399,0.2398,0.2397,0.2396,0.2395,0.2394,0.2393,0.2392,0.2391,0.2401,0.2402,0.2403,0.2404,0.2405,0.2406,0.2407,0.2408,0.2409,0.241,105619.1,194938.9,362665.8,404591.5,292015.2,261343.8,200752.2,101465.5,101841.4,235387.7,44400.7,210652.8,187300.9,170738.7,185049.7,187608.5,159248.4,170012.1,138351.7,165765.7
11,0.2402,0.2401,0.24,0.2399,0.2398,0.2397,0.2396,0.2395,0.2394,0.2393,0.2403,0.2404,0.2405,0.2406,0.2407,0.2408,0.2409,0.241,0.2411,0.2412,23296.9,225631.2,249099.3,292491.6,274404.5,403093.1,351068.1,359323.3,222372.2,83131,71000.4,223624.1,180265.9,186218.9,138274.5,171154,162192.1,158143.6,212089.8,149919.7
12,0.2401,0.24,0.2399,0.2398,0.2397,0.2396,0.2395,0.2394,0.2393,0.2392,0.2402,0.2403,0.2404,0.2405,0.2406,0.2407,0.2408,0.2409,0.241,0.2411,17164.3,238449.5,265990.1,332875.9,424227,328275,263591.9,251063.5,58955.1,116001.2,150367.1,229209.7,209826.2,162312.6,186217.9,136197.8,190711.4,138330.9,156705.7,212069
13,0.2399,0.2398,0.2397,0.2396,0.2395,0.2394,0.2393,0.2392,0.2391,0.239,0.24,0.2401,0.2402,0.2403,0.2404,0.2405,0.2406,0.2407,0.2408,0.2409,95803.5,312236.4,408682.9,372276.7,320477.1,320326.5,201525.6,139812.8,235366.7,187145.6,3854.1,225804.8,229711.7,173120.5,153964.4,180475.7,200338.9,136197.8,138623.1,150612.1
14,0.2404,0.2403,0.2402,0.2401,0.24,0.2399,0.2398,0.2397,0.2396,0.2395,0.2405,0.2406,0.2407,0.2408,0.2409,0.241,0.2411,0.2412,0.2413,0.2414,29087.4,214513.2,248280.2,331655.6,266907.5,422215.8,399730,303137.8,335454.5,101128.4,59688.3,208846.7,168116.8,144095.4,138206.9,150116.7,204513.3,148779.3,114596,162879.2
15,0.2403,0.2402,0.2401,0.24,0.2399,0.2398,0.2397,0.2396,0.2395,0.2394,0.2404,0.2405,0.2406,0.2407,0.2408,0.2409,0.241,0.2411,0.2412,0.2413,121280.9,268600.6,299510.3,294658.9,373034.1,405277.3,376873.7,266250.7,127274.2,152530.7,264.5,134900.7,184834.1,159340.4,149593.7,138506.9,166941.4,164749.8,147362.7,124494.5
16,0.2403,0.2402,0.2401,0.24,0.2399,0.2398,0.2397,0.2396,0.2395,0.2394,0.2404,0.2405,0.2406,0.2407,0.2408,0.2409,0.241,0.2411,0.2412,0.2413,26409.4,226790.4,284745.7,311773.5,364079.7,355408.1,378628.2,286385.6,147882.9,152530.7,22201.5,199906.8,182042.1,159771.6,158437.3,159681.2,146110.5,164749.8,147362.7,124905.8
17,0.2408,0.2407,0.2406,0.2405,0.2404,0.2403,0.2402,0.2401,0.24,0.2399,0.2409,0.241,0.2411,0.2412,0.2413,0.2414,0.2415,0.2416,0.2417,0.2418,118191.7,231665.2,296008.1,328457.7,342906.3,356306.1,211649.5,413418.5,123317.6,144218.3,19379,175451.3,181115.2,98872.9,139091.1,108715,127753.4,126229.9,184232,131963.2
18,0.2407,0.2406,0.2405,0.2404,0.2403,0.2402,0.2401,0.24,0.2399,0.2398,0.2408,0.2409,0.241,0.2411,0.2412,0.2413,0.2414,0.2415,0.2416,0.2417,100796.4,270717.2,278892.8,344951.1,311920.5,309198.3,360399.6,185635.2,145393.7,288128.7,8396.8,162909.6,177107.5,161478.8,77896.4,127450.6,187500.6,104505.1,113101.7,194155.4
19,0.2407,0.2406,0.2405,0.2404,0.2403,0.2402,0.2401,0.24,0.2399,0.2398,0.2408,0.2409,0.241,0.2411,0.2412,0.2413,0.2414,0.2415,0.2416,0.2417,139032.1,251953.9,268020.6,355069,338200.1,398267.5,374346.1,125701.9,133979.2,233089.5,27784.4,186840.9,183409.3,179127.7,146312.6,127301.6,188311.3,106617.7,124362.8,104021.8
20,0.2413,0.2412,0.2411,0.241,0.2409,0.2408,0.2407,0.2406,0.2405,0.2404,0.2414,0.2415,0.2416,0.2417,0.2418,0.2419,0.242,0.2421,0.2422,0.2423,19522.1,228920.9,295229.7,352863.2,430129.4,269145.4,379138.7,309614.4,204700,214925.5,27165.4,138732.7,131322.8,124786.7,123224.6,185777.8,165912.3,181877.1,151916,109549.2
21,0.2416,0.2415,0.2414,0.2413,0.2412,0.2411,0.241,0.2409,0.2408,0.2407,0.2417,0.2418,0.2419,0.242,0.2421,0.2422,0.2423,0.2424,0.2425,0.2426,61676.8,248841.9,270209.4,394748.5,268543.1,487223.1,310718.6,370085.4,178957,250249.4,27908.1,150829.4,123400.4,143675.5,118350.5,149155,169497,137799.4,134680.8,115090.4
22,0.2418,0.2417,0.2416,0.2415,0.2414,0.2413,0.2412,0.2411,0.241,0.2409,0.2419,0.242,0.2421,0.2422,0.2423,0.2424,0.2425,0.2426,0.2427,0.2428,441586.9,232318.6,243773,298908.2,243621.5,498601.8,303710.1,360144.7,333863.6,260846,85631.3,128860.2,123820.9,135685.6,122898.8,159961.9,129343.9,135328.7,147938.1,209283
23,0.2418,0.2417,0.2416,0.2415,0.2414,0.2413,0.2412,0.2411,0.241,0.2409,0.2419,0.242,0.2421,0.2422,0.2423,0.2424,0.2425,0.2426,0.2427,0.2428,4081.8,201253.6,226940.5,285005.9,260570.6,460697.3,272129.9,397969.1,378433.6,81340,112709.7,142478.2,166927.1,128472.5,130869.1,140305.9,169872.2,134368.7,211394.6,156980.9
24,0.2423,0.2422,0.2421,0.242,0.2419,0.2418,0.2417,0.2416,0.2415,0.2414,0.2424,0.2425,0.2426,0.2427,0.2428,0.2429,0.243,0.2431,0.2432,0.2433,9919.6,204189.7,437067.7,682871.2,438794.1,264606.7,344436.3,182165.2,185309.4,120367.2,107980.4,162346.7,168480.1,137541.2,202803.9,130899.5,129682.2,140474.5,133095.9,152062.1
25,0.2425,0.2424,0.2423,0.2422,0.2421,0.242,0.2419,0.2418,0.2417,0.2416,0.2426,0.2427,0.2428,0.2429,0.243,0.2431,0.2432,0.2433,0.2434,0.2435,86299.8,207918.3,258162.4,249534.5,548663.4,720301.8,434537.5,151799.2,310893.5,221460.9,24059.3,149137,202364.8,133910.8,114585.8,141627.1,154555.7,132045.5,190137.1,151319.7
26,0.2424,0.2423,0.2422,0.2421,0.242,0.2419,0.2418,0.2417,0.2416,0.2415,0.2425,0.2426,0.2427,0.2428,0.2429,0.243,0.2431,0.2432,0.2433,0.2434,64338,257817.3,280228.4,576017.4,716276,477319.6,205753.8,211457.7,156289.9,110559.8,26127.7,134690.1,151972.2,145447.6,156050.2,163605.2,166771.4,134903.2,130672.9,122276.3
27,0.2423,0.2422,0.2421,0.242,0.2419,0.2418,0.2417,0.2416,0.2415,0.2414,0.2424,0.2425,0.2426,0.2427,0.2428,0.2429,0.243,0.2431,0.2432,0.2433,4003.9,192334.4,362569.1,845025.6,314575,353281.5,328665.8,268163.1,157759.6,234719.4,93152.9,200224.7,133098.7,192577.3,160152.7,175326.5,212109.1,148897.4,112989.3,133155.6
28,0.2423,0.2422,0.2421,0.242,0.2419,0.2418,0.2417,0.2416,0.2415,0.2414,0.2424,0.2425,0.2426,0.2427,0.2428,0.2429,0.243,0.2431,0.2432,0.2433,31759.3,211660.2,451455.5,748127.9,352845.5,335811.8,372170.8,250685.4,33356.7,226171.1,52017.2,223753.1,129795.9,197005.1,158533.2,194184.5,192523,149302,113003.2,149632.9
29,0.2422,0.2421,0.242,0.2419,0.2418,0.2417,0.2416,0.2415,0.2414,0.2413,0.2423,0.2424,0.2425,0.2426,0.2427,0.2428,0.2429,0.243,0.2431,0.2432,121844.5,410832.2,784120.4,368978.4,293646.1,294340.4,340977.6,131577.4,235854.9,93841.8,22528.8,110802.7,181998.1,126833,179716.7,153069.4,195939.4,191506,149301.1,101765.9
30,0.2422,0.2421,0.242,0.2419,0.2418,0.2417,0.2416,0.2415,0.2414,0.2413,0.2423,0.2424,0.2425,0.2426,0.2427,0.2428,0.2429,0.243,0.2431,0.2432,153250.2,264022.2,242113,348708.3,281929.2,388949.4,287487.4,205540.6,224791.2,95245.2,9489.7,113417.7,196678.7,114555.1,192834.9,150457,195939.4,200761.3,160362.3,122910.3
31,0.2422,0.2421,0.242,0.2419,0.2418,0.2417,0.2416,0.2415,0.2414,0.2413,0.2423,0.2424,0.2425,0.2426,0.2427,0.2428,0.2429,0.243,0.2431,0.2432,134866,231652.2,273734.5,377270.1,446276.5,327947.4,288537,74161.3,240483.4,96669,139214.1,118459.6,184595.5,112951.6,200399,151932.5,193821.9,191506,169614.1,122951.6
32,0.2421,0.242,0.2419,0.2418,0.2417,0.2416,0.2415,0.2414,0.2413,0.2412,0.2422,0.2423,0.2424,0.2425,0.2426,0.2427,0.2428,0.2429,0.243,0.2431,166984.9,279352.5,323304.3,395647.1,309374.5,339833.3,213226.7,286100.3,96689.8,186105.5,30374.6,153907.4,114794.7,178607.2,110925.8,192347.3,174730.5,171532,191526.6,159979.2
33,0.242,0.2419,0.2418,0.2417,0.2416,0.2415,0.2414,0.2413,0.2412,0.2411,0.2421,0.2422,0.2423,0.2424,0.2425,0.2426,0.2427,0.2428,0.2429,0.243,157585.9,234371.9,377389.6,348226.1,343673.8,209333.5,188671,312316.9,307771.2,227155.5,24824.6,114932.1,351719.2,112666,198089.6,90981.2,202192.3,148174.2,171532.1,193716.6
34,0.242,0.2419,0.2418,0.2417,0.2416,0.2415,0.2414,0.2413,0.2412,0.2411,0.2421,0.2422,0.2423,0.2424,0.2425,0.2426,0.2427,0.2428,0.2429,0.243,87693.3,226264,300092.9,359640.2,315865.6,323940.6,213441.1,327282.8,275419.3,223492.2,166354,138544.5,209234,100245.8,190708.9,88364.9,202192.3,148579.3,183788.2,193716.6
35,0.242,0.2419,0.2418,0.2417,0.2416,0.2415,0.2414,0.2413,0.2412,0.2411,0.2421,0.2422,0.2423,0.2424,0.2425,0.2426,0.2427,0.2428,0.2429,0.243,105206.4,307909.4,371479.8,484374.4,318251.3,348065,226454.2,500095.7,189049.2,223492.2,25463.3,118522.7,209928.3,100358.2,194179.3,88364.9,202192.3,148579.3,185677.9,193716.6
36,0.242,0.2419,0.2418,0.2417,0.2416,0.2415,0.2414,0.2413,0.2412,0.2411,0.2421,0.2422,0.2423,0.2424,0.2425,0.2426,0.2427,0.2428,0.2429,0.243,17303.8,268578.8,365884.9,457094,325248,351786.5,328162.6,448882.1,242432.4,223492.2,32728.9,184678.4,209934.8,165629,191158.4,151968.6,202924.5,157436.5,172947.2,209468.1
37,0.2417,0.2416,0.2415,0.2414,0.2413,0.2412,0.2411,0.241,0.2409,0.2408,0.2418,0.2419,0.242,0.2421,0.2422,0.2423,0.2424,0.2425,0.2426,0.2427,88641.2,222409,304116.1,454102,333393.2,363547.7,327909.8,286869.9,141368.6,62649.6,31318.6,183930.8,189349.7,224469.3,189361.3,170102.6,163658.7,168621.6,183066.1,182474.6
38,0.2415,0.2414,0.2413,0.2412,0.2411,0.241,0.2409,0.2408,0.2407,0.2406,0.2416,0.2417,0.2418,0.2419,0.242,0.2421,0.2422,0.2423,0.2424,0.2425,70200.1,199897.4,375351.5,351209.6,364218.2,331752.8,203089.6,263895.5,199102.7,242688.1,29360.2,192738.5,171294.6,167488.8,185351.3,185040.9,187718.1,196823.3,150389.7,181974.5
39,0.2414,0.2413,0.2412,0.2411,0.241,0.2409,0.2408,0.2407,0.2406,0.2405,0.2415,0.2416,0.2417,0.2418,0.2419,0.242,0.2421,0.2422,0.2423,0.2424,147608.1,342465,311820.3,364899.2,286114.5,271515.1,248049.4,229973.4,264468.1,256469.4,14719.3,103162.4,181938.8,166776.8,167471.2,169275.5,206237.6,172645.9,194805.2,141518.7
40,0.2412,0.2411,0.241,0.2409,0.2408,0.2407,0.2406,0.2405,0.2404,0.2403,0.2413,0.2414,0.2415,0.2416,0.2417,0.2418,0.2419,0.242,0.2421,0.2422,129870.1,201823.6,230970.6,365657.8,388759.5,314085.2,269155.1,328284.9,260827.1,141347.2,30021.4,186622.4,206666.8,152483.7,171498.5,179412.8,172775.2,178126,191668.9,174408.5
41,0.2406,0.2405,0.2404,0.2403,0.2402,0.2401,0.24,0.2399,0.2398,0.2397,0.2407,0.2408,0.2409,0.241,0.2411,0.2412,0.2413,0.2414,0.2415,0.2416,32481.2,227673.6,258941,368177.8,353917.6,273789.3,337666.2,282075.9,151726.1,167218,63607.1,187692.1,177214.9,167129.4,174566.1,144419.3,169221.1,119181.5,169111.3,172903.5
42,0.2404,0.2403,0.2402,0.2401,0.24,0.2399,0.2398,0.2397,0.2396,0.2395,0.2405,0.2406,0.2407,0.2408,0.2409,0.241,0.2411,0.2412,0.2413,0.2414,53276.2,185691,283469.9,330296.9,248774.3,343136.4,216520.5,328827.1,77299.4,108797.8,46162.9,217781.7,186005.1,177123.6,191016.1,153285.9,180647,136539.8,154832.4,177113.5
43,0.2404,0.2403,0.2402,0.2401,0.24,0.2399,0.2398,0.2397,0.2396,0.2395,0.2405,0.2406,0.2407,0.2408,0.2409,0.241,0.2411,0.2412,0.2413,0.2414,82606,246127.6,263304.2,404781.1,329306.2,376377.7,351376.7,341689.2,258878.3,115040.7,17574.6,194821.9,213925.9,154436.7,167149.6,137569.7,212944.8,133516.3,159643.8,204750.5
44,0.2406,0.2405,0.2404,0.2403,0.2402,0.2401,0.24,0.2399,0.2398,0.2397,0.2407,0.2408,0.2409,0.241,0.2411,0.2412,0.2413,0.2414,0.2415,0.2416,89025.3,222766.1,303311.9,411074.4,263219.8,479628.6,372651.2,296882.5,355766,236420.2,79092.3,226330.1,218242.3,136548.4,194772.5,131177.8,183653.9,193387.4,199415.3,147817.9
45,0.2405,0.2404,0.2403,0.2402,0.2401,0.24,0.2399,0.2398,0.2397,0.2396,0.2406,0.2407,0.2408,0.2409,0.241,0.2411,0.2412,0.2413,0.2414,0.2415,100986.1,293996.4,331489.1,264367.3,387957,358217.3,375885,279195.1,292784.5,53230,37014.3,218013.6,185939.4,193251.1,143028.9,154536.4,154625.5,159643.8,225315,197850
46,0.2402,0.2401,0.24,0.2399,0.2398,0.2397,0.2396,0.2395,0.2394,0.2393,0.2403,0.2404,0.2405,0.2406,0.2407,0.2408,0.2409,0.241,0.2411,0.2412,128981.1,237763.6,384985.7,269957.8,410231.1,435594.5,205070.2,484738.4,216954.5,115946.2,17796.8,224001.6,234027.4,168822.3,215539,141635.3,213235.6,134807.8,183997.8,133274.5
47,0.2404,0.2403,0.2402,0.2401,0.24,0.2399,0.2398,0.2397,0.2396,0.2395,0.2405,0.2406,0.2407,0.2408,0.2409,0.241,0.2411,0.2412,0.2413,0.2414,119178.7,235222.7,291894.7,258732.5,424455.5,269776.7,359155.8,274381.3,245486,184625.6,20878.3,232518.3,217198.6,150903.5,173030.3,133394.1,205973.3,133217.8,130803.4,205996.9
48,0.2405,0.2404,0.2403,0.2402,0.2401,0.24,0.2399,0.2398,0.2397,0.2396,0.2406,0.2407,0.2408,0.2409,0.241,0.2411,0.2412,0.2413,0.2414,0.2415,16795.7,211799,269783.1,288820.2,272867.4,462876,295094.9,218254.9,464450.2,130135.6,64964.5,233897.8,223212.7,174901,143567.5,183997.8,181123.2,130803.4,204577.4,216691.3
49,0.2403,0.2402,0.2401,0.24,0.2399,0.2398,0.2397,0.2396,0.2395,0.2394,0.2404,0.2405,0.2406,0.2407,0.2408,0.2409,0.241,0.2411,0.2412,0.2413,137659.2,229833.1,323079.7,442646.1,314213.9,439589.4,247232.5,255960.4,144856.6,247341.5,23503.7,229022.2,196133.5,177582.6,173983.5,166835.5,157073.6,183997.8,172730.4,129380.3
50,0.2403,0.2402,0.2401,0.24,0.2399,0.2398,0.2397,0.2396,0.2395,0.2394,0.2404,0.2405,0.2406,0.2407,0.2408,0.2409,0.241,0.2411,0.2412,0.2413,125018.4,299645.3,434353.8,288413.5,397735.8,387033.5,413316.2,390694.4,183565.9,238221.3,15106.1,213504.2,199650.6,179631.2,209751.4,162458.6,153480.6,152063.6,250946.9,180597.4
