timestamp,bid_price_0,bid_price_1,bid_price_2,bid_price_3,bid_price_4,bid_price_5,bid_price_6,bid_price_7,bid_price_8,bid_price_9,ask_price_0,ask_price_1,ask_price_2,ask_price_3,ask_price_4,ask_price_5,ask_price_6,ask_price_7,ask_price_8,ask_price_9,bid_size_0,bid_size_1,bid_size_2,bid_size_3,bid_size_4,bid_size_5,bid_size_6,bid_size_7,bid_size_8,bid_size_9,ask_size_0,ask_size_1,ask_size_2,ask_size_3,ask_size_4,ask_size_5,ask_size_6,ask_size_7,ask_size_8,ask_size_9
0,8.62,8.61,8.6,8.59,8.58,8.57,8.56,8.55,8.54,8.53,8.63,8.64,8.65,8.66,8.67,8.68,8.69,8.7,8.71,8.72,15278.89,22353.79,22325.62,20044.3,14449.59,12811.99,12369.35,13080.63,12221.78,10447.69,9395.37,22978,30720.48,11076.79,5203.38,5902,4212.34,6510.81,3244.95,2964.98
1,8.62,8.61,8.6,8.59,8.58,8.57,8.56,8.55,8.54,8.53,8.63,8.64,8.65,8.66,8.67,8.68,8.69,8.7,8.71,8.72,9177.24,21411.09,24213.07,20066.26,14584.42,12782.68,12462.39,13080.63,12457.68,10447.69,15320.68,26133.66,26403.09,11151.38,4229.26,5543.08,4190.61,5699.22,3244.95,2964.98
2,8.61,8.6,8.59,8.58,8.57,8.56,8.55,8.54,8.53,8.52,8.62,8.63,8.64,8.65,8.66,8.67,8.68,8.69,8.7,8.71,15571.78,21834.2,24097.54,18305.5,13691.57,12988.21,13084.11,12457.68,10452.01,4464.08,11286.62,21722.16,30640.47,17141.75,9891.46,4307.24,5685.9,3308.43,4894.44,2989.67
3,8.62,8.61,8.6,8.59,8.58,8.57,8.56,8.55,8.54,8.53,8.63,8.64,8.65,8.66,8.67,8.68,8.69,8.7,8.71,8.72,8576.52,25024.95,26736.73,20222.61,14505.93,12782.68,13273.97,13080.63,12459.99,10448.72,15403,24526.54,27359.63,11515.34,4307.82,5568.37,4182.41,4894.44,2989.67,3227.69
4,8.62,8.61,8.6,8.59,8.58,8.57,8.56,8.55,8.54,8.53,8.63,8.64,8.65,8.66,8.67,8.68,8.69,8.7,8.71,8.72,11030.92,24070.78,21023.58,20152.07,14852.13,13597.91,12432.38,13080.63,12459.99,10177.39,14340.08,27547.59,28587.6,9081.96,4391.53,5568.37,4212.41,4894.44,3258.31,3227.69
5,8.62,8.61,8.6,8.59,8.58,8.57,8.56,8.55,8.54,8.53,8.63,8.64,8.65,8.66,8.67,8.68,8.69,8.7,8.71,8.72,14828.02,24881.44,21291.62,19862.4,14822.56,13597.91,12432.38,13080.63,12464.31,10173.07,8288.32,24078.39,29672.59,10181.07,4916.94,5980.69,4212.41,4894.44,4069.9,2964.98
6,8.62,8.61,8.6,8.59,8.58,8.57,8.56,8.55,8.54,8.53,8.63,8.64,8.65,8.66,8.67,8.68,8.69,8.7,8.71,8.72,13946.75,23713.01,22395.48,19579.63,13671.14,13713.31,12357.77,13073.37,12448.41,10173.07,14002.12,24765.95,28801.51,8931.04,5077.77,4888.59,4200.76,5745.55,3258.31,2964.98
7,8.62,8.61,8.6,8.59,8.58,8.57,8.56,8.55,8.54,8.53,8.63,8.64,8.65,8.66,8.67,8.68,8.69,8.7,8.71,8.72,13836.67,23729.36,22688.74,19867.55,13700.7,13713.31,12357.77,13073.37,12448.41,10173.07,14330.53,26710.14,26398.34,8905.08,4893.99,4309.5,4200.76,5745.55,3258.31,2964.98
8,8.62,8.61,8.6,8.59,8.58,8.57,8.56,8.55,8.54,8.53,8.63,8.64,8.65,8.66,8.67,8.68,8.69,8.7,8.71,8.72,14767.64,24249.22,22945.83,19579.64,13592.65,13715.28,12323.27,13073.37,12448.41,10173.07,13399.12,27335.67,27733.97,7522.83,4893.99,4908.26,4200.76,5699.22,3258.31,2964.98
9,8.62,8.61,8.6,8.59,8.58,8.57,8.56,8.55,8.54,8.53,8.63,8.64,8.65,8.66,8.67,8.68,8.69,8.7,8.71,8.72,12130.1,23848.45,22691.27,19635.29,13671.14,13715.28,12358.37,13880.03,12448.41,10170.07,14611.68,27238.71,25894.25,8210.09,4893.99,4309.5,4200.76,5699.22,3258.31,2964.98
10,8.61,8.6,8.59,8.58,8.57,8.56,8.55,8.54,8.53,8.52,8.62,8.63,8.64,8.65,8.66,8.67,8.68,8.69,8.7,8.71,15589.74,22065.26,22663.87,19232.91,14422.63,12980.19,13883.5,12448.41,10170.07,4467.99,8812.12,22904.8,32201.01,17719.2,7659.78,4332.58,3783.15,4167.29,5709.22,3258.31
11,8.61,8.6,8.59,8.58,8.57,8.56,8.55,8.54,8.53,8.52,8.62,8.63,8.64,8.65,8.66,8.67,8.68,8.69,8.7,8.71,13744.38,22250.09,22722.09,19237.02,14452.82,12980.19,13883.5,12448.41,10170.07,4467.99,13872.75,24524.8,29954.53,15373,7064.46,3720.87,4531.91,3354.76,5709.22,3258.31
12,8.61,8.6,8.59,8.58,8.57,8.56,8.55,8.54,8.53,8.52,8.62,8.63,8.64,8.65,8.66,8.67,8.68,8.69,8.7,8.71,11781.47,24136.84,23359.51,19051.18,14454.58,12973.24,13885.54,12452.23,10982.6,4464.08,14377,26899.8,28628.73,15372.98,7081.64,3720.87,4531.91,3341.4,5709.22,3258.31
13,8.6,8.59,8.58,8.57,8.56,8.55,8.54,8.53,8.52,8.51,8.61,8.62,8.63,8.64,8.65,8.66,8.67,8.68,8.69,8.7,14427.2,22848.23,21817.24,19717.59,14073.07,14447.75,12455.71,10437.06,4464.08,3210.94,10237.24,20176.45,31568.23,18532.01,15360.94,6363.77,3041.44,4486.61,3295.07,5709.22
14,8.59,8.58,8.57,8.56,8.55,8.54,8.53,8.52,8.51,8.5,8.6,8.61,8.62,8.63,8.64,8.65,8.66,8.67,8.68,8.69,8173.06,19885.91,24843.05,20966.3,14920.13,13065.43,11226.52,5253.85,3473.68,2554.93,15366.91,26128.14,24764.41,16091.85,15983.47,14382.27,5239.73,2377.78,4639.76,3324.62
15,8.58,8.57,8.56,8.55,8.54,8.53,8.52,8.51,8.5,8.49,8.59,8.6,8.61,8.62,8.63,8.64,8.65,8.66,8.67,8.68,13197.85,13652.98,14627.98,9559.4,8522.6,5657.04,6068.72,4283.43,2554.93,3564.68,8129.55,21174.48,25074.4,9347.99,7460.61,8431.25,4355.46,5196.74,2114.61,3635.61
16,8.57,8.56,8.55,8.54,8.53,8.52,8.51,8.5,8.49,8.48,8.58,8.59,8.6,8.61,8.62,8.63,8.64,8.65,8.66,8.67,14112.16,13668.77,13329.56,10229.13,6252.73,6069.18,4248.14,3293.32,3530.89,1458.19,8552.79,19304.38,34112.8,8932.98,7195.4,7078.56,5696.28,4069.97,4962.74,2079.74
17,8.58,8.57,8.56,8.55,8.54,8.53,8.52,8.51,8.5,8.49,8.59,8.6,8.61,8.62,8.63,8.64,8.65,8.66,8.67,8.68,13221.93,21255.07,15466.87,9692.12,8285.92,5620.11,6402.91,4248.14,2444.91,3312.66,11245.02,23649.98,21433.32,8626.16,7121.38,5078.53,4885.34,5020.99,2079.74,3581.6
18,8.58,8.57,8.56,8.55,8.54,8.53,8.52,8.51,8.5,8.49,8.59,8.6,8.61,8.62,8.63,8.64,8.65,8.66,8.67,8.68,14301.26,22640.31,18556.29,9936.3,8624.8,5620.11,6093.01,3433.72,2444.91,3312.66,14226.7,28745.21,19505.16,6346.54,7132.86,5098.14,4069.97,4989.87,2079.74,3581.6
19,8.58,8.57,8.56,8.55,8.54,8.53,8.52,8.51,8.5,8.49,8.59,8.6,8.61,8.62,8.63,8.64,8.65,8.66,8.67,8.68,8400.26,21070.32,19294.39,9698.47,8320.24,6173.49,6402.91,4250.04,2444.91,3576.13,17720.69,27723.7,14769.71,7283.04,7287.96,5100.19,3907.06,5199.12,1824.79,3581.6
20,8.59,8.58,8.57,8.56,8.55,8.54,8.53,8.52,8.51,8.5,8.6,8.61,8.62,8.63,8.64,8.65,8.66,8.67,8.68,8.69,14856.86,23528.04,19683.29,11512.43,7652.39,6501.81,5138.97,5182.67,3433.72,2172.88,1940.56,16672.77,18990.62,9603.43,5698.68,5307.13,5187.41,2895,3628.14,2818.05
21,8.59,8.58,8.57,8.56,8.55,8.54,8.53,8.52,8.51,8.5,8.6,8.61,8.62,8.63,8.64,8.65,8.66,8.67,8.68,8.69,14311.93,23700.12,19826.61,11133.63,8695.59,7168.36,5136.33,5182.67,3433.72,2172.88,13455.13,17750.33,20402.93,8823.86,5600.2,5359.2,5190.9,2895,3837.39,3632.47
22,8.59,8.58,8.57,8.56,8.55,8.54,8.53,8.52,8.51,8.5,8.6,8.61,8.62,8.63,8.64,8.65,8.66,8.67,8.68,8.69,9046.88,21837.9,21814.16,10346.86,8684.7,7168.36,5136.33,5997.09,3433.72,2197.46,16486.12,22876.7,15082.07,8696.5,5600.2,5359.2,5190.9,2895,3837.39,2818.05
23,8.6,8.59,8.58,8.57,8.56,8.55,8.54,8.53,8.52,8.51,8.61,8.62,8.63,8.64,8.65,8.66,8.67,8.68,8.69,8.7,13686.01,23123.02,22430.15,17827.27,8695.86,7757.89,6543.31,4225.36,4399.49,3433.72,9979.52,16869.72,21488.54,8599.2,6136.02,5930.22,2901.99,3837.39,3632.47,4812.57
24,8.6,8.59,8.58,8.57,8.56,8.55,8.54,8.53,8.52,8.51,8.61,8.62,8.63,8.64,8.65,8.66,8.67,8.68,8.69,8.7,11819.49,21213.9,23520.71,18017.15,8463.44,7820.57,6543.31,4191.35,4429.03,3170.98,15745.78,19604.24,18977.55,7487.3,6104.9,5926.73,2091.05,3837.39,2818.05,4812.57
25,8.6,8.59,8.58,8.57,8.56,8.55,8.54,8.53,8.52,8.51,8.61,8.62,8.63,8.64,8.65,8.66,8.67,8.68,8.69,8.7,13938.12,24334.81,28423.72,17379.4,8547.74,6691.67,6543.31,4106.86,4429.03,3170.98,11761.38,19793.79,20559.31,7446.76,6104.9,5118.24,2904.53,4644.02,3027.3,4802.57
26,8.61,8.6,8.59,8.58,8.57,8.56,8.55,8.54,8.53,8.52,8.62,8.63,8.64,8.65,8.66,8.67,8.68,8.69,8.7,8.71,9074.97,22123.96,28265.83,19770.36,15744.28,8237.68,5407.75,6445.67,4106.86,4160.09,18201.41,18336.85,17764.3,7872.53,5702.92,3539.79,4647.5,4088.12,4686.44,2780.42
27,8.61,8.6,8.59,8.58,8.57,8.56,8.55,8.54,8.53,8.52,8.62,8.63,8.64,8.65,8.66,8.67,8.68,8.69,8.7,8.71,15616.19,23214.51,24668.68,20925.86,15576.87,5715.78,5311.57,5633.14,4106.86,4220.58,628.95,22507.17,20461.93,9805.3,7466.46,4266.47,4647.5,4088.12,4686.44,3592.01
28,8.62,8.61,8.6,8.59,8.58,8.57,8.56,8.55,8.54,8.53,8.63,8.64,8.65,8.66,8.67,8.68,8.69,8.7,8.71,8.72,10574.55,22380.01,22362.52,18795.52,16897.81,14778.61,6460.22,4916.31,4813.29,4142.07,15241.5,20305.25,17965.87,8118.39,4218.89,5090.46,4138.13,4895.69,2950.93,3109.89
29,8.62,8.61,8.6,8.59,8.58,8.57,8.56,8.55,8.54,8.53,8.63,8.64,8.65,8.66,8.67,8.68,8.69,8.7,8.71,8.72,15837.29,23974.41,24070.45,20260.31,16797.01,13498.14,6366.15,4916.31,4813.29,4141.46,652.83,21998.98,23877.54,10204.36,6083.12,5085.13,4137.54,4895.69,4000.76,2995.71
30,8.64,8.63,8.62,8.61,8.6,8.59,8.58,8.57,8.56,8.55,8.65,8.66,8.67,8.68,8.69,8.7,8.71,8.72,8.73,8.74,12411.91,23582.89,26354.36,20524.52,15139.6,14044.95,14766.49,12675.15,5858.68,4964.96,12086.01,23293.85,20841,7400.28,5613.42,6294.12,4120.11,4042.56,2120.62,3149.86
31,8.65,8.64,8.63,8.62,8.61,8.6,8.59,8.58,8.57,8.56,8.66,8.67,8.68,8.69,8.7,8.71,8.72,8.73,8.74,8.75,8415.28,19154.95,21615.12,21532.97,15743.24,15548.8,13562.02,13653.42,12675.15,5887.94,19320.2,20490.02,13093.08,6848.33,6276.96,4663.14,3833.31,2120.62,3149.86,2492.66
32,8.64,8.63,8.62,8.61,8.6,8.59,8.58,8.57,8.56,8.55,8.65,8.66,8.67,8.68,8.69,8.7,8.71,8.72,8.73,8.74,13793.39,22302.31,23213.63,20762.14,16155.6,12452.41,13647.33,12675.15,5353.71,4907.16,221.21,20551.57,24122.03,10284.57,6707.5,6373.05,4440.25,3030.38,2120.62,3950.95
33,8.64,8.63,8.62,8.61,8.6,8.59,8.58,8.57,8.56,8.55,8.65,8.66,8.67,8.68,8.69,8.7,8.71,8.72,8.73,8.74,12906.13,21680.55,24522.31,20406.45,16179.68,13004.85,13670.91,12675.15,5353.71,4907.16,9874.17,23838.35,24948.33,8132.35,6560.45,6371.81,4440.24,3030.38,2085.95,3702.53
34,8.64,8.63,8.62,8.61,8.6,8.59,8.58,8.57,8.56,8.55,8.65,8.66,8.67,8.68,8.69,8.7,8.71,8.72,8.73,8.74,13757.3,24300.2,23509.06,20449.76,16237.86,13004.85,13670.91,12675.76,5353.1,4907.16,11025.87,23474.32,25202.98,8048.87,6174.37,5805.11,4377.55,3030.38,2085.95,3702.53
35,8.64,8.63,8.62,8.61,8.6,8.59,8.58,8.57,8.56,8.55,8.65,8.66,8.67,8.68,8.69,8.7,8.71,8.72,8.73,8.74,11126.58,22591.64,23921.73,20409.26,16267.35,13634.42,13700.92,12675.76,5324.77,4907.16,11591.78,27237.79,23222.66,7269.56,6141.41,5773.54,4377.55,3030.38,2085.95,3702.53
36,8.64,8.63,8.62,8.61,8.6,8.59,8.58,8.57,8.56,8.55,8.65,8.66,8.67,8.68,8.69,8.7,8.71,8.72,8.73,8.74,8704.45,23016.33,25360.74,19612.92,15925.51,13035.97,13989.46,12675.76,5324.77,4935.52,14022.53,25937.16,22288.45,8377.22,5425.72,5667.89,4347.56,3030.38,2086.89,3702.53
37,8.64,8.63,8.62,8.61,8.6,8.59,8.58,8.57,8.56,8.55,8.65,8.66,8.67,8.68,8.69,8.7,8.71,8.72,8.73,8.74,11608.24,22849.03,25875.39,19861.27,17475.16,13638.93,13989.46,12675.76,5324.77,6253.14,11674.83,24134.7,22952.95,10059.07,5425.72,5667.1,4090.11,3030.38,2086.89,3702.53
38,8.64,8.63,8.62,8.61,8.6,8.59,8.58,8.57,8.56,8.55,8.65,8.66,8.67,8.68,8.69,8.7,8.71,8.72,8.73,8.74,12376.36,23989.25,25117.99,19797.31,17674.37,13037.61,13681.73,12675.76,5324.77,6253.13,12546.4,25592.15,23038.44,7672.68,5425.72,5667.1,4090.11,3030.38,2086.89,3702.53
39,8.64,8.63,8.62,8.61,8.6,8.59,8.58,8.57,8.56,8.55,8.65,8.66,8.67,8.68,8.69,8.7,8.71,8.72,8.73,8.74,7328.22,21720.07,26988.38,19861.38,17703.87,13592.02,13678.26,12679.23,6134.48,6253.13,17377.39,31200.62,14220.72,8327.94,5425.72,5670.57,4086.64,3030.38,2086.89,3702.53
40,8.63,8.62,8.61,8.6,8.59,8.58,8.57,8.56,8.55,8.54,8.64,8.65,8.66,8.67,8.68,8.69,8.7,8.71,8.72,8.73,14188.6,23331.67,25726.12,21460.57,13761.6,14705.88,12679.23,6134.48,6253.13,4062.07,12070.07,23050.02,30091.19,9181.76,7155.38,4942.02,5052.53,4051.97,3798.64,1001.43
41,8.64,8.63,8.62,8.61,8.6,8.59,8.58,8.57,8.56,8.55,8.65,8.66,8.67,8.68,8.69,8.7,8.71,8.72,8.73,8.74,9636.4,23088.39,23883.49,19861.48,17942.08,12944.57,13824.58,12679.23,6135.42,6253.13,15961.28,29803.84,15716.37,8016.2,5498.07,5739.95,4051.97,3798.64,1811.14,3142.47
42,8.64,8.63,8.62,8.61,8.6,8.59,8.58,8.57,8.56,8.55,8.65,8.66,8.67,8.68,8.69,8.7,8.71,8.72,8.73,8.74,8306.57,20301.59,26566.72,20398.25,17597.87,12947.19,14073.29,12675.76,6135.42,6253.13,21195.22,27609.56,12881.41,8434.66,5463.4,5833.3,4051.97,3798.64,1001.43,3142.47
43,8.63,8.62,8.61,8.6,8.59,8.58,8.57,8.56,8.55,8.54,8.64,8.65,8.66,8.67,8.68,8.69,8.7,8.71,8.72,8.73,9770.69,19571.98,27339.1,21472.32,14991.67,15191.18,12679.23,6135.42,6253.13,4876.62,15376.53,26540.25,27328.04,8225.61,7155.38,4882.06,5268.43,3240.38,3798.64,1001.43
44,8.63,8.62,8.61,8.6,8.59,8.58,8.57,8.56,8.55,8.54,8.64,8.65,8.66,8.67,8.68,8.69,8.7,8.71,8.72,8.73,6991.06,22218.29,27569.62,21870.65,15113.03,15127.49,12771.55,6135.42,6463.15,4876.62,17742.74,33785.22,20490.12,7910.08,5870.55,4800.7,5238.43,3031.13,3798.64,1251.3
45,8.62,8.61,8.6,8.59,8.58,8.57,8.56,8.55,8.54,8.53,8.63,8.64,8.65,8.66,8.67,8.68,8.69,8.7,8.71,8.72,14309.25,18072.78,21049.71,15231.35,15359.29,13330.36,6138.89,6463.15,4872.72,3941.37,7692.58,21739.73,30732.85,18178.24,6867.67,5875.26,4198.9,5188.43,3031.13,3798.64
46,8.62,8.61,8.6,8.59,8.58,8.57,8.56,8.55,8.54,8.53,8.63,8.64,8.65,8.66,8.67,8.68,8.69,8.7,8.71,8.72,9284.37,21672,26492.57,20095.57,16501.92,13349.86,6138.89,6463.15,4873.66,3941.37,15415.34,23736.88,29402.28,17748.94,6730.36,5376.16,4128.24,5953.36,3031.13,2743.26
47,8.6,8.59,8.58,8.57,8.56,8.55,8.54,8.53,8.52,8.51,8.61,8.62,8.63,8.64,8.65,8.66,8.67,8.68,8.69,8.7,12992.86,23604.39,23528.11,17219.11,7268.21,7481.9,5077,4893.77,4195.93,3418.61,12994.5,21982.49,27224.77,14742.4,16391.86,15127.5,5035.42,4610.9,3056.75,5417.4
48,8.59,8.58,8.57,8.56,8.55,8.54,8.53,8.52,8.51,8.5,8.6,8.61,8.62,8.63,8.64,8.65,8.66,8.67,8.68,8.69,6307.56,14976.44,13498.08,10599.91,8082.38,5613.85,4893.77,4373.56,3486.83,5472.83,3541.62,11908.47,23987.53,9527.36,7318.67,9305.27,6858.64,4136.8,5421.01,3056.75
49,8.59,8.58,8.57,8.56,8.55,8.54,8.53,8.52,8.51,8.5,8.6,8.61,8.62,8.63,8.64,8.65,8.66,8.67,8.68,8.69,11862.47,18911.07,15480.21,11170.77,8329.97,6615.02,5011.77,3561.03,3448.17,5732.01,10211.51,22127.76,19249.52,9405.51,7296.96,9021.49,5901.67,4126.21,5417.53,2809.41
50,8.59,8.58,8.57,8.56,8.55,8.54,8.53,8.52,8.51,8.5,8.6,8.61,8.62,8.63,8.64,8.65,8.66,8.67,8.68,8.69,13022.47,19044.32,14613.03,11127.83,8331.73,6113.45,5011.77,3561.03,3448.17,5737.01,8494.57,22566.34,20124.9,9838.91,7251.03,7469.45,5936.51,4126.21,5417.53,3018.66
51,8.59,8.58,8.57,8.56,8.55,8.54,8.53,8.52,8.51,8.5,8.6,8.61,8.62,8.63,8.64,8.65,8.66,8.67,8.68,8.69,10815.68,20150.32,14948.32,11206.51,8331.73,6113.45,5011.77,4375.45,3448.17,5733.09,11495.07,28353.11,17012.8,8039.66,7209.91,6103.21,5363.6,4126.21,5417.53,3018.66
52,8.58,8.57,8.56,8.55,8.54,8.53,8.52,8.51,8.5,8.49,8.59,8.6,8.61,8.62,8.63,8.64,8.65,8.66,8.67,8.68,13159.2,13217.56,14680.08,10230.61,7962.54,4842.43,4378.94,4270.91,5733.09,3570.04,10107.41,20592.84,31165.96,8671,6950.26,7144.27,5544.63,4533.92,4126.21,5417.53
53,8.59,8.58,8.57,8.56,8.55,8.54,8.53,8.52,8.51,8.5,8.6,8.61,8.62,8.63,8.64,8.65,8.66,8.67,8.68,8.69,9759.31,19627.24,12793.46,8946.8,8362,7156.9,4306.94,4407.09,5383.98,5733.09,13992.04,28675.2,14060.39,7744.12,7261.94,6167.54,5403.99,4181.86,5974.06,3018.66
54,8.58,8.57,8.56,8.55,8.54,8.53,8.52,8.51,8.5,8.49,8.59,8.6,8.61,8.62,8.63,8.64,8.65,8.66,8.67,8.68,13823.22,13804.26,15061.3,10142.46,6867.35,4893.94,4351.44,4270.91,5485.25,3598.59,9149.46,17195.72,35804.12,7996.67,6998.95,6366.2,5544.63,4534.51,4126.21,5417.53
55,8.58,8.57,8.56,8.55,8.54,8.53,8.52,8.51,8.5,8.49,8.59,8.6,8.61,8.62,8.63,8.64,8.65,8.66,8.67,8.68,8693.38,15123.89,18260.69,10283.18,8005.28,4810.96,4351.44,4270.91,5725.64,3598.59,13767.65,25025.51,25704.88,7384.18,7198.28,6398.62,5483.57,4528.8,4126.21,5158.02
56,8.57,8.56,8.55,8.54,8.53,8.52,8.51,8.5,8.49,8.48,8.58,8.59,8.6,8.61,8.62,8.63,8.64,8.65,8.66,8.67,15163.23,19486.35,13637.85,8977.93,6059.72,5406.36,4270.91,5891.11,3571.57,1182.29,806.45,18125.34,27926.36,20102.83,6698.88,6558.17,4591.02,6264.14,5297.44,3880.72
57,8.57,8.56,8.55,8.54,8.53,8.52,8.51,8.5,8.49,8.48,8.58,8.59,8.6,8.61,8.62,8.63,8.64,8.65,8.66,8.67,12144,16746.76,13491.21,8399.92,7043.49,5495.59,4330.05,7820.5,3571.57,1346.15,10997.62,22722.98,23980.58,17596.67,6657.61,6569.69,4646.67,5503.47,5353.09,4707.49
58,8.58,8.57,8.56,8.55,8.54,8.53,8.52,8.51,8.5,8.49,8.59,8.6,8.61,8.62,8.63,8.64,8.65,8.66,8.67,8.68,7435.8,23290.37,20577.99,9482.74,8598.24,4977.15,4852.8,4270.91,5891.11,3539.44,18102.77,28989.53,20913.62,7870.27,6478.99,4587.53,6267.63,5297.44,4150.96,4585.73
59,8.57,8.56,8.55,8.54,8.53,8.52,8.51,8.5,8.49,8.48,8.58,8.59,8.6,8.61,8.62,8.63,8.64,8.65,8.66,8.67,12021.22,15305.47,14223.04,9043.75,5825.77,5416,4274.4,6706.48,3539.44,1606.38,11875.79,25787.13,24511.63,18247.48,7256.72,6371.84,4593.06,5447.82,5296.85,4150.96
60,8.57,8.56,8.55,8.54,8.53,8.52,8.51,8.5,8.49,8.48,8.58,8.59,8.6,8.61,8.62,8.63,8.64,8.65,8.66,8.67,8458.71,19131.31,22386.94,9534.88,7017.2,5353.09,4338.35,5891.11,3539.44,1636.04,17006.17,29560.7,16529.18,15987.54,7220.98,5087.27,5307.48,5619.64,5296.85,4150.96
61,8.56,8.55,8.54,8.53,8.52,8.51,8.5,8.49,8.48,8.47,8.57,8.58,8.59,8.6,8.61,8.62,8.63,8.64,8.65,8.66,9569.6,21935.68,18457.21,8522.29,7461.4,4076.13,6796.72,4074.92,2453.31,3153.4,14060.95,22842.8,26594.43,14670.68,13437.61,5295.9,4252.19,4477.18,5618.64,5296.86
62,8.56,8.55,8.54,8.53,8.52,8.51,8.5,8.49,8.48,8.47,8.57,8.58,8.59,8.6,8.61,8.62,8.63,8.64,8.65,8.66,6635.75,20674.1,16074.93,8560.02,7426.42,4646.39,6796.72,4074.92,2453.31,3153.4,17484.83,28743.93,18460.22,14259.64,13449.15,5349.09,4254.89,4474.48,5618.64,5296.86
63,8.55,8.54,8.53,8.52,8.51,8.5,8.49,8.48,8.47,8.46,8.56,8.57,8.58,8.59,8.6,8.61,8.62,8.63,8.64,8.65,7404.74,20116.01,15312.29,11070.76,6094.17,9813.79,4425.04,2447.67,4310.53,2997.79,16422.38,22080.94,17483.12,8960.88,6123.79,5548.53,4488.43,4207.01,5293.58,5618.64
64,8.55,8.54,8.53,8.52,8.51,8.5,8.49,8.48,8.47,8.46,8.56,8.57,8.58,8.59,8.6,8.61,8.62,8.63,8.64,8.65,14227.64,26524.29,17808.19,8882.27,5913.33,7970.32,4924.56,2447.35,3456.15,2392.06,8548.18,19148.02,25598.42,13167.79,7080.09,6123.29,4556.6,4207.01,5294.17,5618.64
65,8.55,8.54,8.53,8.52,8.51,8.5,8.49,8.48,8.47,8.46,8.56,8.57,8.58,8.59,8.6,8.61,8.62,8.63,8.64,8.65,8973.97,20050.58,16391.48,11728.84,7016.09,7469.56,4099.88,1630.09,4309.33,2385.37,14318.08,23416.86,20987.53,9926.53,6467.93,5889.8,4526.6,4206.64,5291.15,5618.64
66,8.55,8.54,8.53,8.52,8.51,8.5,8.49,8.48,8.47,8.46,8.56,8.57,8.58,8.59,8.6,8.61,8.62,8.63,8.64,8.65,15058,22658.21,16133.8,8603.48,6986.29,7469.56,3281.65,1630.09,4277.13,2107.98,10617.2,22451.52,20865.54,9888.78,6438.13,5889.8,4526.6,5024.87,5291.15,5618.64
67,8.55,8.54,8.53,8.52,8.51,8.5,8.49,8.48,8.47,8.46,8.56,8.57,8.58,8.59,8.6,8.61,8.62,8.63,8.64,8.65,15244.8,23481.2,15896.68,8603.48,6986.29,7472.56,3281.65,1630.09,4277.13,2107.98,8293.41,22473.89,18874.11,9965.59,6438.13,5889.8,4526.6,5023.87,5291.15,5618.64
68,8.55,8.54,8.53,8.52,8.51,8.5,8.49,8.48,8.47,8.46,8.56,8.57,8.58,8.59,8.6,8.61,8.62,8.63,8.64,8.65,14575.95,21397.31,14021.82,8155.7,4109.3,10364.28,1288.73,4487.05,2238.4,3471.89,10473.98,20045.37,19629.28,8035.36,5793.12,4529.39,3849.28,3659.96,4616.33,4254.73
69,8.55,8.54,8.53,8.52,8.51,8.5,8.49,8.48,8.47,8.46,8.56,8.57,8.58,8.59,8.6,8.61,8.62,8.63,8.64,8.65,10987.03,21098.64,14217.08,7765.4,4139.1,10364.28,1288.73,4487.05,2202.95,4290.12,14151.55,24127.21,15291.54,6954.46,5763.31,4525.89,3852.78,2841.73,4616.33,4254.73
70,8.54,8.53,8.52,8.51,8.5,8.49,8.48,8.47,8.46,8.45,8.55,8.56,8.57,8.58,8.59,8.6,8.61,8.62,8.63,8.64,15335.64,16713.19,10789.43,7267.37,11256.9,1318.74,4488.01,2174.32,4599.99,4962.05,311.8,17694.35,27350.6,11271.74,7142.87,4975.87,3913.11,3814.61,2841.73,4616.92
71,8.54,8.53,8.52,8.51,8.5,8.49,8.48,8.47,8.46,8.45,8.55,8.56,8.57,8.58,8.59,8.6,8.61,8.62,8.63,8.64,8713.07,16066.42,14144.06,7196.4,11007.25,2272.13,4461.84,2174.32,4629.73,4962.05,12875.94,22975.16,23820.9,8623.63,6257.46,4300.87,3399.69,3814.61,2839.4,4616.92
72,8.53,8.52,8.51,8.5,8.49,8.48,8.47,8.46,8.45,8.44,8.54,8.55,8.56,8.57,8.58,8.59,8.6,8.61,8.62,8.63,12933.9,17000.11,13596.6,12429.37,3684.08,5480.64,2997.02,3986.13,4962.05,3459.5,11268.63,21604.75,23410.44,15986.72,7112.07,4646.65,3623.21,3371.2,4626.85,2840.12
73,8.53,8.52,8.51,8.5,8.49,8.48,8.47,8.46,8.45,8.44,8.54,8.55,8.56,8.57,8.58,8.59,8.6,8.61,8.62,8.63,13034.69,18861.98,12771.96,12461.46,3684.08,5480.64,2997.02,3986.13,4960.4,3459.5,7949.95,20094.36,23247.55,16092.88,7112.07,4679.36,3623.21,3001.97,4626.85,2840.12
74,8.54,8.53,8.52,8.51,8.5,8.49,8.48,8.47,8.46,8.45,8.55,8.56,8.57,8.58,8.59,8.6,8.61,8.62,8.63,8.64,10935.1,20648.73,15751.55,9328.02,12219.56,2766.14,4553.89,2171.4,3986.13,4725.35,14173.7,20930.28,24708.15,9105.6,4680.96,4244.23,3005.48,4625.85,2840.12,3806.64
75,8.54,8.53,8.52,8.51,8.5,8.49,8.48,8.47,8.46,8.45,8.55,8.56,8.57,8.58,8.59,8.6,8.61,8.62,8.63,8.64,6750.81,19670.8,17737.47,9338.69,12211.44,2766.14,4553.89,2990.59,3986.13,4725.35,16761.15,26377.38,18439.95,8470.35,4655.29,4311.56,3001.97,4625.85,2840.12,3806.64
76,8.53,8.52,8.51,8.5,8.49,8.48,8.47,8.46,8.45,8.44,8.54,8.55,8.56,8.57,8.58,8.59,8.6,8.61,8.62,8.63,9929.59,15784.58,15983.18,12739.36,3650.97,5473.96,2995.06,3986.13,4725.35,3743.76,13372.13,23483.41,24620.54,13725.9,7076.25,4718.16,3665.37,3003.63,4625.85,2840.71
77,8.53,8.52,8.51,8.5,8.49,8.48,8.47,8.46,8.45,8.44,8.54,8.55,8.56,8.57,8.58,8.59,8.6,8.61,8.62,8.63,11756.61,16240.73,13924.34,12809.11,2801.91,5474.92,2174.91,4806.28,4725.35,4563.91,13010.4,23042.13,22930.87,14167.43,7046.37,4718.19,3665.37,3823.78,4625.85,2840.71
78,8.54,8.53,8.52,8.51,8.5,8.49,8.48,8.47,8.46,8.45,8.55,8.56,8.57,8.58,8.59,8.6,8.61,8.62,8.63,8.64,7380.83,18492.09,17276.86,9786.37,11940.82,1955.24,4866.21,2171.4,4806.28,4977.57,16143.34,25927.2,18536.78,8169.04,4718.78,4237.97,3858.45,4625.85,3660.27,3806.64
79,8.54,8.53,8.52,8.51,8.5,8.49,8.48,8.47,8.46,8.45,8.55,8.56,8.57,8.58,8.59,8.6,8.61,8.62,8.63,8.64,6586.48,19841.13,17330.95,9830.74,12279.34,1912.73,4554.85,2171.4,4806.28,4977.57,17325.22,28528.53,17332.85,8259.75,4655.32,4375.44,3857.49,4660.52,2840.12,3806.64
80,8.53,8.52,8.51,8.5,8.49,8.48,8.47,8.46,8.45,8.44,8.54,8.55,8.56,8.57,8.58,8.59,8.6,8.61,8.62,8.63,13157.65,15618.14,13334.51,12527.68,3060.54,5150.28,2174.91,4806.28,5177.77,4559.97,9484.87,19733.9,26848.49,15523.61,7076.24,4718.08,4039.55,3858.45,4625.85,2840.12
81,8.53,8.52,8.51,8.5,8.49,8.48,8.47,8.46,8.45,8.44,8.54,8.55,8.56,8.57,8.58,8.59,8.6,8.61,8.62,8.63,8023.74,15158.81,14635.84,12553.49,3090.41,5150.28,2174.91,4806.28,4888.57,4559.97,13333.18,23368.48,24745.84,13446.4,7046.37,4718.08,4039.55,3038.3,4625.85,2840.12
82,8.52,8.51,8.5,8.49,8.48,8.47,8.46,8.45,8.44,8.43,8.53,8.54,8.55,8.56,8.57,8.58,8.59,8.6,8.61,8.62,12896.83,19904.53,17121.68,6555.87,6030.09,4452.34,4848.7,4898.3,3739.82,3721.28,10441.68,21377.09,24271.2,17869.92,12380.3,5863.48,3814.14,3954.33,3027.71,4625.85
83,8.52,8.51,8.5,8.49,8.48,8.47,8.46,8.45,8.44,8.43,8.53,8.54,8.55,8.56,8.57,8.58,8.59,8.6,8.61,8.62,14680.88,19564.48,17281.43,6629.64,6341.65,4256.31,4849.66,4898.3,3739.82,3721.28,8236.7,19160.28,25268.25,19557.53,13828.71,5901.12,3776.58,3954.33,3027.71,4625.85
84,8.54,8.53,8.52,8.51,8.5,8.49,8.48,8.47,8.46,8.45,8.55,8.56,8.57,8.58,8.59,8.6,8.61,8.62,8.63,8.64,11285.46,20879.19,27370.76,14440,12622.41,3281.01,4555.74,3436.66,4025.04,4898.3,17028.29,28733.36,16454.37,7922.82,5928.73,4556.94,3847.86,4660.52,2840.12,2703.28
85,8.54,8.53,8.52,8.51,8.5,8.49,8.48,8.47,8.46,8.45,8.55,8.56,8.57,8.58,8.59,8.6,8.61,8.62,8.63,8.64,16284.79,20702.6,19913.25,14878.4,13146.71,3065.29,4457.38,2132.54,3986.13,4898.3,7747.83,21832.31,26068,9473.93,6504.58,4398.66,3891.96,3813.61,3659.31,3398.56
86,8.55,8.54,8.53,8.52,8.51,8.5,8.49,8.48,8.47,8.46,8.56,8.57,8.58,8.59,8.6,8.61,8.62,8.63,8.64,8.65,257.48,21181.57,21368.98,16446.12,10593.39,13791.74,2456.87,4460.88,1344.78,3986.13,19829.32,27211.22,10389.18,7181.15,5087.61,3891.95,3813.61,4910.07,3398.56,1779.5
87,8.54,8.53,8.52,8.51,8.5,8.49,8.48,8.47,8.46,8.45,8.55,8.56,8.57,8.58,8.59,8.6,8.61,8.62,8.63,8.64,14274.94,20531.24,20210.71,14420.8,14115.69,3080.98,4460.88,1344.78,3986.13,4902.24,13116.99,25657.75,25469.84,6470.42,5668.5,4404.66,3891.95,3813.61,4090.88,3398.56
88,8.54,8.53,8.52,8.51,8.5,8.49,8.48,8.47,8.46,8.45,8.55,8.56,8.57,8.58,8.59,8.6,8.61,8.62,8.63,8.64,15303.14,26111.75,20697.08,14492.88,13231.02,3080.98,5286.53,1344.78,3957.47,4930.93,12900.36,22188.14,26157.89,8178.85,5668.5,4404.66,3891.95,3813.61,4092.16,3398.56
89,8.54,8.53,8.52,8.51,8.5,8.49,8.48,8.47,8.46,8.45,8.55,8.56,8.57,8.58,8.59,8.6,8.61,8.62,8.63,8.64,11052.63,20436.8,21071.04,14801.73,13260.86,3080.98,5286.53,2163.97,3957.47,4930.93,13475.61,24105.04,24367.48,7910.82,5630.97,4404.66,3891.96,3813.61,4092.16,3398.56
90,8.55,8.54,8.53,8.52,8.51,8.5,8.49,8.48,8.47,8.46,8.56,8.57,8.58,8.59,8.6,8.61,8.62,8.63,8.64,8.65,7961.06,27516.9,32479.72,18400.34,10793.27,11571.16,2456.87,4468.31,1344.78,3957.47,16159.27,21669.65,6429.29,5233.81,5093.95,4469.15,3813.61,4911.35,3398.56,1779.5
91,8.55,8.54,8.53,8.52,8.51,8.5,8.49,8.48,8.47,8.46,8.56,8.57,8.58,8.59,8.6,8.61,8.62,8.63,8.64,8.65,8301.68,25023.19,32646.96,19966.22,10659.99,11758.95,2460.38,4457.38,1344.78,3676.26,15133.08,17902.66,10552.23,5992.16,5017.05,4800.78,3851.78,4910.98,3398.56,1779.5
92,8.55,8.54,8.53,8.52,8.51,8.5,8.49,8.48,8.47,8.46,8.56,8.57,8.58,8.59,8.6,8.61,8.62,8.63,8.64,8.65,13573.6,30762.67,29174.55,18161.61,8580.28,10724.76,2460.38,3639.15,1344.78,3676.26,12685.33,18609.97,10951.65,5902.45,4954.65,4864.38,3851.78,4910.98,2588.2,2597.73
93,8.55,8.54,8.53,8.52,8.51,8.5,8.49,8.48,8.47,8.46,8.56,8.57,8.58,8.59,8.6,8.61,8.62,8.63,8.64,8.65,13805,31893.81,27328.81,18232.49,8580.28,10653.74,2460.38,3639.15,1344.78,3676.26,11369.74,18748.73,10953.97,6084.2,5087.04,4864.38,3851.78,4910.98,2588.2,2597.73
94,8.55,8.54,8.53,8.52,8.51,8.5,8.49,8.48,8.47,8.46,8.56,8.57,8.58,8.59,8.6,8.61,8.62,8.63,8.64,8.65,14537.48,24652.51,23235.11,18157.31,8568.05,10615.08,2359.22,3639.15,1111.32,3924.07,6008.24,21454.37,20707.34,8750.43,5811.28,5567.42,3847.11,4910.39,2837.15,2597.73
95,8.56,8.55,8.54,8.53,8.52,8.51,8.5,8.49,8.48,8.47,8.57,8.58,8.59,8.6,8.61,8.62,8.63,8.64,8.65,8.66,9136.97,20586.54,24942.19,20111.26,15795.95,8333.46,10027.12,1541.95,3639.15,1178.97,17010.21,18581.86,15437.26,6599.36,5568.01,4452.67,4913.89,2837.15,2597.73,3752.04
96,8.55,8.54,8.53,8.52,8.51,8.5,8.49,8.48,8.47,8.46,8.56,8.57,8.58,8.59,8.6,8.61,8.62,8.63,8.64,8.65,13303.37,21357.2,24048.58,18834.41,7454.99,10613.17,2362.72,3677.99,1140.1,3928,9628.35,21217.52,21866.72,8461.83,6102.36,4720.16,3847.11,4910.39,2837.15,2597.73
97,8.55,8.54,8.53,8.52,8.51,8.5,8.49,8.48,8.47,8.46,8.56,8.57,8.58,8.59,8.6,8.61,8.62,8.63,8.64,8.65,13358.78,24863.51,23802.64,18601.18,7454.99,10613.17,2362.72,3677.99,1140.1,3928,8118.5,20577.08,20974.74,7928.98,5523.83,4720.16,3847.11,4910.39,2837.15,2597.73
98,8.55,8.54,8.53,8.52,8.51,8.5,8.49,8.48,8.47,8.46,8.56,8.57,8.58,8.59,8.6,8.61,8.62,8.63,8.64,8.65,7684.26,20846.88,25894.76,18357.59,7484.8,10642.37,2362.72,4496.22,1140.1,3928,15880.87,27952.8,13743.94,6834.1,5494.02,4720.16,3847.11,4910.39,2837.15,1779.5
99,8.54,8.53,8.52,8.51,8.5,8.49,8.48,8.47,8.46,8.45,8.55,8.56,8.57,8.58,8.59,8.6,8.61,8.62,8.63,8.64,11396.43,22134.76,20623.59,10721.03,12061.42,3018.79,5325.37,1391.57,3924.07,4862.94,11671.96,22010.23,25974.25,9896.64,6553.84,4281.46,3857.29,3813.61,4092.16,3646.92
100,8.53,8.52,8.51,8.5,8.49,8.48,8.47,8.46,8.45,8.44,8.54,8.55,8.56,8.57,8.58,8.59,8.6,8.61,8.62,8.63,12186.01,23993.22,15485.4,13111.38,3869.93,5998.57,2214.27,3924.07,4862.94,3499.67,11167.37,21731.66,22765.82,14628.49,9289.3,5993.26,3653.51,3003.63,3813.61,4092.16
101,8.54,8.53,8.52,8.51,8.5,8.49,8.48,8.47,8.46,8.45,8.55,8.56,8.57,8.58,8.59,8.6,8.61,8.62,8.63,8.64,8080.31,23321.91,24888.62,11939.42,12209.44,2956.06,5418.76,2182.14,3924.07,4877.84,15615.08,21068.31,23182.02,10156.23,6037.35,4339.97,3827.29,3813.61,4092.16,3646.92
102,8.53,8.52,8.51,8.5,8.49,8.48,8.47,8.46,8.45,8.44,8.54,8.55,8.56,8.57,8.58,8.59,8.6,8.61,8.62,8.63,13058.16,23044.98,15645.46,13002.7,3802.53,5975.74,2186.61,3924.07,4877.84,3772.93,12071.86,22431.21,21869.24,15069.79,9146.7,4880.2,3618.84,3003.63,3813.61,4092.16
103,8.53,8.52,8.51,8.5,8.49,8.48,8.47,8.46,8.45,8.44,8.54,8.55,8.56,8.57,8.58,8.59,8.6,8.61,8.62,8.63,8714.75,23082.76,22054.16,12906.74,3832.41,6287.1,2186.61,3924.07,4877.84,3772.93,13708,22323.84,21560.59,14639.94,9146.7,4682.64,3618.84,2873.58,3813.61,4092.16
104,8.53,8.52,8.51,8.5,8.49,8.48,8.47,8.46,8.45,8.44,8.54,8.55,8.56,8.57,8.58,8.59,8.6,8.61,8.62,8.63,14485.3,24112.81,17827.51,12653.46,3802.53,6287.1,2186.61,3924.07,4877.84,3772.93,6962.2,19867.77,23416.81,17142.71,6885.66,4453.81,3619.43,3695.6,3813.61,4092.16
105,8.53,8.52,8.51,8.5,8.49,8.48,8.47,8.46,8.45,8.44,8.54,8.55,8.56,8.57,8.58,8.59,8.6,8.61,8.62,8.63,15793.6,29342.01,22170.16,13517.22,3845.43,6096.01,2182.14,3924.07,4606.97,3772.93,6040.33,16441.31,19533.42,13984.15,6885.66,4482.57,3871.7,3695.6,3813.61,4092.16
106,8.53,8.52,8.51,8.5,8.49,8.48,8.47,8.46,8.45,8.44,8.54,8.55,8.56,8.57,8.58,8.59,8.6,8.61,8.62,8.63,13768.41,28405.64,22943.32,14075.09,3855.72,6084.36,2185.65,3924.07,4606.97,3772.93,8792.4,16921.68,19481.22,12960.64,6855.79,4482.57,3871.7,3694.64,3813.61,4092.16
107,8.53,8.52,8.51,8.5,8.49,8.48,8.47,8.46,8.45,8.44,8.54,8.55,8.56,8.57,8.58,8.59,8.6,8.61,8.62,8.63,13180.93,28121.04,25217.64,14100.12,3856.02,6092.61,2185.65,3924.07,4598.69,3772.93,8843.06,16796.64,19417.52,12698.78,6855.79,4482.57,3871.7,3695.6,3813.61,4092.16
108,8.53,8.52,8.51,8.5,8.49,8.48,8.47,8.46,8.45,8.44,8.54,8.55,8.56,8.57,8.58,8.59,8.6,8.61,8.62,8.63,13106.61,22529.79,18325.09,13076.83,3856.2,6090.8,2185.65,3924.07,4598.69,3772.93,10848.44,22756.47,26924.78,12754.43,6855.79,4456.04,3871.7,2875.45,3813.61,4092.16
109,8.53,8.52,8.51,8.5,8.49,8.48,8.47,8.46,8.45,8.44,8.54,8.55,8.56,8.57,8.58,8.59,8.6,8.61,8.62,8.63,13050.18,23511.7,17842.93,12766.2,3855.98,6373.82,2185.65,3924.07,4598.69,3772.93,9360.62,22979.16,26429.52,13691.25,6855.79,4427.28,3871.11,2875.45,3813.61,4092.16
110,8.53,8.52,8.51,8.5,8.49,8.48,8.47,8.46,8.45,8.44,8.54,8.55,8.56,8.57,8.58,8.59,8.6,8.61,8.62,8.63,13589.58,24569.38,18499.73,12766.2,3856.44,6378.82,2185.65,3924.07,4598.69,3472.05,7301.66,21428.5,26395.17,14378.54,6885.67,4427.28,3618.84,3695.6,3813.61,3853.44
111,8.54,8.53,8.52,8.51,8.5,8.49,8.48,8.47,8.46,8.45,8.55,8.56,8.57,8.58,8.59,8.6,8.61,8.62,8.63,8.64,10875.4,22819.38,22873.96,14126.56,12180.04,2956.06,5507.01,1362.95,3924.07,4598.69,13773.25,24659.5,22605.11,7781.73,5059.97,4179.74,2878.96,3813.61,3853.44,3647.51
112,8.54,8.53,8.52,8.51,8.5,8.49,8.48,8.47,8.46,8.45,8.55,8.56,8.57,8.58,8.59,8.6,8.61,8.62,8.63,8.64,10887.29,21456.84,25815.45,14100.63,12217.05,2956.06,5507.01,1362.95,3930.76,4598.69,15294.6,25005.39,21409.43,9068.62,4276.39,4995.23,2878.96,3813.61,3854.34,3647.51
113,8.54,8.53,8.52,8.51,8.5,8.49,8.48,8.47,8.46,8.45,8.55,8.56,8.57,8.58,8.59,8.6,8.61,8.62,8.63,8.64,10681.97,27682.58,28736.71,12717.93,12217.05,2956.06,5507.01,1366.8,3930.76,4598.69,14730.07,18413.83,15742.46,7857.01,4276.39,4995.23,2878.96,4632.8,3854.34,3647.51
114,8.55,8.54,8.53,8.52,8.51,8.5,8.49,8.48,8.47,8.46,8.56,8.57,8.58,8.59,8.6,8.61,8.62,8.63,8.64,8.65,6284.18,20100.85,23465.79,20379.38,8701.16,12658.79,1637.67,3766.24,1362.95,3682.95,14800.89,23573.95,17437.42,6242.49,5706.75,3606.04,4582.8,4088.52,4416.7,1787.59
115,8.55,8.54,8.53,8.52,8.51,8.5,8.49,8.48,8.47,8.46,8.56,8.57,8.58,8.59,8.6,8.61,8.62,8.63,8.64,8.65,8807.24,20296.36,23141.06,20423.94,8629.5,10989.71,1575.45,3686.24,1362.95,3676.26,11526.46,27502.77,17688.09,5659.34,5643.99,3665.83,4586.3,4088.52,2787.15,1787.59
116,8.54,8.53,8.52,8.51,8.5,8.49,8.48,8.47,8.46,8.45,8.55,8.56,8.57,8.58,8.59,8.6,8.61,8.62,8.63,8.64,14715.64,20359.86,24985.87,12990.94,11786.39,2263.61,4507.97,1362.95,3676.26,4884.3,5531.6,21045.04,28541.08,10645.22,4976.28,5643.4,2972.25,4581.84,4088.52,2787.15
117,8.54,8.53,8.52,8.51,8.5,8.49,8.48,8.47,8.46,8.45,8.55,8.56,8.57,8.58,8.59,8.6,8.61,8.62,8.63,8.64,14759.82,20579.47,24134.58,13026,11723.81,2326.27,4587.98,1362.95,3676.26,4884.3,8833.17,21407.51,28425.63,9658.01,4803.88,4995.23,2972.25,3763.61,4088.52,2538.79
118,8.55,8.54,8.53,8.52,8.51,8.5,8.49,8.48,8.47,8.46,8.56,8.57,8.58,8.59,8.6,8.61,8.62,8.63,8.64,8.65,7065.19,19725.71,24356,20844.78,9807.24,10927.13,1638.12,4546.59,1362.95,3676.26,14948.96,26030.1,15483.7,6043.52,5590.97,3575.42,4586.3,4088.52,2538.79,2024.06
119,8.55,8.54,8.53,8.52,8.51,8.5,8.49,8.48,8.47,8.46,8.56,8.57,8.58,8.59,8.6,8.61,8.62,8.63,8.64,8.65,12100.25,19796.91,27639.97,19579.48,9777.43,10106.98,2456.35,3746.24,1362.95,3676.26,9445.43,26057.76,18318.21,5695.65,5590.97,3535.19,4586.3,4088.52,2538.79,2024.06
120,8.56,8.55,8.54,8.53,8.52,8.51,8.5,8.49,8.48,8.47,8.57,8.58,8.59,8.6,8.61,8.62,8.63,8.64,8.65,8.66,6481.36,20824.07,23041.31,19939.07,16602.03,7499.4,9272.4,2360.18,3711.77,1399.05,17013.9,26222.3,8845.7,7421.68,4330.22,5244.41,4092.02,3629.68,2024.06,2659.21
121,8.57,8.56,8.55,8.54,8.53,8.52,8.51,8.5,8.49,8.48,8.58,8.59,8.6,8.61,8.62,8.63,8.64,8.65,8.66,8.67,7944.51,26307.88,29564.38,17560.18,15948.92,14478.18,5246.15,9113.71,1496.02,3421.41,13491.79,13625.77,9422.25,4961.76,5931.99,4770.15,3632.22,2024.06,2555.57,1948.78
122,8.56,8.55,8.54,8.53,8.52,8.51,8.5,8.49,8.48,8.47,8.57,8.58,8.59,8.6,8.61,8.62,8.63,8.64,8.65,8.66,15565.8,25784.88,25756.84,20887.37,16042.7,5824.94,7927.94,1525.65,3428.08,1371.54,6860.45,17459.31,14070.44,6229.64,4775.46,5390.37,4242.44,3628.72,2024.06,2555.57
123,8.57,8.56,8.55,8.54,8.53,8.52,8.51,8.5,8.49,8.48,8.58,8.59,8.6,8.61,8.62,8.63,8.64,8.65,8.66,8.67,9567.91,24287.49,38682.54,17973.34,15794.28,13923.31,5246.15,7959.79,1525.65,3428.08,13067.98,14476.83,9429.05,5007.09,6089.47,4885.58,3627.77,2024.06,2555.57,1948.78
124,8.57,8.56,8.55,8.54,8.53,8.52,8.51,8.5,8.49,8.48,8.58,8.59,8.6,8.61,8.62,8.63,8.64,8.65,8.66,8.67,12564.29,25399.91,30542.19,18082.7,15775.88,12810.24,5246.15,7960.41,1525.65,3428.08,12070.31,14950.5,9472.85,5240.59,6089.47,4882.08,3630.68,2024.06,2555.57,1948.78
125,8.58,8.57,8.56,8.55,8.54,8.53,8.52,8.51,8.5,8.49,8.59,8.6,8.61,8.62,8.63,8.64,8.65,8.66,8.67,8.68,13234.15,26930.45,27215.56,17789.98,13922.31,13570.52,12066.02,5350.96,7960.41,1525.65,11482.88,14158.77,9082.44,7071.05,5561.77,4318.25,2027.55,3626.7,1948.78,3074.27
126,8.59,8.58,8.57,8.56,8.55,8.54,8.53,8.52,8.51,8.5,8.6,8.61,8.62,8.63,8.64,8.65,8.66,8.67,8.68,8.69,10980.05,24370.43,32495.47,15588.88,12993.08,13363.83,11343.63,11044.24,5265.71,7996.38,12544.1,14945.75,10067.49,6386.05,4958.11,2819.01,3630.19,1948.78,2959.04,3018.66
127,8.6,8.59,8.58,8.57,8.56,8.55,8.54,8.53,8.52,8.51,8.61,8.62,8.63,8.64,8.65,8.66,8.67,8.68,8.69,8.7,7719.54,26097.58,27466.31,15774.62,12020.1,12642.76,12818.9,10860.3,11044.24,5294.2,10184.84,15581.53,10475.29,6002.37,3811.6,4391.12,1948.78,3947.46,4079.9,7734.44
128,8.59,8.58,8.57,8.56,8.55,8.54,8.53,8.52,8.51,8.5,8.6,8.61,8.62,8.63,8.64,8.65,8.66,8.67,8.68,8.69,11326.79,30850.76,24475.03,17537.98,13673.87,12325.42,10867.01,11082.88,5294.2,8003.84,7213.71,17630.55,15749.02,6251.58,5559.6,2708.38,3767.22,1948.78,3943.97,3266.42
129,8.59,8.58,8.57,8.56,8.55,8.54,8.53,8.52,8.51,8.5,8.6,8.61,8.62,8.63,8.64,8.65,8.66,8.67,8.68,8.69,7783.82,25582.54,27413.4,17262.87,13673.87,12325.42,11587.61,11082.88,5294.82,8003.22,11413.25,17862.02,15029.71,6214.17,5535.94,2702.38,3767.22,1948.78,3129.55,3266.42
130,8.59,8.58,8.57,8.56,8.55,8.54,8.53,8.52,8.51,8.5,8.6,8.61,8.62,8.63,8.64,8.65,8.66,8.67,8.68,8.69,6209.24,23269.23,29455.22,17577.98,13579.33,11588.92,11587.61,11082.88,5294.82,8008.22,13818.19,20977.3,10808.51,6214.17,5535.94,2630.29,3767.22,1948.78,3129.55,3266.42
131,8.58,8.57,8.56,8.55,8.54,8.53,8.52,8.51,8.5,8.49,8.59,8.6,8.61,8.62,8.63,8.64,8.65,8.66,8.67,8.68,17665.02,29503.95,18535.27,18330.91,12511.99,12270.25,11082.88,5294.82,8008.22,1490.79,5811.55,14919.46,19685.38,10443.27,6220.14,4380.22,1949.57,3732.78,1948.78,3129.55
132,8.59,8.58,8.57,8.56,8.55,8.54,8.53,8.52,8.51,8.5,8.6,8.61,8.62,8.63,8.64,8.65,8.66,8.67,8.68,8.69,8661.19,25844.54,34047.95,18036.13,14068.61,12278.6,11614.56,14259.35,5294.82,4831.75,12810.81,21754.33,10153.81,6559.4,5027.55,2507.96,3736.27,1948.78,3129.55,3267.01
133,8.59,8.58,8.57,8.56,8.55,8.54,8.53,8.52,8.51,8.5,8.6,8.61,8.62,8.63,8.64,8.65,8.66,8.67,8.68,8.69,8964.2,22962.83,32072.96,19495.92,14653.73,11623.33,11614.56,14259.35,5294.82,4831.75,13231.25,21623.49,9814.62,6237.13,4961.23,2594.69,3733.73,1948.78,3129.55,3267.01
134,8.58,8.57,8.56,8.55,8.54,8.53,8.52,8.51,8.5,8.49,8.59,8.6,8.61,8.62,8.63,8.64,8.65,8.66,8.67,8.68,18073.69,28573.13,23489.43,18205.6,12363.24,12246.21,14262.07,5265.71,4889.88,1457.24,703.9,15802.63,20705.14,9458.43,6130.67,4350.35,1949.57,3732.78,1948.78,3129.55
135,8.59,8.58,8.57,8.56,8.55,8.54,8.53,8.52,8.51,8.5,8.6,8.61,8.62,8.63,8.64,8.65,8.66,8.67,8.68,8.69,1230.48,17506.3,26426.84,16331.07,14009.26,11556.61,11671.29,14258.58,5265.71,4889.88,13631.45,17329.46,12704.26,6211.41,5150.6,2541.38,3991.99,1948.78,3129.55,3266.42
136,8.59,8.58,8.57,8.56,8.55,8.54,8.53,8.52,8.51,8.5,8.6,8.61,8.62,8.63,8.64,8.65,8.66,8.67,8.68,8.69,236.66,23969.26,27795.5,23710.65,13565.96,12156.99,11666.85,14262.07,5265.71,4889.88,14280.26,17675.85,12642.54,6456.64,5150.6,2541.38,3991.99,1948.78,3129.55,3266.42
137,8.58,8.57,8.56,8.55,8.54,8.53,8.52,8.51,8.5,8.49,8.59,8.6,8.61,8.62,8.63,8.64,8.65,8.66,8.67,8.68,8376.68,26688.23,27308.4,19223.44,12422.79,12236.73,14262.07,6081.08,4889.88,1461.06,14404.68,16647.64,17414.08,7502.63,6070.55,4566.86,1887.04,3177.57,1948.78,2856.85
138,8.58,8.57,8.56,8.55,8.54,8.53,8.52,8.51,8.5,8.49,8.59,8.6,8.61,8.62,8.63,8.64,8.65,8.66,8.67,8.68,7797.93,24988.51,32769.91,18117.74,13337.86,13209.18,14957.98,5265.71,4853.91,1499.84,14961.67,17738.96,16851.25,7860.79,5582.28,3934.16,1853.55,3120.54,1948.78,3663.48
139,8.58,8.57,8.56,8.55,8.54,8.53,8.52,8.51,8.5,8.49,8.59,8.6,8.61,8.62,8.63,8.64,8.65,8.66,8.67,8.68,11852.54,27350.69,29127.06,17815.4,12764.61,12394.76,14957.98,5265.71,4857.74,1496.02,13634.53,18468.03,16873.59,8199.91,5582.28,4491.71,1857.04,3120.54,1948.78,2856.85
140,8.58,8.57,8.56,8.55,8.54,8.53,8.52,8.51,8.5,8.49,8.59,8.6,8.61,8.62,8.63,8.64,8.65,8.66,8.67,8.68,13009.91,27999.26,28488.61,17811.09,12734.91,11818.55,14957.98,5269.54,4853.91,1503.67,9787.18,19141.12,17498.37,8170.23,5611.98,4333.94,1857.04,3676.7,1948.78,2856.85
141,8.58,8.57,8.56,8.55,8.54,8.53,8.52,8.51,8.5,8.49,8.59,8.6,8.61,8.62,8.63,8.64,8.65,8.66,8.67,8.68,10739.66,26819.33,29719.65,17361.54,12744.33,11818.55,14961.81,5265.71,4790.04,1567.62,12913.93,19345.84,16540.88,8094.11,5582.28,4333.94,1857.04,2861.33,1948.78,2856.85
142,8.58,8.57,8.56,8.55,8.54,8.53,8.52,8.51,8.5,8.49,8.59,8.6,8.61,8.62,8.63,8.64,8.65,8.66,8.67,8.68,6938.54,27346.83,29547.05,18659.25,12744.33,13231.4,14957.98,5269.42,4790.04,1567.62,13277.75,19415.74,16193.81,8131.38,5582.28,4341.05,1857.04,2861.33,2006.92,2856.85
143,8.58,8.57,8.56,8.55,8.54,8.53,8.52,8.51,8.5,8.49,8.59,8.6,8.61,8.62,8.63,8.64,8.65,8.66,8.67,8.68,8988.54,27774.04,29958.02,17383.84,12781.38,12450.67,14955.64,5265.71,4390.04,1567.62,13298.42,19044.75,16230.53,8195.72,5582.28,4341.05,1857.04,2861.33,2006.92,2856.85
144,8.58,8.57,8.56,8.55,8.54,8.53,8.52,8.51,8.5,8.49,8.59,8.6,8.61,8.62,8.63,8.64,8.65,8.66,8.67,8.68,11410.22,21194.39,23961.04,17072.01,12761.4,12513.57,14959.35,5265.71,4390.04,1567.62,8832.41,22796.03,24355.03,10515.81,5582.28,4375.72,1857.04,3676.7,2006.92,2856.85
145,8.59,8.58,8.57,8.56,8.55,8.54,8.53,8.52,8.51,8.5,8.6,8.61,8.62,8.63,8.64,8.65,8.66,8.67,8.68,8.69,7467.55,25918.92,29432.82,19954.17,15598.58,11360.12,11349.7,14922.15,5265.71,4387.38,14382.63,18555.18,12099.49,6285.3,5018.57,1887.04,3675.75,2006.92,2856.85,3266.42
146,8.58,8.57,8.56,8.55,8.54,8.53,8.52,8.51,8.5,8.49,8.59,8.6,8.61,8.62,8.63,8.64,8.65,8.66,8.67,8.68,14005.05,26809.03,25998.68,18619.08,11536.19,12728.2,14925.64,5265.71,4119.89,1567.63,8266.69,18267.95,19315.05,7959.49,6144.17,4341.05,1887.04,3675.75,2006.92,2856.85
147,8.58,8.57,8.56,8.55,8.54,8.53,8.52,8.51,8.5,8.49,8.59,8.6,8.61,8.62,8.63,8.64,8.65,8.66,8.67,8.68,12429.72,31363.99,27050.31,19089.81,11535.65,12728.2,14940.97,5265.71,4119.89,1567.63,6300.32,19297.85,18454.95,8053.89,6144.16,4341.05,1887.04,3676.7,2006.92,3119.78
148,8.58,8.57,8.56,8.55,8.54,8.53,8.52,8.51,8.5,8.49,8.59,8.6,8.61,8.62,8.63,8.64,8.65,8.66,8.67,8.68,12506.23,22690.5,20630.96,17995.33,11535.38,12728.2,14940.97,5265.71,4122.53,1567.63,8582.53,25621.34,24850.87,9657.72,6144.17,4341.05,1887.04,2861.33,2006.92,2856.85
149,8.58,8.57,8.56,8.55,8.54,8.53,8.52,8.51,8.5,8.49,8.59,8.6,8.61,8.62,8.63,8.64,8.65,8.66,8.67,8.68,8986.48,26887.23,28793.2,18967.59,11558.54,12728.2,14940.97,5265.71,4122.53,1567.63,12066.46,19528.86,17732.48,8240.81,6114.47,4341.05,1887.04,2861.33,2006.92,2856.85
150,8.58,8.57,8.56,8.55,8.54,8.53,8.52,8.51,8.5,8.49,8.59,8.6,8.61,8.62,8.63,8.64,8.65,8.66,8.67,8.68,11880.31,28863.44,33236.26,17564.68,11556.76,13306.99,14970.97,5265.71,5183.13,1567.63,10953.52,20410.24,18388.89,7278.53,6424.08,4449.65,1857.04,2861.33,2006.92,2856.85
151,8.58,8.57,8.56,8.55,8.54,8.53,8.52,8.51,8.5,8.49,8.59,8.6,8.61,8.62,8.63,8.64,8.65,8.66,8.67,8.68,13307.5,35326.13,26608.62,18419.6,11556.76,12665.3,14970.97,5266.84,5161.05,1599.75,6135.49,20040.55,18792.15,7248.83,6453.78,4449.65,1857.04,3676.7,2006.92,2856.85
152,8.58,8.57,8.56,8.55,8.54,8.53,8.52,8.51,8.5,8.49,8.59,8.6,8.61,8.62,8.63,8.64,8.65,8.66,8.67,8.68,12437.53,30172.46,28385.24,18569.31,11556.76,12665.3,14970.97,5265.71,5161.05,1599.75,6216.98,20040.32,18794.54,7252.54,6453.78,4449.65,1857.04,3676.7,2006.92,2856.85
153,8.59,8.58,8.57,8.56,8.55,8.54,8.53,8.52,8.51,8.5,8.6,8.61,8.62,8.63,8.64,8.65,8.66,8.67,8.68,8.69,8473.73,23825.8,33557.72,22392.06,15637.16,11556.61,11286.8,14115.7,5265.71,5161.05,14164.5,19532.83,10374.24,7315,5052.64,2580.53,3680.19,2006.92,2856.85,3266.42
154,8.58,8.57,8.56,8.55,8.54,8.53,8.52,8.51,8.5,8.49,8.59,8.6,8.61,8.62,8.63,8.64,8.65,8.66,8.67,8.68,12253,27607.22,29125.27,18586.99,12466.23,12667.87,14119.19,5265.71,5161.05,1599.75,6295.76,18751.14,19619.89,7319.38,7140.42,4325.13,1887.04,3676.7,2006.92,2856.85
155,8.57,8.56,8.55,8.54,8.53,8.52,8.51,8.5,8.49,8.48,8.58,8.59,8.6,8.61,8.62,8.63,8.64,8.65,8.66,8.67,17239.42,31885.81,20520.22,17467.48,13580.57,14769.38,6081.08,5161.05,1599.75,3432.79,559.85,16880.07,20921.28,12953.58,7155.69,5868.42,2868.75,2673.56,2861.33,2006.92
156,8.58,8.57,8.56,8.55,8.54,8.53,8.52,8.51,8.5,8.49,8.59,8.6,8.61,8.62,8.63,8.64,8.65,8.66,8.67,8.68,12802.72,32624.18,28038.95,17942.63,12437.35,12730.77,14149.19,5269.43,5161.05,1339.52,8090.19,20929.15,16611.29,7226.02,6586.51,3575.77,2674.51,2861.33,2822.29,3663.48
157,8.59,8.58,8.57,8.56,8.55,8.54,8.53,8.52,8.51,8.5,8.6,8.61,8.62,8.63,8.64,8.65,8.66,8.67,8.68,8.69,11672.09,27608.32,28911.09,19337.87,13547.01,11525.49,11356.43,14115.7,5265.71,5161.05,11664.05,20953.62,10915.28,7517.35,3539.56,3345.99,2861.33,2822.29,2856.85,3266.42
158,8.59,8.58,8.57,8.56,8.55,8.54,8.53,8.52,8.51,8.5,8.6,8.61,8.62,8.63,8.64,8.65,8.66,8.67,8.68,8.69,5673.76,22640.24,27656.11,25785.37,13539.11,11526.25,12170.09,14115.7,5265.71,5161.05,14541.17,23740.55,6885.87,7591.24,3509.1,3346.75,2861.33,2822.29,2856.85,3266.42
159,8.59,8.58,8.57,8.56,8.55,8.54,8.53,8.52,8.51,8.5,8.6,8.61,8.62,8.63,8.64,8.65,8.66,8.67,8.68,8.69,11562.67,26781.82,25113.87,18532.01,13115.09,11565.26,11262.96,14115.7,5265.71,5131.45,9143.35,20344.87,8682.96,10664.95,4106.61,3493.65,2912,2822.29,3092.1,3833.08
160,8.59,8.58,8.57,8.56,8.55,8.54,8.53,8.52,8.51,8.5,8.6,8.61,8.62,8.63,8.64,8.65,8.66,8.67,8.68,8.69,5552.43,23831.38,23159.21,16856.83,13444.14,11567.01,12077.38,14115.7,5265.71,5131.45,13980.27,18526.82,11242.69,7247.64,4105.85,3493.65,2912,2822.29,3092.1,3018.66
161,8.59,8.58,8.57,8.56,8.55,8.54,8.53,8.52,8.51,8.5,8.6,8.61,8.62,8.63,8.64,8.65,8.66,8.67,8.68,8.69,7438.29,26325.49,28280.17,17287.47,13447.85,11565.26,12077.38,14115.7,5265.71,5131.45,13589.75,18579.32,11484.55,7247.64,4098.1,3493.65,2912,2822.29,3092.1,3018.66
162,8.59,8.58,8.57,8.56,8.55,8.54,8.53,8.52,8.51,8.5,8.6,8.61,8.62,8.63,8.64,8.65,8.66,8.67,8.68,8.69,7180.97,28000.47,27356.81,15919.6,13444.14,11567.01,11262.96,14115.7,5265.71,5131.45,13459.17,17858.46,11303.96,7248.4,4094.39,3493.65,2912,2822.29,3092.1,3018.66
163,8.59,8.58,8.57,8.56,8.55,8.54,8.53,8.52,8.51,8.5,8.6,8.61,8.62,8.63,8.64,8.65,8.66,8.67,8.68,8.69,8965.89,21385.84,20848.13,15949.27,13414.47,11567.01,11228.32,14115.7,5265.71,4331.45,13315.82,21495.67,17788.66,8605.24,4094.39,3493.65,2912,2764.15,3092.1,3018.66
164,8.59,8.58,8.57,8.56,8.55,8.54,8.53,8.52,8.51,8.5,8.6,8.61,8.62,8.63,8.64,8.65,8.66,8.67,8.68,8.69,7243.9,22162.26,26135.7,15846.64,13446.98,10747.16,12042.74,14937.48,5265.71,4331.45,14620.63,26367.19,15484.5,8271.83,3537.86,3439.18,2878.51,2764.15,3898.73,3018.66
165,8.58,8.57,8.56,8.55,8.54,8.53,8.52,8.51,8.5,8.49,8.59,8.6,8.61,8.62,8.63,8.64,8.65,8.66,8.67,8.68,19086.57,33764.17,18436.03,17601.26,11476.03,12109.5,14937.48,5265.71,4331.45,1243.44,402.63,15100.15,20852.85,8334.87,7729.56,3541.57,3018.46,2878.51,2763.2,3663.48
166,8.57,8.56,8.55,8.54,8.53,8.52,8.51,8.5,8.49,8.48,8.58,8.59,8.6,8.61,8.62,8.63,8.64,8.65,8.66,8.67,13528.8,28873.54,27320.11,17909.15,13612.89,15829.37,5269.2,4331.45,1273.08,3714.84,7744.61,17507.57,16619.43,13761.6,8178.03,6308.32,2871.39,2921.47,2861.33,1948.78
167,8.56,8.55,8.54,8.53,8.52,8.51,8.5,8.49,8.48,8.47,8.57,8.58,8.59,8.6,8.61,8.62,8.63,8.64,8.65,8.66,9046.01,27587.8,28030.38,20600.27,15280.53,6882.53,4334.94,3128.68,3679.4,1996.99,11008.44,18535.58,16349.01,11755.44,12338.25,7505.91,4358.83,2775.21,2915.53,2605.57
168,8.57,8.56,8.55,8.54,8.53,8.52,8.51,8.5,8.49,8.48,8.58,8.59,8.6,8.61,8.62,8.63,8.64,8.65,8.66,8.67,10144.68,28995.77,29431.03,16869.19,14977.74,15040.98,6263.56,4331.45,3128.68,3675.48,13388.92,17926.01,14654.93,12731.29,8209.18,5741.4,2778.71,2915.53,2605.57,1943.51
169,8.57,8.56,8.55,8.54,8.53,8.52,8.51,8.5,8.49,8.48,8.58,8.59,8.6,8.61,8.62,8.63,8.64,8.65,8.66,8.67,10371.55,28619.55,30263.39,16762.67,14939.98,15009.26,6263.56,4331.45,3128.68,3675.48,9060.71,19997.5,15321.5,12719.71,7347,5808.03,2778.71,2915.53,2605.57,1943.51
170,8.57,8.56,8.55,8.54,8.53,8.52,8.51,8.5,8.49,8.48,8.58,8.59,8.6,8.61,8.62,8.63,8.64,8.65,8.66,8.67,8245.73,26242.75,28976.71,18367.5,14939.13,15008.05,6263.56,4366.21,3128.68,3675.48,12600.56,20049.05,14342.11,12664.06,7347,5644.05,2778.71,2664.13,2605.57,1943.51
171,8.56,8.55,8.54,8.53,8.52,8.51,8.5,8.49,8.48,8.47,8.57,8.58,8.59,8.6,8.61,8.62,8.63,8.64,8.65,8.66,14598.49,29772.2,25793.01,19953.63,15240.69,6900.54,4369.7,3128.68,3675.48,2007.84,4622.36,16060.19,20172.19,11810.71,11464.18,7245.61,4261.48,3592.48,2664.13,2605.57
172,8.57,8.56,8.55,8.54,8.53,8.52,8.51,8.5,8.49,8.48,8.58,8.59,8.6,8.61,8.62,8.63,8.64,8.65,8.66,8.67,13706.98,29603.33,29215.29,16508.57,14872.22,15008.05,6263.56,4366.21,3128.68,3675.48,9603.09,20056.91,15098.63,11788.89,7277.15,4823.51,3595.98,2664.13,3422.48,1943.51
173,8.58,8.57,8.56,8.55,8.54,8.53,8.52,8.51,8.5,8.49,8.59,8.6,8.61,8.62,8.63,8.64,8.65,8.66,8.67,8.68,10434.35,27724.03,29216.77,20897.8,12987.77,13165.37,14218.96,6989.43,4366.21,1457.09,12933.07,18636.72,15247.3,7621.69,5544.76,4284.78,1858.19,3697.82,1943.51,4870.4
174,8.59,8.58,8.57,8.56,8.55,8.54,8.53,8.52,8.51,8.5,8.6,8.61,8.62,8.63,8.64,8.65,8.66,8.67,8.68,8.69,6353.57,21529.9,25280.42,23655.66,16489.72,12599.36,12068.15,14120.08,6902.87,4366.21,14431.56,18710.41,11974.39,6149.86,5745.43,2553.41,3700.72,1943.51,3130.95,3018.66
175,8.58,8.57,8.56,8.55,8.54,8.53,8.52,8.51,8.5,8.49,8.59,8.6,8.61,8.62,8.63,8.64,8.65,8.66,8.67,8.68,13130.7,24965.05,28844.96,21123.66,12599.19,12638.27,14123.57,6902.87,4331.45,1457.09,9513.65,19157.93,18432.55,9044.32,6031.99,4958.82,1888.19,2880.91,1943.51,2856.85
176,8.58,8.57,8.56,8.55,8.54,8.53,8.52,8.51,8.5,8.49,8.59,8.6,8.61,8.62,8.63,8.64,8.65,8.66,8.67,8.68,9586.59,21659.43,30474.49,20833.39,12636.18,12635.32,14123.57,6937.58,4331.45,2272.46,10863.84,19082.21,17386.65,9032.84,6031.99,4955.87,1888.19,2880.91,1943.51,3663.48
177,8.58,8.57,8.56,8.55,8.54,8.53,8.52,8.51,8.5,8.49,8.59,8.6,8.61,8.62,8.63,8.64,8.65,8.66,8.67,8.68,7080.62,25615.59,28889.9,17527.46,12670.81,12638.39,14120.94,6902.87,4331.45,1457.09,11424.72,19066.71,17387.53,9032.84,6031.99,4376.46,1888.19,2880.91,1943.51,3663.48
178,8.58,8.57,8.56,8.55,8.54,8.53,8.52,8.51,8.5,8.49,8.59,8.6,8.61,8.62,8.63,8.64,8.65,8.66,8.67,8.68,10330.96,29603.86,27994.44,16011.64,12637.02,12634.56,14120.94,6937.57,4331.45,1457.09,10172.83,19526.21,17530.56,9032.84,6035.82,4372.63,1888.19,2880.91,1943.51,3663.48
179,8.58,8.57,8.56,8.55,8.54,8.53,8.52,8.51,8.5,8.49,8.59,8.6,8.61,8.62,8.63,8.64,8.65,8.66,8.67,8.68,7768.43,27067.4,30907.71,17191.39,12775.4,13239.87,14153.57,6123.15,4331.45,1457.09,10740.86,18445.95,18241.3,9092.09,5848.33,4404.91,1854.7,3689.4,1943.51,2856.85
180,8.58,8.57,8.56,8.55,8.54,8.53,8.52,8.51,8.5,8.49,8.59,8.6,8.61,8.62,8.63,8.64,8.65,8.66,8.67,8.68,12851.92,26445.4,27974.21,17729.53,12688.43,12638.57,14123.57,6123.15,4331.45,1457.09,6740.27,17075.21,20063.74,8822.77,6446.55,4974.79,1937.04,3696.28,1943.51,3664.07
181,8.59,8.58,8.57,8.56,8.55,8.54,8.53,8.52,8.51,8.5,8.6,8.61,8.62,8.63,8.64,8.65,8.66,8.67,8.68,8.69,10452.57,27664.75,28310.32,20448.46,12457.26,11237.27,11253.73,14120.08,6088.45,4331.45,11965.16,20805.2,12360.53,6915.55,4975.38,2521.12,3699.77,1943.51,3664.07,3269.72
182,8.59,8.58,8.57,8.56,8.55,8.54,8.53,8.52,8.51,8.5,8.6,8.61,8.62,8.63,8.64,8.65,8.66,8.67,8.68,8.69,5680.36,23744.02,30413.7,22106.46,12486.93,10646.68,12064.66,14121.82,6088.45,4331.45,13465.09,23976.46,8607.2,6842.96,5091.72,2524.61,3646.28,1943.51,3663.48,3269.72
183,8.59,8.58,8.57,8.56,8.55,8.54,8.53,8.52,8.51,8.5,8.6,8.61,8.62,8.63,8.64,8.65,8.66,8.67,8.68,8.69,10953.59,27454.34,27723.11,19852.44,12785.58,11461.1,11253.73,14118.33,6088.45,4331.45,6733.87,20884.22,12958.64,6787.31,5091.72,2599.64,3646.28,1943.51,4477.9,3269.72
