timestamp,bid_price_0,bid_price_1,bid_price_2,bid_price_3,bid_price_4,bid_price_5,bid_price_6,bid_price_7,bid_price_8,bid_price_9,ask_price_0,ask_price_1,ask_price_2,ask_price_3,ask_price_4,ask_price_5,ask_price_6,ask_price_7,ask_price_8,ask_price_9,bid_size_0,bid_size_1,bid_size_2,bid_size_3,bid_size_4,bid_size_5,bid_size_6,bid_size_7,bid_size_8,bid_size_9,ask_size_0,ask_size_1,ask_size_2,ask_size_3,ask_size_4,ask_size_5,ask_size_6,ask_size_7,ask_size_8,ask_size_9
0,8.62,8.61,8.6,8.59,8.58,8.57,8.56,8.55,8.54,8.53,8.63,8.64,8.65,8.66,8.67,8.68,8.69,8.7,8.71,8.72,15278.89,22353.79,22325.62,20044.3,14449.59,12811.99,12369.35,13080.63,12221.78,10447.69,9395.37,22978,30720.48,11076.79,5203.38,5902,4212.34,6510.81,3244.95,2964.98
1,8.62,8.61,8.6,8.59,8.58,8.57,8.56,8.55,8.54,8.53,8.63,8.64,8.65,8.66,8.67,8.68,8.69,8.7,8.71,8.72,9177.24,21411.09,24213.07,20066.26,14584.42,12782.68,12462.39,13080.63,12457.68,10447.69,15320.68,26133.66,26403.09,11151.38,4229.26,5543.08,4190.61,5699.22,3244.95,2964.98
2,8.61,8.6,8.59,8.58,8.57,8.56,8.55,8.54,8.53,8.52,8.62,8.63,8.64,8.65,8.66,8.67,8.68,8.69,8.7,8.71,15571.78,21834.2,24097.54,18305.5,13691.57,12988.21,13084.11,12457.68,10452.01,4464.08,11286.62,21722.16,30640.47,17141.75,9891.46,4307.24,5685.9,3308.43,4894.44,2989.67
3,8.62,8.61,8.6,8.59,8.58,8.57,8.56,8.55,8.54,8.53,8.63,8.64,8.65,8.66,8.67,8.68,8.69,8.7,8.71,8.72,8576.52,25024.95,26736.73,20222.61,14505.93,12782.68,13273.97,13080.63,12459.99,10448.72,15403,24526.54,27359.63,11515.34,4307.82,5568.37,4182.41,4894.44,2989.67,3227.69
4,8.62,8.61,8.6,8.59,8.58,8.57,8.56,8.55,8.54,8.53,8.63,8.64,8.65,8.66,8.67,8.68,8.69,8.7,8.71,8.72,11030.92,24070.78,21023.58,20152.07,14852.13,13597.91,12432.38,13080.63,12459.99,10177.39,14340.08,27547.59,28587.6,9081.96,4391.53,5568.37,4212.41,4894.44,3258.31,3227.69
5,8.62,8.61,8.6,8.59,8.58,8.57,8.56,8.55,8.54,8.53,8.63,8.64,8.65,8.66,8.67,8.68,8.69,8.7,8.71,8.72,14828.02,24881.44,21291.62,19862.4,14822.56,13597.91,12432.38,13080.63,12464.31,10173.07,8288.32,24078.39,29672.59,10181.07,4916.94,5980.69,4212.41,4894.44,4069.9,2964.98
6,8.62,8.61,8.6,8.59,8.58,8.57,8.56,8.55,8.54,8.53,8.63,8.64,8.65,8.66,8.67,8.68,8.69,8.7,8.71,8.72,13946.75,23713.01,22395.48,19579.63,13671.14,13713.31,12357.77,13073.37,12448.41,10173.07,14002.12,24765.95,28801.51,8931.04,5077.77,4888.59,4200.76,5745.55,3258.31,2964.98
7,8.62,8.61,8.6,8.59,8.58,8.57,8.56,8.55,8.54,8.53,8.63,8.64,8.65,8.66,8.67,8.68,8.69,8.7,8.71,8.72,13836.67,23729.36,22688.74,19867.55,13700.7,13713.31,12357.77,13073.37,12448.41,10173.07,14330.53,26710.14,26398.34,8905.08,4893.99,4309.5,4200.76,5745.55,3258.31,2964.98
8,8.62,8.61,8.6,8.59,8.58,8.57,8.56,8.55,8.54,8.53,8.63,8.64,8.65,8.66,8.67,8.68,8.69,8.7,8.71,8.72,14767.64,24249.22,22945.83,19579.64,13592.65,13715.28,12323.27,13073.37,12448.41,10173.07,13399.12,27335.67,27733.97,7522.83,4893.99,4908.26,4200.76,5699.22,3258.31,2964.98
9,8.62,8.61,8.6,8.59,8.58,8.57,8.56,8.55,8.54,8.53,8.63,8.64,8.65,8.66,8.67,8.68,8.69,8.7,8.71,8.72,12130.1,23848.45,22691.27,19635.29,13671.14,13715.28,12358.37,13880.03,12448.41,10170.07,14611.68,27238.71,25894.25,8210.09,4893.99,4309.5,4200.76,5699.22,3258.31,2964.98
10,8.61,8.6,8.59,8.58,8.57,8.56,8.55,8.54,8.53,8.52,8.62,8.63,8.64,8.65,8.66,8.67,8.68,8.69,8.7,8.71,15589.74,22065.26,22663.87,19232.91,14422.63,12980.19,13883.5,12448.41,10170.07,4467.99,8812.12,22904.8,32201.01,17719.2,7659.78,4332.58,3783.15,4167.29,5709.22,3258.31
11,8.61,8.6,8.59,8.58,8.57,8.56,8.55,8.54,8.53,8.52,8.62,8.63,8.64,8.65,8.66,8.67,8.68,8.69,8.7,8.71,13744.38,22250.09,22722.09,19237.02,14452.82,12980.19,13883.5,12448.41,10170.07,4467.99,13872.75,24524.8,29954.53,15373,7064.46,3720.87,4531.91,3354.76,5709.22,3258.31
12,8.61,8.6,8.59,8.58,8.57,8.56,8.55,8.54,8.53,8.52,8.62,8.63,8.64,8.65,8.66,8.67,8.68,8.69,8.7,8.71,11781.47,24136.84,23359.51,19051.18,14454.58,12973.24,13885.54,12452.23,10982.6,4464.08,14377,26899.8,28628.73,15372.98,7081.64,3720.87,4531.91,3341.4,5709.22,3258.31
13,8.6,8.59,8.58,8.57,8.56,8.55,8.54,8.53,8.52,8.51,8.61,8.62,8.63,8.64,8.65,8.66,8.67,8.68,8.69,8.7,14427.2,22848.23,21817.24,19717.59,14073.07,14447.75,12455.71,10437.06,4464.08,3210.94,10237.24,20176.45,31568.23,18532.01,15360.94,6363.77,3041.44,4486.61,3295.07,5709.22
14,8.59,8.58,8.57,8.56,8.55,8.54,8.53,8.52,8.51,8.5,8.6,8.61,8.62,8.63,8.64,8.65,8.66,8.67,8.68,8.69,8173.06,19885.91,24843.05,20966.3,14920.13,13065.43,11226.52,5253.85,3473.68,2554.93,15366.91,26128.14,24764.41,16091.85,15983.47,14382.27,5239.73,2377.78,4639.76,3324.62
15,8.58,8.57,8.56,8.55,8.54,8.53,8.52,8.51,8.5,8.49,8.59,8.6,8.61,8.62,8.63,8.64,8.65,8.66,8.67,8.68,13197.85,13652.98,14627.98,9559.4,8522.6,5657.04,6068.72,4283.43,2554.93,3564.68,8129.55,21174.48,25074.4,9347.99,7460.61,8431.25,4355.46,5196.74,2114.61,3635.61
16,8.57,8.56,8.55,8.54,8.53,8.52,8.51,8.5,8.49,8.48,8.58,8.59,8.6,8.61,8.62,8.63,8.64,8.65,8.66,8.67,14112.16,13668.77,13329.56,10229.13,6252.73,6069.18,4248.14,3293.32,3530.89,1458.19,8552.79,19304.38,34112.8,8932.98,7195.4,7078.56,5696.28,4069.97,4962.74,2079.74
17,8.58,8.57,8.56,8.55,8.54,8.53,8.52,8.51,8.5,8.49,8.59,8.6,8.61,8.62,8.63,8.64,8.65,8.66,8.67,8.68,13221.93,21255.07,15466.87,9692.12,8285.92,5620.11,6402.91,4248.14,2444.91,3312.66,11245.02,23649.98,21433.32,8626.16,7121.38,5078.53,4885.34,5020.99,2079.74,3581.6
18,8.58,8.57,8.56,8.55,8.54,8.53,8.52,8.51,8.5,8.49,8.59,8.6,8.61,8.62,8.63,8.64,8.65,8.66,8.67,8.68,14301.26,22640.31,18556.29,9936.3,8624.8,5620.11,6093.01,3433.72,2444.91,3312.66,14226.7,28745.21,19505.16,6346.54,7132.86,5098.14,4069.97,4989.87,2079.74,3581.6
19,8.58,8.57,8.56,8.55,8.54,8.53,8.52,8.51,8.5,8.49,8.59,8.6,8.61,8.62,8.63,8.64,8.65,8.66,8.67,8.68,8400.26,21070.32,19294.39,9698.47,8320.24,6173.49,6402.91,4250.04,2444.91,3576.13,17720.69,27723.7,14769.71,7283.04,7287.96,5100.19,3907.06,5199.12,1824.79,3581.6
20,8.59,8.58,8.57,8.56,8.55,8.54,8.53,8.52,8.51,8.5,8.6,8.61,8.62,8.63,8.64,8.65,8.66,8.67,8.68,8.69,14856.86,23528.04,19683.29,11512.43,7652.39,6501.81,5138.97,5182.67,3433.72,2172.88,1940.56,16672.77,18990.62,9603.43,5698.68,5307.13,5187.41,2895,3628.14,2818.05
21,8.59,8.58,8.57,8.56,8.55,8.54,8.53,8.52,8.51,8.5,8.6,8.61,8.62,8.63,8.64,8.65,8.66,8.67,8.68,8.69,14311.93,23700.12,19826.61,11133.63,8695.59,7168.36,5136.33,5182.67,3433.72,2172.88,13455.13,17750.33,20402.93,8823.86,5600.2,5359.2,5190.9,2895,3837.39,3632.47
22,8.59,8.58,8.57,8.56,8.55,8.54,8.53,8.52,8.51,8.5,8.6,8.61,8.62,8.63,8.64,8.65,8.66,8.67,8.68,8.69,9046.88,21837.9,21814.16,10346.86,8684.7,7168.36,5136.33,5997.09,3433.72,2197.46,16486.12,22876.7,15082.07,8696.5,5600.2,5359.2,5190.9,2895,3837.39,2818.05
23,8.6,8.59,8.58,8.57,8.56,8.55,8.54,8.53,8.52,8.51,8.61,8.62,8.63,8.64,8.65,8.66,8.67,8.68,8.69,8.7,13686.01,23123.02,22430.15,17827.27,8695.86,7757.89,6543.31,4225.36,4399.49,3433.72,9979.52,16869.72,21488.54,8599.2,6136.02,5930.22,2901.99,3837.39,3632.47,4812.57
24,8.6,8.59,8.58,8.57,8.56,8.55,8.54,8.53,8.52,8.51,8.61,8.62,8.63,8.64,8.65,8.66,8.67,8.68,8.69,8.7,11819.49,21213.9,23520.71,18017.15,8463.44,7820.57,6543.31,4191.35,4429.03,3170.98,15745.78,19604.24,18977.55,7487.3,6104.9,5926.73,2091.05,3837.39,2818.05,4812.57
25,8.6,8.59,8.58,8.57,8.56,8.55,8.54,8.53,8.52,8.51,8.61,8.62,8.63,8.64,8.65,8.66,8.67,8.68,8.69,8.7,13938.12,24334.81,28423.72,17379.4,8547.74,6691.67,6543.31,4106.86,4429.03,3170.98,11761.38,19793.79,20559.31,7446.76,6104.9,5118.24,2904.53,4644.02,3027.3,4802.57
26,8.61,8.6,8.59,8.58,8.57,8.56,8.55,8.54,8.53,8.52,8.62,8.63,8.64,8.65,8.66,8.67,8.68,8.69,8.7,8.71,9074.97,22123.96,28265.83,19770.36,15744.28,8237.68,5407.75,6445.67,4106.86,4160.09,18201.41,18336.85,17764.3,7872.53,5702.92,3539.79,4647.5,4088.12,4686.44,2780.42
27,8.61,8.6,8.59,8.58,8.57,8.56,8.55,8.54,8.53,8.52,8.62,8.63,8.64,8.65,8.66,8.67,8.68,8.69,8.7,8.71,15616.19,23214.51,24668.68,20925.86,15576.87,5715.78,5311.57,5633.14,4106.86,4220.58,628.95,22507.17,20461.93,9805.3,7466.46,4266.47,4647.5,4088.12,4686.44,3592.01
28,8.62,8.61,8.6,8.59,8.58,8.57,8.56,8.55,8.54,8.53,8.63,8.64,8.65,8.66,8.67,8.68,8.69,8.7,8.71,8.72,10574.55,22380.01,22362.52,18795.52,16897.81,14778.61,6460.22,4916.31,4813.29,4142.07,15241.5,20305.25,17965.87,8118.39,4218.89,5090.46,4138.13,4895.69,2950.93,3109.89
29,8.62,8.61,8.6,8.59,8.58,8.57,8.56,8.55,8.54,8.53,8.63,8.64,8.65,8.66,8.67,8.68,8.69,8.7,8.71,8.72,15837.29,23974.41,24070.45,20260.31,16797.01,13498.14,6366.15,4916.31,4813.29,4141.46,652.83,21998.98,23877.54,10204.36,6083.12,5085.13,4137.54,4895.69,4000.76,2995.71
30,8.64,8.63,8.62,8.61,8.6,8.59,8.58,8.57,8.56,8.55,8.65,8.66,8.67,8.68,8.69,8.7,8.71,8.72,8.73,8.74,12411.91,23582.89,26354.36,20524.52,15139.6,14044.95,14766.49,12675.15,5858.68,4964.96,12086.01,23293.85,20841,7400.28,5613.42,6294.12,4120.11,4042.56,2120.62,3149.86
31,8.65,8.64,8.63,8.62,8.61,8.6,8.59,8.58,8.57,8.56,8.66,8.67,8.68,8.69,8.7,8.71,8.72,8.73,8.74,8.75,8415.28,19154.95,21615.12,21532.97,15743.24,15548.8,13562.02,13653.42,12675.15,5887.94,19320.2,20490.02,13093.08,6848.33,6276.96,4663.14,3833.31,2120.62,3149.86,2492.66
32,8.64,8.63,8.62,8.61,8.6,8.59,8.58,8.57,8.56,8.55,8.65,8.66,8.67,8.68,8.69,8.7,8.71,8.72,8.73,8.74,13793.39,22302.31,23213.63,20762.14,16155.6,12452.41,13647.33,12675.15,5353.71,4907.16,221.21,20551.57,24122.03,10284.57,6707.5,6373.05,4440.25,3030.38,2120.62,3950.95
33,8.64,8.63,8.62,8.61,8.6,8.59,8.58,8.57,8.56,8.55,8.65,8.66,8.67,8.68,8.69,8.7,8.71,8.72,8.73,8.74,12906.13,21680.55,24522.31,20406.45,16179.68,13004.85,13670.91,12675.15,5353.71,4907.16,9874.17,23838.35,24948.33,8132.35,6560.45,6371.81,4440.24,3030.38,2085.95,3702.53
34,8.64,8.63,8.62,8.61,8.6,8.59,8.58,8.57,8.56,8.55,8.65,8.66,8.67,8.68,8.69,8.7,8.71,8.72,8.73,8.74,13757.3,24300.2,23509.06,20449.76,16237.86,13004.85,13670.91,12675.76,5353.1,4907.16,11025.87,23474.32,25202.98,8048.87,6174.37,5805.11,4377.55,3030.38,2085.95,3702.53
35,8.64,8.63,8.62,8.61,8.6,8.59,8.58,8.57,8.56,8.55,8.65,8.66,8.67,8.68,8.69,8.7,8.71,8.72,8.73,8.74,11126.58,22591.64,23921.73,20409.26,16267.35,13634.42,13700.92,12675.76,5324.77,4907.16,11591.78,27237.79,23222.66,7269.56,6141.41,5773.54,4377.55,3030.38,2085.95,3702.53
36,8.64,8.63,8.62,8.61,8.6,8.59,8.58,8.57,8.56,8.55,8.65,8.66,8.67,8.68,8.69,8.7,8.71,8.72,8.73,8.74,8704.45,23016.33,25360.74,19612.92,15925.51,13035.97,13989.46,12675.76,5324.77,4935.52,14022.53,25937.16,22288.45,8377.22,5425.72,5667.89,4347.56,3030.38,2086.89,3702.53
37,8.64,8.63,8.62,8.61,8.6,8.59,8.58,8.57,8.56,8.55,8.65,8.66,8.67,8.68,8.69,8.7,8.71,8.72,8.73,8.74,11608.24,22849.03,25875.39,19861.27,17475.16,13638.93,13989.46,12675.76,5324.77,6253.14,11674.83,24134.7,22952.95,10059.07,5425.72,5667.1,4090.11,3030.38,2086.89,3702.53
38,8.64,8.63,8.62,8.61,8.6,8.59,8.58,8.57,8.56,8.55,8.65,8.66,8.67,8.68,8.69,8.7,8.71,8.72,8.73,8.74,12376.36,23989.25,25117.99,19797.31,17674.37,13037.61,13681.73,12675.76,5324.77,6253.13,12546.4,25592.15,23038.44,7672.68,5425.72,5667.1,4090.11,3030.38,2086.89,3702.53
39,8.64,8.63,8.62,8.61,8.6,8.59,8.58,8.57,8.56,8.55,8.65,8.66,8.67,8.68,8.69,8.7,8.71,8.72,8.73,8.74,7328.22,21720.07,26988.38,19861.38,17703.87,13592.02,13678.26,12679.23,6134.48,6253.13,17377.39,31200.62,14220.72,8327.94,5425.72,5670.57,4086.64,3030.38,2086.89,3702.53
40,8.63,8.62,8.61,8.6,8.59,8.58,8.57,8.56,8.55,8.54,8.64,8.65,8.66,8.67,8.68,8.69,8.7,8.71,8.72,8.73,14188.6,23331.67,25726.12,21460.57,13761.6,14705.88,12679.23,6134.48,6253.13,4062.07,12070.07,23050.02,30091.19,9181.76,7155.38,4942.02,5052.53,4051.97,3798.64,1001.43
41,8.64,8.63,8.62,8.61,8.6,8.59,8.58,8.57,8.56,8.55,8.65,8.66,8.67,8.68,8.69,8.7,8.71,8.72,8.73,8.74,9636.4,23088.39,23883.49,19861.48,17942.08,12944.57,13824.58,12679.23,6135.42,6253.13,15961.28,29803.84,15716.37,8016.2,5498.07,5739.95,4051.97,3798.64,1811.14,3142.47
42,8.64,8.63,8.62,8.61,8.6,8.59,8.58,8.57,8.56,8.55,8.65,8.66,8.67,8.68,8.69,8.7,8.71,8.72,8.73,8.74,8306.57,20301.59,26566.72,20398.25,17597.87,12947.19,14073.29,12675.76,6135.42,6253.13,21195.22,27609.56,12881.41,8434.66,5463.4,5833.3,4051.97,3798.64,1001.43,3142.47
43,8.63,8.62,8.61,8.6,8.59,8.58,8.57,8.56,8.55,8.54,8.64,8.65,8.66,8.67,8.68,8.69,8.7,8.71,8.72,8.73,9770.69,19571.98,27339.1,21472.32,14991.67,15191.18,12679.23,6135.42,6253.13,4876.62,15376.53,26540.25,27328.04,8225.61,7155.38,4882.06,5268.43,3240.38,3798.64,1001.43
44,8.63,8.62,8.61,8.6,8.59,8.58,8.57,8.56,8.55,8.54,8.64,8.65,8.66,8.67,8.68,8.69,8.7,8.71,8.72,8.73,6991.06,22218.29,27569.62,21870.65,15113.03,15127.49,12771.55,6135.42,6463.15,4876.62,17742.74,33785.22,20490.12,7910.08,5870.55,4800.7,5238.43,3031.13,3798.64,1251.3
45,8.62,8.61,8.6,8.59,8.58,8.57,8.56,8.55,8.54,8.53,8.63,8.64,8.65,8.66,8.67,8.68,8.69,8.7,8.71,8.72,14309.25,18072.78,21049.71,15231.35,15359.29,13330.36,6138.89,6463.15,4872.72,3941.37,7692.58,21739.73,30732.85,18178.24,6867.67,5875.26,4198.9,5188.43,3031.13,3798.64
46,8.62,8.61,8.6,8.59,8.58,8.57,8.56,8.55,8.54,8.53,8.63,8.64,8.65,8.66,8.67,8.68,8.69,8.7,8.71,8.72,9284.37,21672,26492.57,20095.57,16501.92,13349.86,6138.89,6463.15,4873.66,3941.37,15415.34,23736.88,29402.28,17748.94,6730.36,5376.16,4128.24,5953.36,3031.13,2743.26
47,8.6,8.59,8.58,8.57,8.56,8.55,8.54,8.53,8.52,8.51,8.61,8.62,8.63,8.64,8.65,8.66,8.67,8.68,8.69,8.7,12992.86,23604.39,23528.11,17219.11,7268.21,7481.9,5077,4893.77,4195.93,3418.61,12994.5,21982.49,27224.77,14742.4,16391.86,15127.5,5035.42,4610.9,3056.75,5417.4
48,8.59,8.58,8.57,8.56,8.55,8.54,8.53,8.52,8.51,8.5,8.6,8.61,8.62,8.63,8.64,8.65,8.66,8.67,8.68,8.69,6307.56,14976.44,13498.08,10599.91,8082.38,5613.85,4893.77,4373.56,3486.83,5472.83,3541.62,11908.47,23987.53,9527.36,7318.67,9305.27,6858.64,4136.8,5421.01,3056.75
49,8.59,8.58,8.57,8.56,8.55,8.54,8.53,8.52,8.51,8.5,8.6,8.61,8.62,8.63,8.64,8.65,8.66,8.67,8.68,8.69,11862.47,18911.07,15480.21,11170.77,8329.97,6615.02,5011.77,3561.03,3448.17,5732.01,10211.51,22127.76,19249.52,9405.51,7296.96,9021.49,5901.67,4126.21,5417.53,2809.41
50,8.59,8.58,8.57,8.56,8.55,8.54,8.53,8.52,8.51,8.5,8.6,8.61,8.62,8.63,8.64,8.65,8.66,8.67,8.68,8.69,13022.47,19044.32,14613.03,11127.83,8331.73,6113.45,5011.77,3561.03,3448.17,5737.01,8494.57,22566.34,20124.9,9838.91,7251.03,7469.45,5936.51,4126.21,5417.53,3018.66
51,8.59,8.58,8.57,8.56,8.55,8.54,8.53,8.52,8.51,8.5,8.6,8.61,8.62,8.63,8.64,8.65,8.66,8.67,8.68,8.69,10815.68,20150.32,14948.32,11206.51,8331.73,6113.45,5011.77,4375.45,3448.17,5733.09,11495.07,28353.11,17012.8,8039.66,7209.91,6103.21,5363.6,4126.21,5417.53,3018.66
52,8.58,8.57,8.56,8.55,8.54,8.53,8.52,8.51,8.5,8.49,8.59,8.6,8.61,8.62,8.63,8.64,8.65,8.66,8.67,8.68,13159.2,13217.56,14680.08,10230.61,7962.54,4842.43,4378.94,4270.91,5733.09,3570.04,10107.41,20592.84,31165.96,8671,6950.26,7144.27,5544.63,4533.92,4126.21,5417.53
53,8.59,8.58,8.57,8.56,8.55,8.54,8.53,8.52,8.51,8.5,8.6,8.61,8.62,8.63,8.64,8.65,8.66,8.67,8.68,8.69,9759.31,19627.24,12793.46,8946.8,8362,7156.9,4306.94,4407.09,5383.98,5733.09,13992.04,28675.2,14060.39,7744.12,7261.94,6167.54,5403.99,4181.86,5974.06,3018.66
54,8.58,8.57,8.56,8.55,8.54,8.53,8.52,8.51,8.5,8.49,8.59,8.6,8.61,8.62,8.63,8.64,8.65,8.66,8.67,8.68,13823.22,13804.26,15061.3,10142.46,6867.35,4893.94,4351.44,4270.91,5485.25,3598.59,9149.46,17195.72,35804.12,7996.67,6998.95,6366.2,5544.63,4534.51,4126.21,5417.53
55,8.58,8.57,8.56,8.55,8.54,8.53,8.52,8.51,8.5,8.49,8.59,8.6,8.61,8.62,8.63,8.64,8.65,8.66,8.67,8.68,8693.38,15123.89,18260.69,10283.18,8005.28,4810.96,4351.44,4270.91,5725.64,3598.59,13767.65,25025.51,25704.88,7384.18,7198.28,6398.62,5483.57,4528.8,4126.21,5158.02
56,8.57,8.56,8.55,8.54,8.53,8.52,8.51,8.5,8.49,8.48,8.58,8.59,8.6,8.61,8.62,8.63,8.64,8.65,8.66,8.67,15163.23,19486.35,13637.85,8977.93,6059.72,5406.36,4270.91,5891.11,3571.57,1182.29,806.45,18125.34,27926.36,20102.83,6698.88,6558.17,4591.02,6264.14,5297.44,3880.72
57,8.57,8.56,8.55,8.54,8.53,8.52,8.51,8.5,8.49,8.48,8.58,8.59,8.6,8.61,8.62,8.63,8.64,8.65,8.66,8.67,12144,16746.76,13491.21,8399.92,7043.49,5495.59,4330.05,7820.5,3571.57,1346.15,10997.62,22722.98,23980.58,17596.67,6657.61,6569.69,4646.67,5503.47,5353.09,4707.49
58,8.58,8.57,8.56,8.55,8.54,8.53,8.52,8.51,8.5,8.49,8.59,8.6,8.61,8.62,8.63,8.64,8.65,8.66,8.67,8.68,7435.8,23290.37,20577.99,9482.74,8598.24,4977.15,4852.8,4270.91,5891.11,3539.44,18102.77,28989.53,20913.62,7870.27,6478.99,4587.53,6267.63,5297.44,4150.96,4585.73
59,8.57,8.56,8.55,8.54,8.53,8.52,8.51,8.5,8.49,8.48,8.58,8.59,8.6,8.61,8.62,8.63,8.64,8.65,8.66,8.67,12021.22,15305.47,14223.04,9043.75,5825.77,5416,4274.4,6706.48,3539.44,1606.38,11875.79,25787.13,24511.63,18247.48,7256.72,6371.84,4593.06,5447.82,5296.85,4150.96
60,8.57,8.56,8.55,8.54,8.53,8.52,8.51,8.5,8.49,8.48,8.58,8.59,8.6,8.61,8.62,8.63,8.64,8.65,8.66,8.67,8458.71,19131.31,22386.94,9534.88,7017.2,5353.09,4338.35,5891.11,3539.44,1636.04,17006.17,29560.7,16529.18,15987.54,7220.98,5087.27,5307.48,5619.64,5296.85,4150.96
61,8.56,8.55,8.54,8.53,8.52,8.51,8.5,8.49,8.48,8.47,8.57,8.58,8.59,8.6,8.61,8.62,8.63,8.64,8.65,8.66,9569.6,21935.68,18457.21,8522.29,7461.4,4076.13,6796.72,4074.92,2453.31,3153.4,14060.95,22842.8,26594.43,14670.68,13437.61,5295.9,4252.19,4477.18,5618.64,5296.86
62,8.56,8.55,8.54,8.53,8.52,8.51,8.5,8.49,8.48,8.47,8.57,8.58,8.59,8.6,8.61,8.62,8.63,8.64,8.65,8.66,6635.75,20674.1,16074.93,8560.02,7426.42,4646.39,6796.72,4074.92,2453.31,3153.4,17484.83,28743.93,18460.22,14259.64,13449.15,5349.09,4254.89,4474.48,5618.64,5296.86
63,8.55,8.54,8.53,8.52,8.51,8.5,8.49,8.48,8.47,8.46,8.56,8.57,8.58,8.59,8.6,8.61,8.62,8.63,8.64,8.65,7404.74,20116.01,15312.29,11070.76,6094.17,9813.79,4425.04,2447.67,4310.53,2997.79,16422.38,22080.94,17483.12,8960.88,6123.79,5548.53,4488.43,4207.01,5293.58,5618.64
64,8.55,8.54,8.53,8.52,8.51,8.5,8.49,8.48,8.47,8.46,8.56,8.57,8.58,8.59,8.6,8.61,8.62,8.63,8.64,8.65,14227.64,26524.29,17808.19,8882.27,5913.33,7970.32,4924.56,2447.35,3456.15,2392.06,8548.18,19148.02,25598.42,13167.79,7080.09,6123.29,4556.6,4207.01,5294.17,5618.64
65,8.55,8.54,8.53,8.52,8.51,8.5,8.49,8.48,8.47,8.46,8.56,8.57,8.58,8.59,8.6,8.61,8.62,8.63,8.64,8.65,8973.97,20050.58,16391.48,11728.84,7016.09,7469.56,4099.88,1630.09,4309.33,2385.37,14318.08,23416.86,20987.53,9926.53,6467.93,5889.8,4526.6,4206.64,5291.15,5618.64
66,8.55,8.54,8.53,8.52,8.51,8.5,8.49,8.48,8.47,8.46,8.56,8.57,8.58,8.59,8.6,8.61,8.62,8.63,8.64,8.65,15058,22658.21,16133.8,8603.48,6986.29,7469.56,3281.65,1630.09,4277.13,2107.98,10617.2,22451.52,20865.54,9888.78,6438.13,5889.8,4526.6,5024.87,5291.15,5618.64
67,8.55,8.54,8.53,8.52,8.51,8.5,8.49,8.48,8.47,8.46,8.56,8.57,8.58,8.59,8.6,8.61,8.62,8.63,8.64,8.65,15244.8,23481.2,15896.68,8603.48,6986.29,7472.56,3281.65,1630.09,4277.13,2107.98,8293.41,22473.89,18874.11,9965.59,6438.13,5889.8,4526.6,5023.87,5291.15,5618.64
68,8.55,8.54,8.53,8.52,8.51,8.5,8.49,8.48,8.47,8.46,8.56,8.57,8.58,8.59,8.6,8.61,8.62,8.63,8.64,8.65,14575.95,21397.31,14021.82,8155.7,4109.3,10364.28,1288.73,4487.05,2238.4,3471.89,10473.98,20045.37,19629.28,8035.36,5793.12,4529.39,3849.28,3659.96,4616.33,4254.73
69,8.55,8.54,8.53,8.52,8.51,8.5,8.49,8.48,8.47,8.46,8.56,8.57,8.58,8.59,8.6,8.61,8.62,8.63,8.64,8.65,10987.03,21098.64,14217.08,7765.4,4139.1,10364.28,1288.73,4487.05,2202.95,4290.12,14151.55,24127.21,15291.54,6954.46,5763.31,4525.89,3852.78,2841.73,4616.33,4254.73
70,8.54,8.53,8.52,8.51,8.5,8.49,8.48,8.47,8.46,8.45,8.55,8.56,8.57,8.58,8.59,8.6,8.61,8.62,8.63,8.64,15335.64,16713.19,10789.43,7267.37,11256.9,1318.74,4488.01,2174.32,4599.99,4962.05,311.8,17694.35,27350.6,11271.74,7142.87,4975.87,3913.11,3814.61,2841.73,4616.92
71,8.54,8.53,8.52,8.51,8.5,8.49,8.48,8.47,8.46,8.45,8.55,8.56,8.57,8.58,8.59,8.6,8.61,8.62,8.63,8.64,8713.07,16066.42,14144.06,7196.4,11007.25,2272.13,4461.84,2174.32,4629.73,4962.05,12875.94,22975.16,23820.9,8623.63,6257.46,4300.87,3399.69,3814.61,2839.4,4616.92
72,8.53,8.52,8.51,8.5,8.49,8.48,8.47,8.46,8.45,8.44,8.54,8.55,8.56,8.57,8.58,8.59,8.6,8.61,8.62,8.63,12933.9,17000.11,13596.6,12429.37,3684.08,5480.64,2997.02,3986.13,4962.05,3459.5,11268.63,21604.75,23410.44,15986.72,7112.07,4646.65,3623.21,3371.2,4626.85,2840.12
73,8.53,8.52,8.51,8.5,8.49,8.48,8.47,8.46,8.45,8.44,8.54,8.55,8.56,8.57,8.58,8.59,8.6,8.61,8.62,8.63,13034.69,18861.98,12771.96,12461.46,3684.08,5480.64,2997.02,3986.13,4960.4,3459.5,7949.95,20094.36,23247.55,16092.88,7112.07,4679.36,3623.21,3001.97,4626.85,2840.12
74,8.54,8.53,8.52,8.51,8.5,8.49,8.48,8.47,8.46,8.45,8.55,8.56,8.57,8.58,8.59,8.6,8.61,8.62,8.63,8.64,10935.1,20648.73,15751.55,9328.02,12219.56,2766.14,4553.89,2171.4,3986.13,4725.35,14173.7,20930.28,24708.15,9105.6,4680.96,4244.23,3005.48,4625.85,2840.12,3806.64
75,8.54,8.53,8.52,8.51,8.5,8.49,8.48,8.47,8.46,8.45,8.55,8.56,8.57,8.58,8.59,8.6,8.61,8.62,8.63,8.64,6750.81,19670.8,17737.47,9338.69,12211.44,2766.14,4553.89,2990.59,3986.13,4725.35,16761.15,26377.38,18439.95,8470.35,4655.29,4311.56,3001.97,4625.85,2840.12,3806.64
76,8.53,8.52,8.51,8.5,8.49,8.48,8.47,8.46,8.45,8.44,8.54,8.55,8.56,8.57,8.58,8.59,8.6,8.61,8.62,8.63,9929.59,15784.58,15983.18,12739.36,3650.97,5473.96,2995.06,3986.13,4725.35,3743.76,13372.13,23483.41,24620.54,13725.9,7076.25,4718.16,3665.37,3003.63,4625.85,2840.71
77,8.53,8.52,8.51,8.5,8.49,8.48,8.47,8.46,8.45,8.44,8.54,8.55,8.56,8.57,8.58,8.59,8.6,8.61,8.62,8.63,11756.61,16240.73,13924.34,12809.11,2801.91,5474.92,2174.91,4806.28,4725.35,4563.91,13010.4,23042.13,22930.87,14167.43,7046.37,4718.19,3665.37,3823.78,4625.85,2840.71
78,8.54,8.53,8.52,8.51,8.5,8.49,8.48,8.47,8.46,8.45,8.55,8.56,8.57,8.58,8.59,8.6,8.61,8.62,8.63,8.64,7380.83,18492.09,17276.86,9786.37,11940.82,1955.24,4866.21,2171.4,4806.28,4977.57,16143.34,25927.2,18536.78,8169.04,4718.78,4237.97,3858.45,4625.85,3660.27,3806.64
79,8.54,8.53,8.52,8.51,8.5,8.49,8.48,8.47,8.46,8.45,8.55,8.56,8.57,8.58,8.59,8.6,8.61,8.62,8.63,8.64,6586.48,19841.13,17330.95,9830.74,12279.34,1912.73,4554.85,2171.4,4806.28,4977.57,17325.22,28528.53,17332.85,8259.75,4655.32,4375.44,3857.49,4660.52,2840.12,3806.64
80,8.53,8.52,8.51,8.5,8.49,8.48,8.47,8.46,8.45,8.44,8.54,8.55,8.56,8.57,8.58,8.59,8.6,8.61,8.62,8.63,13157.65,15618.14,13334.51,12527.68,3060.54,5150.28,2174.91,4806.28,5177.77,4559.97,9484.87,19733.9,26848.49,15523.61,7076.24,4718.08,4039.55,3858.45,4625.85,2840.12
81,8.53,8.52,8.51,8.5,8.49,8.48,8.47,8.46,8.45,8.44,8.54,8.55,8.56,8.57,8.58,8.59,8.6,8.61,8.62,8.63,8023.74,15158.81,14635.84,12553.49,3090.41,5150.28,2174.91,4806.28,4888.57,4559.97,13333.18,23368.48,24745.84,13446.4,7046.37,4718.08,4039.55,3038.3,4625.85,2840.12
82,8.52,8.51,8.5,8.49,8.48,8.47,8.46,8.45,8.44,8.43,8.53,8.54,8.55,8.56,8.57,8.58,8.59,8.6,8.61,8.62,12896.83,19904.53,17121.68,6555.87,6030.09,4452.34,4848.7,4898.3,3739.82,3721.28,10441.68,21377.09,24271.2,17869.92,12380.3,5863.48,3814.14,3954.33,3027.71,4625.85
83,8.52,8.51,8.5,8.49,8.48,8.47,8.46,8.45,8.44,8.43,8.53,8.54,8.55,8.56,8.57,8.58,8.59,8.6,8.61,8.62,14680.88,19564.48,17281.43,6629.64,6341.65,4256.31,4849.66,4898.3,3739.82,3721.28,8236.7,19160.28,25268.25,19557.53,13828.71,5901.12,3776.58,3954.33,3027.71,4625.85
84,8.54,8.53,8.52,8.51,8.5,8.49,8.48,8.47,8.46,8.45,8.55,8.56,8.57,8.58,8.59,8.6,8.61,8.62,8.63,8.64,11285.46,20879.19,27370.76,14440,12622.41,3281.01,4555.74,3436.66,4025.04,4898.3,17028.29,28733.36,16454.37,7922.82,5928.73,4556.94,3847.86,4660.52,2840.12,2703.28
85,8.54,8.53,8.52,8.51,8.5,8.49,8.48,8.47,8.46,8.45,8.55,8.56,8.57,8.58,8.59,8.6,8.61,8.62,8.63,8.64,16284.79,20702.6,19913.25,14878.4,13146.71,3065.29,4457.38,2132.54,3986.13,4898.3,7747.83,21832.31,26068,9473.93,6504.58,4398.66,3891.96,3813.61,3659.31,3398.56
86,8.55,8.54,8.53,8.52,8.51,8.5,8.49,8.48,8.47,8.46,8.56,8.57,8.58,8.59,8.6,8.61,8.62,8.63,8.64,8.65,257.48,21181.57,21368.98,16446.12,10593.39,13791.74,2456.87,4460.88,1344.78,3986.13,19829.32,27211.22,10389.18,7181.15,5087.61,3891.95,3813.61,4910.07,3398.56,1779.5
87,8.54,8.53,8.52,8.51,8.5,8.49,8.48,8.47,8.46,8.45,8.55,8.56,8.57,8.58,8.59,8.6,8.61,8.62,8.63,8.64,14274.94,20531.24,20210.71,14420.8,14115.69,3080.98,4460.88,1344.78,3986.13,4902.24,13116.99,25657.75,25469.84,6470.42,5668.5,4404.66,3891.95,3813.61,4090.88,3398.56
88,8.54,8.53,8.52,8.51,8.5,8.49,8.48,8.47,8.46,8.45,8.55,8.56,8.57,8.58,8.59,8.6,8.61,8.62,8.63,8.64,15303.14,26111.75,20697.08,14492.88,13231.02,3080.98,5286.53,1344.78,3957.47,4930.93,12900.36,22188.14,26157.89,8178.85,5668.5,4404.66,3891.95,3813.61,4092.16,3398.56
89,8.54,8.53,8.52,8.51,8.5,8.49,8.48,8.47,8.46,8.45,8.55,8.56,8.57,8.58,8.59,8.6,8.61,8.62,8.63,8.64,11052.63,20436.8,21071.04,14801.73,13260.86,3080.98,5286.53,2163.97,3957.47,4930.93,13475.61,24105.04,24367.48,7910.82,5630.97,4404.66,3891.96,3813.61,4092.16,3398.56
90,8.55,8.54,8.53,8.52,8.51,8.5,8.49,8.48,8.47,8.46,8.56,8.57,8.58,8.59,8.6,8.61,8.62,8.63,8.64,8.65,7961.06,27516.9,32479.72,18400.34,10793.27,11571.16,2456.87,4468.31,1344.78,3957.47,16159.27,21669.65,6429.29,5233.81,5093.95,4469.15,3813.61,4911.35,3398.56,1779.5
91,8.55,8.54,8.53,8.52,8.51,8.5,8.49,8.48,8.47,8.46,8.56,8.57,8.58,8.59,8.6,8.61,8.62,8.63,8.64,8.65,8301.68,25023.19,32646.96,19966.22,10659.99,11758.95,2460.38,4457.38,1344.78,3676.26,15133.08,17902.66,10552.23,5992.16,5017.05,4800.78,3851.78,4910.98,3398.56,1779.5
92,8.55,8.54,8.53,8.52,8.51,8.5,8.49,8.48,8.47,8.46,8.56,8.57,8.58,8.59,8.6,8.61,8.62,8.63,8.64,8.65,13573.6,30762.67,29174.55,18161.61,8580.28,10724.76,2460.38,3639.15,1344.78,3676.26,12685.33,18609.97,10951.65,5902.45,4954.65,4864.38,3851.78,4910.98,2588.2,2597.73
93,8.55,8.54,8.53,8.52,8.51,8.5,8.49,8.48,8.47,8.46,8.56,8.57,8.58,8.59,8.6,8.61,8.62,8.63,8.64,8.65,13805,31893.81,27328.81,18232.49,8580.28,10653.74,2460.38,3639.15,1344.78,3676.26,11369.74,18748.73,10953.97,6084.2,5087.04,4864.38,3851.78,4910.98,2588.2,2597.73
94,8.55,8.54,8.53,8.52,8.51,8.5,8.49,8.48,8.47,8.46,8.56,8.57,8.58,8.59,8.6,8.61,8.62,8.63,8.64,8.65,14537.48,24652.51,23235.11,18157.31,8568.05,10615.08,2359.22,3639.15,1111.32,3924.07,6008.24,21454.37,20707.34,8750.43,5811.28,5567.42,3847.11,4910.39,2837.15,2597.73
95,8.56,8.55,8.54,8.53,8.52,8.51,8.5,8.49,8.48,8.47,8.57,8.58,8.59,8.6,8.61,8.62,8.63,8.64,8.65,8.66,9136.97,20586.54,24942.19,20111.26,15795.95,8333.46,10027.12,1541.95,3639.15,1178.97,17010.21,18581.86,15437.26,6599.36,5568.01,4452.67,4913.89,2837.15,2597.73,3752.04
96,8.55,8.54,8.53,8.52,8.51,8.5,8.49,8.48,8.47,8.46,8.56,8.57,8.58,8.59,8.6,8.61,8.62,8.63,8.64,8.65,13303.37,21357.2,24048.58,18834.41,7454.99,10613.17,2362.72,3677.99,1140.1,3928,9628.35,21217.52,21866.72,8461.83,6102.36,4720.16,3847.11,4910.39,2837.15,2597.73
97,8.55,8.54,8.53,8.52,8.51,8.5,8.49,8.48,8.47,8.46,8.56,8.57,8.58,8.59,8.6,8.61,8.62,8.63,8.64,8.65,13358.78,24863.51,23802.64,18601.18,7454.99,10613.17,2362.72,3677.99,1140.1,3928,8118.5,20577.08,20974.74,7928.98,5523.83,4720.16,3847.11,4910.39,2837.15,2597.73
98,8.55,8.54,8.53,8.52,8.51,8.5,8.49,8.48,8.47,8.46,8.56,8.57,8.58,8.59,8.6,8.61,8.62,8.63,8.64,8.65,7684.26,20846.88,25894.76,18357.59,7484.8,10642.37,2362.72,4496.22,1140.1,3928,15880.87,27952.8,13743.94,6834.1,5494.02,4720.16,3847.11,4910.39,2837.15,1779.5
99,8.54,8.53,8.52,8.51,8.5,8.49,8.48,8.47,8.46,8.45,8.55,8.56,8.57,8.58,8.59,8.6,8.61,8.62,8.63,8.64,11396.43,22134.76,20623.59,10721.03,12061.42,3018.79,5325.37,1391.57,3924.07,4862.94,11671.96,22010.23,25974.25,9896.64,6553.84,4281.46,3857.29,3813.61,4092.16,3646.92
100,8.53,8.52,8.51,8.5,8.49,8.48,8.47,8.46,8.45,8.44,8.54,8.55,8.56,8.57,8.58,8.59,8.6,8.61,8.62,8.63,12186.01,23993.22,15485.4,13111.38,3869.93,5998.57,2214.27,3924.07,4862.94,3499.67,11167.37,21731.66,22765.82,14628.49,9289.3,5993.26,3653.51,3003.63,3813.61,4092.16
101,8.54,8.53,8.52,8.51,8.5,8.49,8.48,8.47,8.46,8.45,8.55,8.56,8.57,8.58,8.59,8.6,8.61,8.62,8.63,8.64,8080.31,23321.91,24888.62,11939.42,12209.44,2956.06,5418.76,2182.14,3924.07,4877.84,15615.08,21068.31,23182.02,10156.23,6037.35,4339.97,3827.29,3813.61,4092.16,3646.92
102,8.53,8.52,8.51,8.5,8.49,8.48,8.47,8.46,8.45,8.44,8.54,8.55,8.56,8.57,8.58,8.59,8.6,8.61,8.62,8.63,13058.16,23044.98,15645.46,13002.7,3802.53,5975.74,2186.61,3924.07,4877.84,3772.93,12071.86,22431.21,21869.24,15069.79,9146.7,4880.2,3618.84,3003.63,3813.61,4092.16
103,8.53,8.52,8.51,8.5,8.49,8.48,8.47,8.46,8.45,8.44,8.54,8.55,8.56,8.57,8.58,8.59,8.6,8.61,8.62,8.63,8714.75,23082.76,22054.16,12906.74,3832.41,6287.1,2186.61,3924.07,4877.84,3772.93,13708,22323.84,21560.59,14639.94,9146.7,4682.64,3618.84,2873.58,3813.61,4092.16
104,8.53,8.52,8.51,8.5,8.49,8.48,8.47,8.46,8.45,8.44,8.54,8.55,8.56,8.57,8.58,8.59,8.6,8.61,8.62,8.63,14485.3,24112.81,17827.51,12653.46,3802.53,6287.1,2186.61,3924.07,4877.84,3772.93,6962.2,19867.77,23416.81,17142.71,6885.66,4453.81,3619.43,3695.6,3813.61,4092.16
105,8.53,8.52,8.51,8.5,8.49,8.48,8.47,8.46,8.45,8.44,8.54,8.55,8.56,8.57,8.58,8.59,8.6,8.61,8.62,8.63,15793.6,29342.01,22170.16,13517.22,3845.43,6096.01,2182.14,3924.07,4606.97,3772.93,6040.33,16441.31,19533.42,13984.15,6885.66,4482.57,3871.7,3695.6,3813.61,4092.16
106,8.53,8.52,8.51,8.5,8.49,8.48,8.47,8.46,8.45,8.44,8.54,8.55,8.56,8.57,8.58,8.59,8.6,8.61,8.62,8.63,13768.41,28405.64,22943.32,14075.09,3855.72,6084.36,2185.65,3924.07,4606.97,3772.93,8792.4,16921.68,19481.22,12960.64,6855.79,4482.57,3871.7,3694.64,3813.61,4092.16
107,8.53,8.52,8.51,8.5,8.49,8.48,8.47,8.46,8.45,8.44,8.54,8.55,8.56,8.57,8.58,8.59,8.6,8.61,8.62,8.63,13180.93,28121.04,25217.64,14100.12,3856.02,6092.61,2185.65,3924.07,4598.69,3772.93,8843.06,16796.64,19417.52,12698.78,6855.79,4482.57,3871.7,3695.6,3813.61,4092.16
108,8.53,8.52,8.51,8.5,8.49,8.48,8.47,8.46,8.45,8.44,8.54,8.55,8.56,8.57,8.58,8.59,8.6,8.61,8.62,8.63,13106.61,22529.79,18325.09,13076.83,3856.2,6090.8,2185.65,3924.07,4598.69,3772.93,10848.44,22756.47,26924.78,12754.43,6855.79,4456.04,3871.7,2875.45,3813.61,4092.16
109,8.53,8.52,8.51,8.5,8.49,8.48,8.47,8.46,8.45,8.44,8.54,8.55,8.56,8.57,8.58,8.59,8.6,8.61,8.62,8.63,13050.18,23511.7,17842.93,12766.2,3855.98,6373.82,2185.65,3924.07,4598.69,3772.93,9360.62,22979.16,26429.52,13691.25,6855.79,4427.28,3871.11,2875.45,3813.61,4092.16
110,8.53,8.52,8.51,8.5,8.49,8.48,8.47,8.46,8.45,8.44,8.54,8.55,8.56,8.57,8.58,8.59,8.6,8.61,8.62,8.63,13589.58,24569.38,18499.73,12766.2,3856.44,6378.82,2185.65,3924.07,4598.69,3472.05,7301.66,21428.5,26395.17,14378.54,6885.67,4427.28,3618.84,3695.6,3813.61,3853.44
111,8.54,8.53,8.52,8.51,8.5,8.49,8.48,8.47,8.46,8.45,8.55,8.56,8.57,8.58,8.59,8.6,8.61,8.62,8.63,8.64,10875.4,22819.38,22873.96,14126.56,12180.04,2956.06,5507.01,1362.95,3924.07,4598.69,13773.25,24659.5,22605.11,7781.73,5059.97,4179.74,2878.96,3813.61,3853.44,3647.51
112,8.54,8.53,8.52,8.51,8.5,8.49,8.48,8.47,8.46,8.45,8.55,8.56,8.57,8.58,8.59,8.6,8.61,8.62,8.63,8.64,10887.29,21456.84,25815.45,14100.63,12217.05,2956.06,5507.01,1362.95,3930.76,4598.69,15294.6,25005.39,21409.43,9068.62,4276.39,4995.23,2878.96,3813.61,3854.34,3647.51
113,8.54,8.53,8.52,8.51,8.5,8.49,8.48,8.47,8.46,8.45,8.55,8.56,8.57,8.58,8.59,8.6,8.61,8.62,8.63,8.64,10681.97,27682.58,28736.71,12717.93,12217.05,2956.06,5507.01,1366.8,3930.76,4598.69,14730.07,18413.83,15742.46,7857.01,4276.39,4995.23,2878.96,4632.8,3854.34,3647.51
114,8.55,8.54,8.53,8.52,8.51,8.5,8.49,8.48,8.47,8.46,8.56,8.57,8.58,8.59,8.6,8.61,8.62,8.63,8.64,8.65,6284.18,20100.85,23465.79,20379.38,8701.16,12658.79,1637.67,3766.24,1362.95,3682.95,14800.89,23573.95,17437.42,6242.49,5706.75,3606.04,4582.8,4088.52,4416.7,1787.59
115,8.55,8.54,8.53,8.52,8.51,8.5,8.49,8.48,8.47,8.46,8.56,8.57,8.58,8.59,8.6,8.61,8.62,8.63,8.64,8.65,8807.24,20296.36,23141.06,20423.94,8629.5,10989.71,1575.45,3686.24,1362.95,3676.26,11526.46,27502.77,17688.09,5659.34,5643.99,3665.83,4586.3,4088.52,2787.15,1787.59
116,8.54,8.53,8.52,8.51,8.5,8.49,8.48,8.47,8.46,8.45,8.55,8.56,8.57,8.58,8.59,8.6,8.61,8.62,8.63,8.64,14715.64,20359.86,24985.87,12990.94,11786.39,2263.61,4507.97,1362.95,3676.26,4884.3,5531.6,21045.04,28541.08,10645.22,4976.28,5643.4,2972.25,4581.84,4088.52,2787.15
117,8.54,8.53,8.52,8.51,8.5,8.49,8.48,8.47,8.46,8.45,8.55,8.56,8.57,8.58,8.59,8.6,8.61,8.62,8.63,8.64,14759.82,20579.47,24134.58,13026,11723.81,2326.27,4587.98,1362.95,3676.26,4884.3,8833.17,21407.51,28425.63,9658.01,4803.88,4995.23,2972.25,3763.61,4088.52,2538.79
118,8.55,8.54,8.53,8.52,8.51,8.5,8.49,8.48,8.47,8.46,8.56,8.57,8.58,8.59,8.6,8.61,8.62,8.63,8.64,8.65,7065.19,19725.71,24356,20844.78,9807.24,10927.13,1638.12,4546.59,1362.95,3676.26,14948.96,26030.1,15483.7,6043.52,5590.97,3575.42,4586.3,4088.52,2538.79,2024.06
119,8.55,8.54,8.53,8.52,8.51,8.5,8.49,8.48,8.47,8.46,8.56,8.57,8.58,8.59,8.6,8.61,8.62,8.63,8.64,8.65,12100.25,19796.91,27639.97,19579.48,9777.43,10106.98,2456.35,3746.24,1362.95,3676.26,9445.43,26057.76,18318.21,5695.65,5590.97,3535.19,4586.3,4088.52,2538.79,2024.06
120,8.56,8.55,8.54,8.53,8.52,8.51,8.5,8.49,8.48,8.47,8.57,8.58,8.59,8.6,8.61,8.62,8.63,8.64,8.65,8.66,6481.36,20824.07,23041.31,19939.07,16602.03,7499.4,9272.4,2360.18,3711.77,1399.05,17013.9,26222.3,8845.7,7421.68,4330.22,5244.41,4092.02,3629.68,2024.06,2659.21
121,8.57,8.56,8.55,8.54,8.53,8.52,8.51,8.5,8.49,8.48,8.58,8.59,8.6,8.61,8.62,8.63,8.64,8.65,8.66,8.67,7944.51,26307.88,29564.38,17560.18,15948.92,14478.18,5246.15,9113.71,1496.02,3421.41,13491.79,13625.77,9422.25,4961.76,5931.99,4770.15,3632.22,2024.06,2555.57,1948.78
122,8.56,8.55,8.54,8.53,8.52,8.51,8.5,8.49,8.48,8.47,8.57,8.58,8.59,8.6,8.61,8.62,8.63,8.64,8.65,8.66,15565.8,25784.88,25756.84,20887.37,16042.7,5824.94,7927.94,1525.65,3428.08,1371.54,6860.45,17459.31,14070.44,6229.64,4775.46,5390.37,4242.44,3628.72,2024.06,2555.57
123,8.57,8.56,8.55,8.54,8.53,8.52,8.51,8.5,8.49,8.48,8.58,8.59,8.6,8.61,8.62,8.63,8.64,8.65,8.66,8.67,9567.91,24287.49,38682.54,17973.34,15794.28,13923.31,5246.15,7959.79,1525.65,3428.08,13067.98,14476.83,9429.05,5007.09,6089.47,4885.58,3627.77,2024.06,2555.57,1948.78
124,8.57,8.56,8.55,8.54,8.53,8.52,8.51,8.5,8.49,8.48,8.58,8.59,8.6,8.61,8.62,8.63,8.64,8.65,8.66,8.67,12564.29,25399.91,30542.19,18082.7,15775.88,12810.24,5246.15,7960.41,1525.65,3428.08,12070.31,14950.5,9472.85,5240.59,6089.47,4882.08,3630.68,2024.06,2555.57,1948.78
125,8.58,8.57,8.56,8.55,8.54,8.53,8.52,8.51,8.5,8.49,8.59,8.6,8.61,8.62,8.63,8.64,8.65,8.66,8.67,8.68,13234.15,26930.45,27215.56,17789.98,13922.31,13570.52,12066.02,5350.96,7960.41,1525.65,11482.88,14158.77,9082.44,7071.05,5561.77,4318.25,2027.55,3626.7,1948.78,3074.27
126,8.59,8.58,8.57,8.56,8.55,8.54,8.53,8.52,8.51,8.5,8.6,8.61,8.62,8.63,8.64,8.65,8.66,8.67,8.68,8.69,10980.05,24370.43,32495.47,15588.88,12993.08,13363.83,11343.63,11044.24,5265.71,7996.38,12544.1,14945.75,10067.49,6386.05,4958.11,2819.01,3630.19,1948.78,2959.04,3018.66
127,8.6,8.59,8.58,8.57,8.56,8.55,8.54,8.53,8.52,8.51,8.61,8.62,8.63,8.64,8.65,8.66,8.67,8.68,8.69,8.7,7719.54,26097.58,27466.31,15774.62,12020.1,12642.76,12818.9,10860.3,11044.24,5294.2,10184.84,15581.53,10475.29,6002.37,3811.6,4391.12,1948.78,3947.46,4079.9,7734.44
128,8.59,8.58,8.57,8.56,8.55,8.54,8.53,8.52,8.51,8.5,8.6,8.61,8.62,8.63,8.64,8.65,8.66,8.67,8.68,8.69,11326.79,30850.76,24475.03,17537.98,13673.87,12325.42,10867.01,11082.88,5294.2,8003.84,7213.71,17630.55,15749.02,6251.58,5559.6,2708.38,3767.22,1948.78,3943.97,3266.42
129,8.59,8.58,8.57,8.56,8.55,8.54,8.53,8.52,8.51,8.5,8.6,8.61,8.62,8.63,8.64,8.65,8.66,8.67,8.68,8.69,7783.82,25582.54,27413.4,17262.87,13673.87,12325.42,11587.61,11082.88,5294.82,8003.22,11413.25,17862.02,15029.71,6214.17,5535.94,2702.38,3767.22,1948.78,3129.55,3266.42
130,8.59,8.58,8.57,8.56,8.55,8.54,8.53,8.52,8.51,8.5,8.6,8.61,8.62,8.63,8.64,8.65,8.66,8.67,8.68,8.69,6209.24,23269.23,29455.22,17577.98,13579.33,11588.92,11587.61,11082.88,5294.82,8008.22,13818.19,20977.3,10808.51,6214.17,5535.94,2630.29,3767.22,1948.78,3129.55,3266.42
131,8.58,8.57,8.56,8.55,8.54,8.53,8.52,8.51,8.5,8.49,8.59,8.6,8.61,8.62,8.63,8.64,8.65,8.66,8.67,8.68,17665.02,29503.95,18535.27,18330.91,12511.99,12270.25,11082.88,5294.82,8008.22,1490.79,5811.55,14919.46,19685.38,10443.27,6220.14,4380.22,1949.57,3732.78,1948.78,3129.55
132,8.59,8.58,8.57,8.56,8.55,8.54,8.53,8.52,8.51,8.5,8.6,8.61,8.62,8.63,8.64,8.65,8.66,8.67,8.68,8.69,8661.19,25844.54,34047.95,18036.13,14068.61,12278.6,11614.56,14259.35,5294.82,4831.75,12810.81,21754.33,10153.81,6559.4,5027.55,2507.96,3736.27,1948.78,3129.55,3267.01
133,8.59,8.58,8.57,8.56,8.55,8.54,8.53,8.52,8.51,8.5,8.6,8.61,8.62,8.63,8.64,8.65,8.66,8.67,8.68,8.69,8964.2,22962.83,32072.96,19495.92,14653.73,11623.33,11614.56,14259.35,5294.82,4831.75,13231.25,21623.49,9814.62,6237.13,4961.23,2594.69,3733.73,1948.78,3129.55,3267.01
134,8.58,8.57,8.56,8.55,8.54,8.53,8.52,8.51,8.5,8.49,8.59,8.6,8.61,8.62,8.63,8.64,8.65,8.66,8.67,8.68,18073.69,28573.13,23489.43,18205.6,12363.24,12246.21,14262.07,5265.71,4889.88,1457.24,703.9,15802.63,20705.14,9458.43,6130.67,4350.35,1949.57,3732.78,1948.78,3129.55
135,8.59,8.58,8.57,8.56,8.55,8.54,8.53,8.52,8.51,8.5,8.6,8.61,8.62,8.63,8.64,8.65,8.66,8.67,8.68,8.69,1230.48,17506.3,26426.84,16331.07,14009.26,11556.61,11671.29,14258.58,5265.71,4889.88,13631.45,17329.46,12704.26,6211.41,5150.6,2541.38,3991.99,1948.78,3129.55,3266.42
136,8.59,8.58,8.57,8.56,8.55,8.54,8.53,8.52,8.51,8.5,8.6,8.61,8.62,8.63,8.64,8.65,8.66,8.67,8.68,8.69,236.66,23969.26,27795.5,23710.65,13565.96,12156.99,11666.85,14262.07,5265.71,4889.88,14280.26,17675.85,12642.54,6456.64,5150.6,2541.38,3991.99,1948.78,3129.55,3266.42
137,8.58,8.57,8.56,8.55,8.54,8.53,8.52,8.51,8.5,8.49,8.59,8.6,8.61,8.62,8.63,8.64,8.65,8.66,8.67,8.68,8376.68,26688.23,27308.4,19223.44,12422.79,12236.73,14262.07,6081.08,4889.88,1461.06,14404.68,16647.64,17414.08,7502.63,6070.55,4566.86,1887.04,3177.57,1948.78,2856.85
138,8.58,8.57,8.56,8.55,8.54,8.53,8.52,8.51,8.5,8.49,8.59,8.6,8.61,8.62,8.63,8.64,8.65,8.66,8.67,8.68,7797.93,24988.51,32769.91,18117.74,13337.86,13209.18,14957.98,5265.71,4853.91,1499.84,14961.67,17738.96,16851.25,7860.79,5582.28,3934.16,1853.55,3120.54,1948.78,3663.48
139,8.58,8.57,8.56,8.55,8.54,8.53,8.52,8.51,8.5,8.49,8.59,8.6,8.61,8.62,8.63,8.64,8.65,8.66,8.67,8.68,11852.54,27350.69,29127.06,17815.4,12764.61,12394.76,14957.98,5265.71,4857.74,1496.02,13634.53,18468.03,16873.59,8199.91,5582.28,4491.71,1857.04,3120.54,1948.78,2856.85
140,8.58,8.57,8.56,8.55,8.54,8.53,8.52,8.51,8.5,8.49,8.59,8.6,8.61,8.62,8.63,8.64,8.65,8.66,8.67,8.68,13009.91,27999.26,28488.61,17811.09,12734.91,11818.55,14957.98,5269.54,4853.91,1503.67,9787.18,19141.12,17498.37,8170.23,5611.98,4333.94,1857.04,3676.7,1948.78,2856.85
141,8.58,8.57,8.56,8.55,8.54,8.53,8.52,8.51,8.5,8.49,8.59,8.6,8.61,8.62,8.63,8.64,8.65,8.66,8.67,8.68,10739.66,26819.33,29719.65,17361.54,12744.33,11818.55,14961.81,5265.71,4790.04,1567.62,12913.93,19345.84,16540.88,8094.11,5582.28,4333.94,1857.04,2861.33,1948.78,2856.85
142,8.58,8.57,8.56,8.55,8.54,8.53,8.52,8.51,8.5,8.49,8.59,8.6,8.61,8.62,8.63,8.64,8.65,8.66,8.67,8.68,6938.54,27346.83,29547.05,18659.25,12744.33,13231.4,14957.98,5269.42,4790.04,1567.62,13277.75,19415.74,16193.81,8131.38,5582.28,4341.05,1857.04,2861.33,2006.92,2856.85
143,8.58,8.57,8.56,8.55,8.54,8.53,8.52,8.51,8.5,8.49,8.59,8.6,8.61,8.62,8.63,8.64,8.65,8.66,8.67,8.68,8988.54,27774.04,29958.02,17383.84,12781.38,12450.67,14955.64,5265.71,4390.04,1567.62,13298.42,19044.75,16230.53,8195.72,5582.28,4341.05,1857.04,2861.33,2006.92,2856.85
144,8.58,8.57,8.56,8.55,8.54,8.53,8.52,8.51,8.5,8.49,8.59,8.6,8.61,8.62,8.63,8.64,8.65,8.66,8.67,8.68,11410.22,21194.39,23961.04,17072.01,12761.4,12513.57,14959.35,5265.71,4390.04,1567.62,8832.41,22796.03,24355.03,10515.81,5582.28,4375.72,1857.04,3676.7,2006.92,2856.85
145,8.59,8.58,8.57,8.56,8.55,8.54,8.53,8.52,8.51,8.5,8.6,8.61,8.62,8.63,8.64,8.65,8.66,8.67,8.68,8.69,7467.55,25918.92,29432.82,19954.17,15598.58,11360.12,11349.7,14922.15,5265.71,4387.38,14382.63,18555.18,12099.49,6285.3,5018.57,1887.04,3675.75,2006.92,2856.85,3266.42
146,8.58,8.57,8.56,8.55,8.54,8.53,8.52,8.51,8.5,8.49,8.59,8.6,8.61,8.62,8.63,8.64,8.65,8.66,8.67,8.68,14005.05,26809.03,25998.68,18619.08,11536.19,12728.2,14925.64,5265.71,4119.89,1567.63,8266.69,18267.95,19315.05,7959.49,6144.17,4341.05,1887.04,3675.75,2006.92,2856.85
147,8.58,8.57,8.56,8.55,8.54,8.53,8.52,8.51,8.5,8.49,8.59,8.6,8.61,8.62,8.63,8.64,8.65,8.66,8.67,8.68,12429.72,31363.99,27050.31,19089.81,11535.65,12728.2,14940.97,5265.71,4119.89,1567.63,6300.32,19297.85,18454.95,8053.89,6144.16,4341.05,1887.04,3676.7,2006.92,3119.78
148,8.58,8.57,8.56,8.55,8.54,8.53,8.52,8.51,8.5,8.49,8.59,8.6,8.61,8.62,8.63,8.64,8.65,8.66,8.67,8.68,12506.23,22690.5,20630.96,17995.33,11535.38,12728.2,14940.97,5265.71,4122.53,1567.63,8582.53,25621.34,24850.87,9657.72,6144.17,4341.05,1887.04,2861.33,2006.92,2856.85
149,8.58,8.57,8.56,8.55,8.54,8.53,8.52,8.51,8.5,8.49,8.59,8.6,8.61,8.62,8.63,8.64,8.65,8.66,8.67,8.68,8986.48,26887.23,28793.2,18967.59,11558.54,12728.2,14940.97,5265.71,4122.53,1567.63,12066.46,19528.86,17732.48,8240.81,6114.47,4341.05,1887.04,2861.33,2006.92,2856.85
150,8.58,8.57,8.56,8.55,8.54,8.53,8.52,8.51,8.5,8.49,8.59,8.6,8.61,8.62,8.63,8.64,8.65,8.66,8.67,8.68,11880.31,28863.44,33236.26,17564.68,11556.76,13306.99,14970.97,5265.71,5183.13,1567.63,10953.52,20410.24,18388.89,7278.53,6424.08,4449.65,1857.04,2861.33,2006.92,2856.85
151,8.58,8.57,8.56,8.55,8.54,8.53,8.52,8.51,8.5,8.49,8.59,8.6,8.61,8.62,8.63,8.64,8.65,8.66,8.67,8.68,13307.5,35326.13,26608.62,18419.6,11556.76,12665.3,14970.97,5266.84,5161.05,1599.75,6135.49,20040.55,18792.15,7248.83,6453.78,4449.65,1857.04,3676.7,2006.92,2856.85
152,8.58,8.57,8.56,8.55,8.54,8.53,8.52,8.51,8.5,8.49,8.59,8.6,8.61,8.62,8.63,8.64,8.65,8.66,8.67,8.68,12437.53,30172.46,28385.24,18569.31,11556.76,12665.3,14970.97,5265.71,5161.05,1599.75,6216.98,20040.32,18794.54,7252.54,6453.78,4449.65,1857.04,3676.7,2006.92,2856.85
153,8.59,8.58,8.57,8.56,8.55,8.54,8.53,8.52,8.51,8.5,8.6,8.61,8.62,8.63,8.64,8.65,8.66,8.67,8.68,8.69,8473.73,23825.8,33557.72,22392.06,15637.16,11556.61,11286.8,14115.7,5265.71,5161.05,14164.5,19532.83,10374.24,7315,5052.64,2580.53,3680.19,2006.92,2856.85,3266.42
154,8.58,8.57,8.56,8.55,8.54,8.53,8.52,8.51,8.5,8.49,8.59,8.6,8.61,8.62,8.63,8.64,8.65,8.66,8.67,8.68,12253,27607.22,29125.27,18586.99,12466.23,12667.87,14119.19,5265.71,5161.05,1599.75,6295.76,18751.14,19619.89,7319.38,7140.42,4325.13,1887.04,3676.7,2006.92,2856.85
155,8.57,8.56,8.55,8.54,8.53,8.52,8.51,8.5,8.49,8.48,8.58,8.59,8.6,8.61,8.62,8.63,8.64,8.65,8.66,8.67,17239.42,31885.81,20520.22,17467.48,13580.57,14769.38,6081.08,5161.05,1599.75,3432.79,559.85,16880.07,20921.28,12953.58,7155.69,5868.42,2868.75,2673.56,2861.33,2006.92
156,8.58,8.57,8.56,8.55,8.54,8.53,8.52,8.51,8.5,8.49,8.59,8.6,8.61,8.62,8.63,8.64,8.65,8.66,8.67,8.68,12802.72,32624.18,28038.95,17942.63,12437.35,12730.77,14149.19,5269.43,5161.05,1339.52,8090.19,20929.15,16611.29,7226.02,6586.51,3575.77,2674.51,2861.33,2822.29,3663.48
157,8.59,8.58,8.57,8.56,8.55,8.54,8.53,8.52,8.51,8.5,8.6,8.61,8.62,8.63,8.64,8.65,8.66,8.67,8.68,8.69,11672.09,27608.32,28911.09,19337.87,13547.01,11525.49,11356.43,14115.7,5265.71,5161.05,11664.05,20953.62,10915.28,7517.35,3539.56,3345.99,2861.33,2822.29,2856.85,3266.42
158,8.59,8.58,8.57,8.56,8.55,8.54,8.53,8.52,8.51,8.5,8.6,8.61,8.62,8.63,8.64,8.65,8.66,8.67,8.68,8.69,5673.76,22640.24,27656.11,25785.37,13539.11,11526.25,12170.09,14115.7,5265.71,5161.05,14541.17,23740.55,6885.87,7591.24,3509.1,3346.75,2861.33,2822.29,2856.85,3266.42
159,8.59,8.58,8.57,8.56,8.55,8.54,8.53,8.52,8.51,8.5,8.6,8.61,8.62,8.63,8.64,8.65,8.66,8.67,8.68,8.69,11562.67,26781.82,25113.87,18532.01,13115.09,11565.26,11262.96,14115.7,5265.71,5131.45,9143.35,20344.87,8682.96,10664.95,4106.61,3493.65,2912,2822.29,3092.1,3833.08
160,8.59,8.58,8.57,8.56,8.55,8.54,8.53,8.52,8.51,8.5,8.6,8.61,8.62,8.63,8.64,8.65,8.66,8.67,8.68,8.69,5552.43,23831.38,23159.21,16856.83,13444.14,11567.01,12077.38,14115.7,5265.71,5131.45,13980.27,18526.82,11242.69,7247.64,4105.85,3493.65,2912,2822.29,3092.1,3018.66
161,8.59,8.58,8.57,8.56,8.55,8.54,8.53,8.52,8.51,8.5,8.6,8.61,8.62,8.63,8.64,8.65,8.66,8.67,8.68,8.69,7438.29,26325.49,28280.17,17287.47,13447.85,11565.26,12077.38,14115.7,5265.71,5131.45,13589.75,18579.32,11484.55,7247.64,4098.1,3493.65,2912,2822.29,3092.1,3018.66
162,8.59,8.58,8.57,8.56,8.55,8.54,8.53,8.52,8.51,8.5,8.6,8.61,8.62,8.63,8.64,8.65,8.66,8.67,8.68,8.69,7180.97,28000.47,27356.81,15919.6,13444.14,11567.01,11262.96,14115.7,5265.71,5131.45,13459.17,17858.46,11303.96,7248.4,4094.39,3493.65,2912,2822.29,3092.1,3018.66
163,8.59,8.58,8.57,8.56,8.55,8.54,8.53,8.52,8.51,8.5,8.6,8.61,8.62,8.63,8.64,8.65,8.66,8.67,8.68,8.69,8965.89,21385.84,20848.13,15949.27,13414.47,11567.01,11228.32,14115.7,5265.71,4331.45,13315.82,21495.67,17788.66,8605.24,4094.39,3493.65,2912,2764.15,3092.1,3018.66
164,8.59,8.58,8.57,8.56,8.55,8.54,8.53,8.52,8.51,8.5,8.6,8.61,8.62,8.63,8.64,8.65,8.66,8.67,8.68,8.69,7243.9,22162.26,26135.7,15846.64,13446.98,10747.16,12042.74,14937.48,5265.71,4331.45,14620.63,26367.19,15484.5,8271.83,3537.86,3439.18,2878.51,2764.15,3898.73,3018.66
165,8.58,8.57,8.56,8.55,8.54,8.53,8.52,8.51,8.5,8.49,8.59,8.6,8.61,8.62,8.63,8.64,8.65,8.66,8.67,8.68,19086.57,33764.17,18436.03,17601.26,11476.03,12109.5,14937.48,5265.71,4331.45,1243.44,402.63,15100.15,20852.85,8334.87,7729.56,3541.57,3018.46,2878.51,2763.2,3663.48
166,8.57,8.56,8.55,8.54,8.53,8.52,8.51,8.5,8.49,8.48,8.58,8.59,8.6,8.61,8.62,8.63,8.64,8.65,8.66,8.67,13528.8,28873.54,27320.11,17909.15,13612.89,15829.37,5269.2,4331.45,1273.08,3714.84,7744.61,17507.57,16619.43,13761.6,8178.03,6308.32,2871.39,2921.47,2861.33,1948.78
167,8.56,8.55,8.54,8.53,8.52,8.51,8.5,8.49,8.48,8.47,8.57,8.58,8.59,8.6,8.61,8.62,8.63,8.64,8.65,8.66,9046.01,27587.8,28030.38,20600.27,15280.53,6882.53,4334.94,3128.68,3679.4,1996.99,11008.44,18535.58,16349.01,11755.44,12338.25,7505.91,4358.83,2775.21,2915.53,2605.57
168,8.57,8.56,8.55,8.54,8.53,8.52,8.51,8.5,8.49,8.48,8.58,8.59,8.6,8.61,8.62,8.63,8.64,8.65,8.66,8.67,10144.68,28995.77,29431.03,16869.19,14977.74,15040.98,6263.56,4331.45,3128.68,3675.48,13388.92,17926.01,14654.93,12731.29,8209.18,5741.4,2778.71,2915.53,2605.57,1943.51
169,8.57,8.56,8.55,8.54,8.53,8.52,8.51,8.5,8.49,8.48,8.58,8.59,8.6,8.61,8.62,8.63,8.64,8.65,8.66,8.67,10371.55,28619.55,30263.39,16762.67,14939.98,15009.26,6263.56,4331.45,3128.68,3675.48,9060.71,19997.5,15321.5,12719.71,7347,5808.03,2778.71,2915.53,2605.57,1943.51
170,8.57,8.56,8.55,8.54,8.53,8.52,8.51,8.5,8.49,8.48,8.58,8.59,8.6,8.61,8.62,8.63,8.64,8.65,8.66,8.67,8245.73,26242.75,28976.71,18367.5,14939.13,15008.05,6263.56,4366.21,3128.68,3675.48,12600.56,20049.05,14342.11,12664.06,7347,5644.05,2778.71,2664.13,2605.57,1943.51
171,8.56,8.55,8.54,8.53,8.52,8.51,8.5,8.49,8.48,8.47,8.57,8.58,8.59,8.6,8.61,8.62,8.63,8.64,8.65,8.66,14598.49,29772.2,25793.01,19953.63,15240.69,6900.54,4369.7,3128.68,3675.48,2007.84,4622.36,16060.19,20172.19,11810.71,11464.18,7245.61,4261.48,3592.48,2664.13,2605.57
172,8.57,8.56,8.55,8.54,8.53,8.52,8.51,8.5,8.49,8.48,8.58,8.59,8.6,8.61,8.62,8.63,8.64,8.65,8.66,8.67,13706.98,29603.33,29215.29,16508.57,14872.22,15008.05,6263.56,4366.21,3128.68,3675.48,9603.09,20056.91,15098.63,11788.89,7277.15,4823.51,3595.98,2664.13,3422.48,1943.51
173,8.58,8.57,8.56,8.55,8.54,8.53,8.52,8.51,8.5,8.49,8.59,8.6,8.61,8.62,8.63,8.64,8.65,8.66,8.67,8.68,10434.35,27724.03,29216.77,20897.8,12987.77,13165.37,14218.96,6989.43,4366.21,1457.09,12933.07,18636.72,15247.3,7621.69,5544.76,4284.78,1858.19,3697.82,1943.51,4870.4
174,8.59,8.58,8.57,8.56,8.55,8.54,8.53,8.52,8.51,8.5,8.6,8.61,8.62,8.63,8.64,8.65,8.66,8.67,8.68,8.69,6353.57,21529.9,25280.42,23655.66,16489.72,12599.36,12068.15,14120.08,6902.87,4366.21,14431.56,18710.41,11974.39,6149.86,5745.43,2553.41,3700.72,1943.51,3130.95,3018.66
175,8.58,8.57,8.56,8.55,8.54,8.53,8.52,8.51,8.5,8.49,8.59,8.6,8.61,8.62,8.63,8.64,8.65,8.66,8.67,8.68,13130.7,24965.05,28844.96,21123.66,12599.19,12638.27,14123.57,6902.87,4331.45,1457.09,9513.65,19157.93,18432.55,9044.32,6031.99,4958.82,1888.19,2880.91,1943.51,2856.85
176,8.58,8.57,8.56,8.55,8.54,8.53,8.52,8.51,8.5,8.49,8.59,8.6,8.61,8.62,8.63,8.64,8.65,8.66,8.67,8.68,9586.59,21659.43,30474.49,20833.39,12636.18,12635.32,14123.57,6937.58,4331.45,2272.46,10863.84,19082.21,17386.65,9032.84,6031.99,4955.87,1888.19,2880.91,1943.51,3663.48
177,8.58,8.57,8.56,8.55,8.54,8.53,8.52,8.51,8.5,8.49,8.59,8.6,8.61,8.62,8.63,8.64,8.65,8.66,8.67,8.68,7080.62,25615.59,28889.9,17527.46,12670.81,12638.39,14120.94,6902.87,4331.45,1457.09,11424.72,19066.71,17387.53,9032.84,6031.99,4376.46,1888.19,2880.91,1943.51,3663.48
178,8.58,8.57,8.56,8.55,8.54,8.53,8.52,8.51,8.5,8.49,8.59,8.6,8.61,8.62,8.63,8.64,8.65,8.66,8.67,8.68,10330.96,29603.86,27994.44,16011.64,12637.02,12634.56,14120.94,6937.57,4331.45,1457.09,10172.83,19526.21,17530.56,9032.84,6035.82,4372.63,1888.19,2880.91,1943.51,3663.48
179,8.58,8.57,8.56,8.55,8.54,8.53,8.52,8.51,8.5,8.49,8.59,8.6,8.61,8.62,8.63,8.64,8.65,8.66,8.67,8.68,7768.43,27067.4,30907.71,17191.39,12775.4,13239.87,14153.57,6123.15,4331.45,1457.09,10740.86,18445.95,18241.3,9092.09,5848.33,4404.91,1854.7,3689.4,1943.51,2856.85
180,8.58,8.57,8.56,8.55,8.54,8.53,8.52,8.51,8.5,8.49,8.59,8.6,8.61,8.62,8.63,8.64,8.65,8.66,8.67,8.68,12851.92,26445.4,27974.21,17729.53,12688.43,12638.57,14123.57,6123.15,4331.45,1457.09,6740.27,17075.21,20063.74,8822.77,6446.55,4974.79,1937.04,3696.28,1943.51,3664.07
181,8.59,8.58,8.57,8.56,8.55,8.54,8.53,8.52,8.51,8.5,8.6,8.61,8.62,8.63,8.64,8.65,8.66,8.67,8.68,8.69,10452.57,27664.75,28310.32,20448.46,12457.26,11237.27,11253.73,14120.08,6088.45,4331.45,11965.16,20805.2,12360.53,6915.55,4975.38,2521.12,3699.77,1943.51,3664.07,3269.72
182,8.59,8.58,8.57,8.56,8.55,8.54,8.53,8.52,8.51,8.5,8.6,8.61,8.62,8.63,8.64,8.65,8.66,8.67,8.68,8.69,5680.36,23744.02,30413.7,22106.46,12486.93,10646.68,12064.66,14121.82,6088.45,4331.45,13465.09,23976.46,8607.2,6842.96,5091.72,2524.61,3646.28,1943.51,3663.48,3269.72
183,8.59,8.58,8.57,8.56,8.55,8.54,8.53,8.52,8.51,8.5,8.6,8.61,8.62,8.63,8.64,8.65,8.66,8.67,8.68,8.69,10953.59,27454.34,27723.11,19852.44,12785.58,11461.1,11253.73,14118.33,6088.45,4331.45,6733.87,20884.22,12958.64,6787.31,5091.72,2599.64,3646.28,1943.51,4477.9,3269.72
184,8.6,8.59,8.58,8.57,8.56,8.55,8.54,8.53,8.52,8.51,8.61,8.62,8.63,8.64,8.65,8.66,8.67,8.68,8.69,8.7,5536.58,23750.44,26588.62,22415.12,16608.5,12015.91,11777.91,11157.38,14115.7,5265.71,13066.98,17084.1,9560.62,6048.87,3194.98,4686.25,1943.51,3910.58,3269.72,8135.83
185,8.6,8.59,8.58,8.57,8.56,8.55,8.54,8.53,8.52,8.51,8.61,8.62,8.63,8.64,8.65,8.66,8.67,8.68,8.69,8.7,9302,22446.27,30472.59,18894.59,17070.4,11423.03,10964.43,11157.38,14115.7,5265.71,13345.72,17158.29,9374.94,5981.81,3184.02,4480.92,1946.99,3910.58,3269.72,8136.42
186,8.6,8.59,8.58,8.57,8.56,8.55,8.54,8.53,8.52,8.51,8.61,8.62,8.63,8.64,8.65,8.66,8.67,8.68,8.69,8.7,7458.95,24754.11,29633.68,19456.23,15343.66,10309.96,10964.43,11157.38,14115.7,5265.71,13816.84,16152.14,9375.39,6048.6,3417.02,4648.47,1946.99,3910.58,3269.72,8136.42
187,8.6,8.59,8.58,8.57,8.56,8.55,8.54,8.53,8.52,8.51,8.61,8.62,8.63,8.64,8.65,8.66,8.67,8.68,8.69,8.7,8154.2,25614.63,26941.16,16903.29,13769.56,11478.68,10964.43,11213.03,14171.35,6378.78,13482.33,16313.05,8739.03,5762.18,3796.2,4648.47,2002.64,4522.76,3269.72,8135.83
188,8.6,8.59,8.58,8.57,8.56,8.55,8.54,8.53,8.52,8.51,8.61,8.62,8.63,8.64,8.65,8.66,8.67,8.68,8.69,8.7,12431.57,31606.36,23494.9,17949.42,15141.65,10299.96,10964.43,10761.14,14115.7,5265.71,6191.41,17300.03,10484.87,5742.64,3770.18,4648.47,1946.99,3910.58,4083.2,8135.83
189,8.61,8.6,8.59,8.58,8.57,8.56,8.55,8.54,8.53,8.52,8.62,8.63,8.64,8.65,8.66,8.67,8.68,8.69,8.7,8.71,13171.73,26980.42,29808.99,16268.51,13944.98,12175.08,9796.95,10868.22,10927.94,14115.7,14188.71,15812.88,9635.15,4154.74,4765.4,2594.23,3914.06,4083.2,8019.37,2437.64
190,8.61,8.6,8.59,8.58,8.57,8.56,8.55,8.54,8.53,8.52,8.62,8.63,8.64,8.65,8.66,8.67,8.68,8.69,8.7,8.71,10655.17,27557.22,29057.14,17393.91,13942.54,11062.01,9796.95,10868.22,10927.94,14115.7,13629.57,16284.61,9635.05,7300.29,4765.4,2594.23,3914.06,4083.2,8019.37,2437.64
191,8.61,8.6,8.59,8.58,8.57,8.56,8.55,8.54,8.53,8.52,8.62,8.63,8.64,8.65,8.66,8.67,8.68,8.69,8.7,8.71,13682.68,31297.66,23307.17,17046.56,13819.01,11030.89,9796.95,10783.85,10927.94,14115.7,8067.15,17458.44,10205.57,7461.48,4801,2594.23,3914.06,4083.2,8019.37,2437.64
192,8.61,8.6,8.59,8.58,8.57,8.56,8.55,8.54,8.53,8.52,8.62,8.63,8.64,8.65,8.66,8.67,8.68,8.69,8.7,8.71,16015.03,28066.61,23171.73,18193.81,12613.45,11806.22,9766.94,10783.85,10927.94,14115.7,5045.02,19779.85,13824.74,7236.98,5373.82,3293.75,3992.17,4082.25,8031.84,2701.13
193,8.61,8.6,8.59,8.58,8.57,8.56,8.55,8.54,8.53,8.52,8.62,8.63,8.64,8.65,8.66,8.67,8.68,8.69,8.7,8.71,9823.22,27985.79,27928.95,16653.43,12364.65,11691.31,9796.94,11896.92,10927.94,13866.35,10442.63,20235.72,11313.54,7386.32,5753.06,2689.02,3996.84,3826.25,8031.84,2701.13
194,8.6,8.59,8.58,8.57,8.56,8.55,8.54,8.53,8.52,8.51,8.61,8.62,8.63,8.64,8.65,8.66,8.67,8.68,8.69,8.7,10110.5,27073.68,25089.23,17157.98,12505,10311.91,12712.93,10928.55,13866.35,5400.26,11367.97,17026.21,18923.86,6807.82,7034.16,5169.44,2043.23,3952.79,3826.25,8043.43
195,8.6,8.59,8.58,8.57,8.56,8.55,8.54,8.53,8.52,8.51,8.61,8.62,8.63,8.64,8.65,8.66,8.67,8.68,8.69,8.7,5310.08,22827.13,27300.19,17272.83,12566.29,10952.25,12797.36,12041.62,14679.83,5396.35,13373.04,17893.11,18098.79,7236.43,7003.12,4534.03,2043.23,3952.79,3826.25,7789.78
196,8.59,8.58,8.57,8.56,8.55,8.54,8.53,8.52,8.51,8.5,8.6,8.61,8.62,8.63,8.64,8.65,8.66,8.67,8.68,8.69,9968.72,29813.35,29151.84,16622.1,11992.6,11486.03,10962.04,14968.39,5396.35,4314.19,13147.21,16907.89,15663.92,14308.48,7251.62,6004.81,3737.45,1943.51,3146.16,3269.72
197,8.59,8.58,8.57,8.56,8.55,8.54,8.53,8.52,8.51,8.5,8.6,8.61,8.62,8.63,8.64,8.65,8.66,8.67,8.68,8.69,12249.51,33243.89,25994.21,16599.94,11541.27,11486.03,11025,14968.39,5396.35,4314.19,11172.46,16820.97,16081.48,14462.93,7251.62,6067.77,3737.45,1943.51,3146.16,3269.72
198,8.59,8.58,8.57,8.56,8.55,8.54,8.53,8.52,8.51,8.5,8.6,8.61,8.62,8.63,8.64,8.65,8.66,8.67,8.68,8.69,14844.72,31649.62,21188.11,17944.74,11531.59,11551.55,10958.55,14968.39,5396.35,4208.31,1669.94,16137.76,18318.8,14291.63,7281.28,6067.77,4551.87,1943.51,3146.16,3269.72
199,8.6,8.59,8.58,8.57,8.56,8.55,8.54,8.53,8.52,8.51,8.61,8.62,8.63,8.64,8.65,8.66,8.67,8.68,8.69,8.7,11791.62,23604.28,29935.61,19084.86,15661.6,10419.62,10090.71,10927.94,14968.39,5396.35,12328.22,18983.68,17427.35,8196.36,6625.69,5151.35,1948.13,3146.16,3270.31,7789.78
200,8.6,8.59,8.58,8.57,8.56,8.55,8.54,8.53,8.52,8.51,8.61,8.62,8.63,8.64,8.65,8.66,8.67,8.68,8.69,8.7,10792.3,24885.53,28293.83,18392.53,15299.99,10382.08,10910.56,10927.94,14147.22,5396.35,12233.26,19446.42,16937.25,8228.01,6625.69,5151.35,1948.13,3146.16,3270.31,7789.78
201,8.61,8.6,8.59,8.58,8.57,8.56,8.55,8.54,8.53,8.52,8.62,8.63,8.64,8.65,8.66,8.67,8.68,8.69,8.7,8.71,7473.02,24342.22,29325.93,18054.92,16082.12,10871.26,9866.94,10877.08,10927.94,14147.22,12265.54,21221.88,11277.01,6517.89,5928.23,2530.1,3959.64,3270.31,7789.78,1897.28
202,8.62,8.61,8.6,8.59,8.58,8.57,8.56,8.55,8.54,8.53,8.63,8.64,8.65,8.66,8.67,8.68,8.69,8.7,8.71,8.72,8579.49,26958.47,24395.22,15063.17,13279.24,13033.74,10998.42,9776.76,9973.52,10920.84,8321.1,14216.83,9188.59,9159.6,3809.34,5230.9,5448.66,8841.11,1897.28,2439.89
203,8.62,8.61,8.6,8.59,8.58,8.57,8.56,8.55,8.54,8.53,8.63,8.64,8.65,8.66,8.67,8.68,8.69,8.7,8.71,8.72,6600.51,22779.52,25069.03,20670.03,13928.21,14221.32,11780.95,9776.76,9973.52,10920.84,12742.33,18510.95,16478.62,6087.68,3772.48,4556.49,4096.78,8836.69,1897.28,2494.01
204,8.62,8.61,8.6,8.59,8.58,8.57,8.56,8.55,8.54,8.53,8.63,8.64,8.65,8.66,8.67,8.68,8.69,8.7,8.71,8.72,11326.46,26309.78,27044.53,16117.03,13192.49,12478.22,10968.42,9706.59,9972.91,10653.03,8977.3,19782.58,16566.1,6322.24,3761.1,4553.02,4099.66,8836.69,1897.28,2494.01
205,8.62,8.61,8.6,8.59,8.58,8.57,8.56,8.55,8.54,8.53,8.63,8.64,8.65,8.66,8.67,8.68,8.69,8.7,8.71,8.72,5788.89,21857.97,28110.91,18248.43,13152.71,13048.26,11780.01,9706.59,9972.91,10653.03,12566.38,19309.24,15886.51,6287.57,3795.77,4518.35,3293.96,8836.69,1897.28,3296.94
206,8.62,8.61,8.6,8.59,8.58,8.57,8.56,8.55,8.54,8.53,8.63,8.64,8.65,8.66,8.67,8.68,8.69,8.7,8.71,8.72,10104.7,31192.79,26663.52,15749.67,12281.69,11229.28,10967.27,9707.35,9972.91,10653.03,11970.33,19544.08,16000.58,6848.6,3264.02,4455.73,3293.96,8836.69,1897.28,2494.01
207,8.62,8.61,8.6,8.59,8.58,8.57,8.56,8.55,8.54,8.53,8.63,8.64,8.65,8.66,8.67,8.68,8.69,8.7,8.71,8.72,8754.95,28615.2,29025.59,16777.84,12282.85,10178.5,10967.27,9706.59,9972.91,10653.03,13165.63,18705.78,15922.37,6841.61,3329.81,4529.08,3293.96,8836.69,1897.28,2494.01
208,8.61,8.6,8.59,8.58,8.57,8.56,8.55,8.54,8.53,8.52,8.62,8.63,8.64,8.65,8.66,8.67,8.68,8.69,8.7,8.71,12792.67,27113.55,24730.2,16337.42,11026.1,12349.61,9710.06,9969.67,10655.92,13167.52,7042.74,18498.14,18301.56,12555.27,6211.17,3284.44,3884.95,3290.49,8025.1,1897.28
209,8.62,8.61,8.6,8.59,8.58,8.57,8.56,8.55,8.54,8.53,8.63,8.64,8.65,8.66,8.67,8.68,8.69,8.7,8.71,8.72,8536.05,26351.09,30160.48,16783.97,12814.07,10217.03,10967.28,9706.59,9970.43,10652.22,11773.52,19256.46,15868.28,6672.59,3293,4600.14,3293.97,8837.63,1897.28,3296.94
210,8.62,8.61,8.6,8.59,8.58,8.57,8.56,8.55,8.54,8.53,8.63,8.64,8.65,8.66,8.67,8.68,8.69,8.7,8.71,8.72,12171.69,27818.93,28820.54,15755.12,12252.23,10183.35,10967.28,9706.59,9969.67,10652.22,8103.61,19007.46,16878.46,6735.64,3322.56,4603.84,3293.97,8837.63,1897.28,4108.53
211,8.64,8.63,8.62,8.61,8.6,8.59,8.58,8.57,8.56,8.55,8.65,8.66,8.67,8.68,8.69,8.7,8.71,8.72,8.73,8.74,6145.46,22148.87,34970.68,16571.97,16226.56,11948.51,11061.79,9215.78,11164.23,9730.6,17112,17496.76,5363.61,5495.84,4279.22,9493.01,1900.75,3555.43,2135.35,2689.36
212,8.63,8.62,8.61,8.6,8.59,8.58,8.57,8.56,8.55,8.54,8.64,8.65,8.66,8.67,8.68,8.69,8.7,8.71,8.72,8.73,14915,26313.47,23038.88,19355.09,13316.08,9911.41,9218.71,10769.37,9730.6,9969.66,4700.91,21092.43,16019.4,4407.88,5358.42,4278.64,8935.38,1897.28,3554.49,1874.88
213,8.64,8.63,8.62,8.61,8.6,8.59,8.58,8.57,8.56,8.55,8.65,8.66,8.67,8.68,8.69,8.7,8.71,8.72,8.73,8.74,11414,26857.74,25211.1,16096.46,15212.07,11995.65,9920.26,9127.36,9951.43,9490.46,11360.55,16185.86,9448.82,5727.6,4888.24,9603.63,1900.75,3554.49,1874.88,3499.07
214,8.64,8.63,8.62,8.61,8.6,8.59,8.58,8.57,8.56,8.55,8.65,8.66,8.67,8.68,8.69,8.7,8.71,8.72,8.73,8.74,9584.06,26159.82,25480.93,16604.4,15278.72,11958.42,9920.26,9127.36,9951.43,9490.46,13293.11,16759.57,9046.35,5635.1,4925.01,9603.63,1900.75,3554.49,1874.88,2689.36
215,8.63,8.62,8.61,8.6,8.59,8.58,8.57,8.56,8.55,8.54,8.64,8.65,8.66,8.67,8.68,8.69,8.7,8.71,8.72,8.73,15204.03,27419.14,23762.63,19221.63,12142.5,11320.75,9127.59,9947.93,9754.69,9969.66,5285.13,21725.35,15571.25,4113.28,5761.12,4331.13,8956.55,1904.44,3553.55,1907.31
216,8.63,8.62,8.61,8.6,8.59,8.58,8.57,8.56,8.55,8.54,8.64,8.65,8.66,8.67,8.68,8.69,8.7,8.71,8.72,8.73,8577.84,26909.85,27242.8,17904.24,12172.03,11320.75,9127.59,9945,9754.69,9969.66,11605.27,21401.07,14444.68,4330.54,5731.61,4393.53,8896.44,1898.04,2743.84,1907.31
217,8.62,8.61,8.6,8.59,8.58,8.57,8.56,8.55,8.54,8.53,8.63,8.64,8.65,8.66,8.67,8.68,8.69,8.7,8.71,8.72,14829.02,25641.43,24926,17176.81,12272.36,9808.74,10762.05,9754.69,9969.66,9672.52,5550.62,19522.33,21109.77,11325.62,4126.37,4617.97,3422.74,8872.01,1897.28,2743.84
218,8.62,8.61,8.6,8.59,8.58,8.57,8.56,8.55,8.54,8.53,8.63,8.64,8.65,8.66,8.67,8.68,8.69,8.7,8.71,8.72,11554.96,27488.16,26987.7,17137.61,12230.78,9901.91,10759.12,9754.69,10781.25,9672.52,10990.92,19258.35,18998.1,11599.1,4096.85,4644.88,3364.57,8053.26,1897.28,2494.01
219,8.62,8.61,8.6,8.59,8.58,8.57,8.56,8.55,8.54,8.53,8.63,8.64,8.65,8.66,8.67,8.68,8.69,8.7,8.71,8.72,6916.16,25239.85,30613.24,16547.51,13403.5,10210,11610,9754.69,10781.25,9672.52,12102.1,20410.5,18008.96,11257.39,4005.09,4524.1,3337.51,4351.96,1897.28,2494.01
220,8.62,8.61,8.6,8.59,8.58,8.57,8.56,8.55,8.54,8.53,8.63,8.64,8.65,8.66,8.67,8.68,8.69,8.7,8.71,8.72,7784.37,28077.15,30166.21,16739.16,13629.43,10210,11610.01,9754.69,10781.25,9672.52,12495.46,19430.37,17628.67,11357.36,4046.8,4486.46,3337.51,4351.96,1897.28,2494.01
221,8.62,8.61,8.6,8.59,8.58,8.57,8.56,8.55,8.54,8.53,8.63,8.64,8.65,8.66,8.67,8.68,8.69,8.7,8.71,8.72,13479.62,30749.08,26868.43,15987.42,12734.9,10210,11607.07,9754.69,10781.25,9672.52,6528.86,22227.08,18699.06,8721.85,4076.36,4486.46,3334.57,5163.55,1897.28,2494.01
222,8.63,8.62,8.61,8.6,8.59,8.58,8.57,8.56,8.55,8.54,8.64,8.65,8.66,8.67,8.68,8.69,8.7,8.71,8.72,8.73,12182.77,28488.23,24492.34,19056.27,14086.02,11505.31,9308.64,10754.89,9754.69,9969.66,7365.37,23258.91,13801.6,4778.73,5141.25,4064.24,5170.71,1897.28,3304.66,2143.78
223,8.64,8.63,8.62,8.61,8.6,8.59,8.58,8.57,8.56,8.55,8.65,8.66,8.67,8.68,8.69,8.7,8.71,8.72,8.73,8.74,10311.41,27773.96,22436.64,16510.76,15312.68,12575.56,10752.06,9124.12,9944.24,9754.69,9614.17,15762.56,11155.71,5989.28,5347.56,5893,1901.51,3563.26,2143.78,3382.17
224,8.64,8.63,8.62,8.61,8.6,8.59,8.58,8.57,8.56,8.55,8.65,8.66,8.67,8.68,8.69,8.7,8.71,8.72,8.73,8.74,8215.85,22658.38,26137.36,19512.66,15342.17,11463.1,10751.45,9124.12,9944.24,9754.69,11039.57,16825.19,10340.07,6363.49,5318.07,5893,1901.51,3563.26,2143.78,3119.39
225,8.64,8.63,8.62,8.61,8.6,8.59,8.58,8.57,8.56,8.55,8.65,8.66,8.67,8.68,8.69,8.7,8.71,8.72,8.73,8.74,7924.16,25134.37,27288.24,19212.33,15342.17,10350.03,10527.48,9124.12,9944.24,9754.69,12940.75,16586.54,10310.4,6352.13,5318.07,5896.69,1900.75,3563.26,2143.78,2309.68
226,8.63,8.62,8.61,8.6,8.59,8.58,8.57,8.56,8.55,8.54,8.64,8.65,8.66,8.67,8.68,8.69,8.7,8.71,8.72,8.73,12677.35,27054.24,26079.99,18752.89,11616.19,11106.51,9127.59,10753.95,9754.69,9973.56,10307.82,22576.47,14813.57,5275.98,5764.04,4269.46,5197.02,1897.28,2752.61,1907.31
227,8.63,8.62,8.61,8.6,8.59,8.58,8.57,8.56,8.55,8.54,8.64,8.65,8.66,8.67,8.68,8.69,8.7,8.71,8.72,8.73,8938.44,25087.8,29800.73,18874.33,11645.72,11103.58,9127.59,10753.95,9754.69,9973.56,10578.61,23094.95,14174.01,5312.88,5727.23,4266.53,5197.02,1897.28,2752.61,1907.31
228,8.63,8.62,8.61,8.6,8.59,8.58,8.57,8.56,8.55,8.54,8.64,8.65,8.66,8.67,8.68,8.69,8.7,8.71,8.72,8.73,13679.85,30321.51,25298.87,18478.45,11616.19,11106.51,9127.59,10753.95,9754.69,9969.66,6124.93,22831.72,15450.02,5397.79,5756.76,4269.46,5197.02,1897.28,3563.26,1907.31
229,8.64,8.63,8.62,8.61,8.6,8.59,8.58,8.57,8.56,8.55,8.65,8.66,8.67,8.68,8.69,8.7,8.71,8.72,8.73,8.74,7328.15,21748.39,26518.53,21897.52,14949.82,10353.23,10523.79,9124.12,10753.95,9754.69,15063.08,16441.38,10184.27,6552.26,4904.72,5966.17,1897.28,3563.26,2141.53,2549.78
230,8.63,8.62,8.61,8.6,8.59,8.58,8.57,8.56,8.55,8.54,8.64,8.65,8.66,8.67,8.68,8.69,8.7,8.71,8.72,8.73,12678.78,25993.85,24740.23,17617.04,11420.37,11100.95,9127.59,10753.95,9754.69,9969.66,8068.69,22267.39,15455.81,5193.56,6353.91,4884.82,5197.02,1897.28,2752.61,2141.53
231,8.64,8.63,8.62,8.61,8.6,8.59,8.58,8.57,8.56,8.55,8.65,8.66,8.67,8.68,8.69,8.7,8.71,8.72,8.73,8.74,9410.48,27484.1,29014.01,16574.15,14268.82,10809.34,9713.14,9124.12,9944.24,9754.69,13414.66,17031.23,10656.61,6544.98,4885.4,5771.07,1900.75,3563.26,2141.53,2549.78
232,8.65,8.64,8.63,8.62,8.61,8.6,8.59,8.58,8.57,8.56,8.66,8.67,8.68,8.69,8.7,8.71,8.72,8.73,8.74,8.75,4376.62,23444.57,26428.15,21565.25,12652.02,12635.62,9664.66,10439.15,9127.09,9666.01,15840.08,14148.86,9810.03,6008.31,6462.45,2514.59,3566.72,2141.53,2549.78,2321.1
233,8.65,8.64,8.63,8.62,8.61,8.6,8.59,8.58,8.57,8.56,8.66,8.67,8.68,8.69,8.7,8.71,8.72,8.73,8.74,8.75,8206.7,24825.71,32681.21,17390.78,13680.32,12873.99,9664.66,9630.37,9127.09,9666.01,12572.59,15472.12,10360.07,5522.53,6460.94,2530.2,3562.32,2141.53,2549.78,2321.1
234,8.64,8.63,8.62,8.61,8.6,8.59,8.58,8.57,8.56,8.55,8.65,8.66,8.67,8.68,8.69,8.7,8.71,8.72,8.73,8.74,14738.52,26217.81,25635.02,17540.77,12862.98,10250.29,10435.69,9127.09,9666.01,9758.58,5359.28,17797.98,16011.74,5880.58,5416.08,5835.09,1927.28,3565.78,2141.53,2549.78
235,8.64,8.63,8.62,8.61,8.6,8.59,8.58,8.57,8.56,8.55,8.65,8.66,8.67,8.68,8.69,8.7,8.71,8.72,8.73,8.74,7281.62,23223.45,31291.55,17722.29,13682.45,10849.64,10469.16,9127.09,10722.91,9758.58,11139.25,18737.5,13931.66,6865.47,4793.34,5956.85,1900.75,2752.61,2141.53,2309.68
236,8.64,8.63,8.62,8.61,8.6,8.59,8.58,8.57,8.56,8.55,8.65,8.66,8.67,8.68,8.69,8.7,8.71,8.72,8.73,8.74,1205.48,24363.57,27269.39,21139.04,12664.49,11157.01,10469.16,9127.09,10722.91,9758.58,12282.88,18369.93,13941.42,6830.8,4793.34,5956.85,1900.75,2752.61,2141.53,2309.68
237,8.63,8.62,8.61,8.6,8.59,8.58,8.57,8.56,8.55,8.54,8.64,8.65,8.66,8.67,8.68,8.69,8.7,8.71,8.72,8.73,15001.31,28181.94,25425.18,16659.78,11388.31,11045.2,9130.56,10722.91,9754.69,8996.51,5536.1,16892.65,15558.23,12977.76,6456.87,4173.71,5258.58,1897.28,2752.61,2141.53
238,8.64,8.63,8.62,8.61,8.6,8.59,8.58,8.57,8.56,8.55,8.65,8.66,8.67,8.68,8.69,8.7,8.71,8.72,8.73,8.74,10230,25995.14,27795.77,17731.85,12887.11,10554.2,10503.6,9127.09,9913.2,9754.69,10549.33,19494.97,13692.19,6724.98,4809.82,5990.63,1900.75,2752.61,2141.53,2309.68
239,8.65,8.64,8.63,8.62,8.61,8.6,8.59,8.58,8.57,8.56,8.66,8.67,8.68,8.69,8.7,8.71,8.72,8.73,8.74,8.75,51898.25,20460.25,25084.36,22063.55,13458.74,12852.31,9664.66,9657.57,9126.03,10722.91,13178.63,16539.21,11268.53,5625.41,6020.71,2850.15,2752.61,2141.53,2309.68,2569.98
240,8.64,8.63,8.62,8.61,8.6,8.59,8.58,8.57,8.56,8.55,8.65,8.66,8.67,8.68,8.69,8.7,8.71,8.72,8.73,8.74,11357.96,27555.81,27027.79,18252.04,14054.76,10251.74,8848.79,9157.15,9913.2,9490.46,4040.45,18613.21,15791.41,6029.12,5441.71,5991.21,1930.75,2752.61,2141.53,2309.68
241,8.64,8.63,8.62,8.61,8.6,8.59,8.58,8.57,8.56,8.55,8.65,8.66,8.67,8.68,8.69,8.7,8.71,8.72,8.73,8.74,12191.46,26394.35,25854.57,18061.61,14025.28,10241.07,8848.79,9157.15,9913.2,9490.46,5345.83,19537.53,15828.2,6039.28,5407.06,5990.63,1930.75,2752.61,2141.53,2309.68
242,8.64,8.63,8.62,8.61,8.6,8.59,8.58,8.57,8.56,8.55,8.65,8.66,8.67,8.68,8.69,8.7,8.71,8.72,8.73,8.74,9410.38,26410.11,26655.69,18401.39,13294.97,11102.43,8848.79,9157.15,9913.2,9490.46,8189.06,19409.01,14856.7,6175.54,5507.9,5125.84,1930.75,2752.61,2141.53,2309.68
243,8.64,8.63,8.62,8.61,8.6,8.59,8.58,8.57,8.56,8.55,8.65,8.66,8.67,8.68,8.69,8.7,8.71,8.72,8.73,8.74,9431.06,27781.72,24763.85,18243.39,12993.88,11102.43,8916.65,9157.15,9913.2,9490.46,9823.44,19982.44,14220.61,5984.58,5537.4,5125.84,1930.75,2752.61,2141.53,2309.68
244,8.64,8.63,8.62,8.61,8.6,8.59,8.58,8.57,8.56,8.55,8.65,8.66,8.67,8.68,8.69,8.7,8.71,8.72,8.73,8.74,9125.34,26731.63,25847.1,18543.8,13023.38,11102.43,8916.65,9157.15,9913.2,9490.46,10834.81,21501.93,12037.98,6119.89,5507.9,5125.84,1930.75,2752.61,2141.53,2309.68
245,8.64,8.63,8.62,8.61,8.6,8.59,8.58,8.57,8.56,8.55,8.65,8.66,8.67,8.68,8.69,8.7,8.71,8.72,8.73,8.74,7140.01,25005.98,27240.81,19618.41,13023.38,11102.43,8848.79,9126.03,9913.2,9490.46,13026.33,21471.44,11781.13,6119.89,5507.9,5125.84,1930.75,2752.61,2141.53,2309.68
246,8.64,8.63,8.62,8.61,8.6,8.59,8.58,8.57,8.56,8.55,8.65,8.66,8.67,8.68,8.69,8.7,8.71,8.72,8.73,8.74,5655.93,23796.8,29390.47,20822.14,13385.19,11704.64,9694.82,9126.03,9913.2,9490.46,13419.43,19997.33,11702.73,5643.18,5656.12,5084.53,1900.75,2752.61,2141.53,2309.68
247,8.63,8.62,8.61,8.6,8.59,8.58,8.57,8.56,8.55,8.54,8.64,8.65,8.66,8.67,8.68,8.69,8.7,8.71,8.72,8.73,15003.88,27253.39,26368.43,16857.75,11872.84,10328.67,9197.44,9913.2,9490.46,9054.37,6613.24,16180.13,21276.69,7816.92,5762.96,4868.56,4448.87,1897.28,2752.61,2141.53
248,8.64,8.63,8.62,8.61,8.6,8.59,8.58,8.57,8.56,8.55,8.65,8.66,8.67,8.68,8.69,8.7,8.71,8.72,8.73,8.74,6778.26,21642.98,26848.82,23210.22,12463.98,11036.73,9755.26,10008.09,9913.2,10300.17,12769.56,19670.16,10961.71,6050.11,5499.91,5142.99,1900.75,2752.61,2141.53,2309.68
249,8.63,8.62,8.61,8.6,8.59,8.58,8.57,8.56,8.55,8.54,8.64,8.65,8.66,8.67,8.68,8.69,8.7,8.71,8.72,8.73,12567.26,25573.03,26859.69,16677.38,13116.52,10329.8,10063.74,11026.27,10300.17,9021,6591.78,14747.71,21194.12,7084.48,4583.57,5480.74,4385.43,1952.93,3364.79,2141.53
250,8.63,8.62,8.61,8.6,8.59,8.58,8.57,8.56,8.55,8.54,8.64,8.65,8.66,8.67,8.68,8.69,8.7,8.71,8.72,8.73,14162.55,25935.69,24990.79,17789.5,12003.65,10272.08,10008.09,11026.27,10300.17,9021,6901.71,13968.58,20931.44,7697.68,4624.45,5424.15,4385.43,2453.81,2752.61,2141.53
251,8.63,8.62,8.61,8.6,8.59,8.58,8.57,8.56,8.55,8.54,8.64,8.65,8.66,8.67,8.68,8.69,8.7,8.71,8.72,8.73,11727.8,24985.14,26853.65,18494.15,12003.65,10272.08,10008.09,11026.27,10300.17,9021,7002.2,13807.82,20908.6,7697.68,4624.44,5424.15,4335.43,2453.81,2752.61,2141.53
252,8.64,8.63,8.62,8.61,8.6,8.59,8.58,8.57,8.56,8.55,8.65,8.66,8.67,8.68,8.69,8.7,8.71,8.72,8.73,8.74,4768.81,22103.59,25980.01,22747.86,14170.07,11324.08,9756.23,10008.09,11026.27,10300.17,12973.83,18654.29,11506.7,4653.49,6375.14,5151.49,2457.28,2752.61,2141.53,2565.48
253,8.63,8.62,8.61,8.6,8.59,8.58,8.57,8.56,8.55,8.54,8.64,8.65,8.66,8.67,8.68,8.69,8.7,8.71,8.72,8.73,13636.34,25265.36,26079.37,17649.67,11912.66,10295.21,9941.65,11026.27,10301.67,9024.9,7463.02,14477.83,19230.06,7660.79,4530.15,5514.47,4448.57,2453.81,2752.61,2141.53
254,8.64,8.63,8.62,8.61,8.6,8.59,8.58,8.57,8.56,8.55,8.65,8.66,8.67,8.68,8.69,8.7,8.71,8.72,8.73,8.74,13493.88,28036.35,23674.77,17427.31,13545.23,11092.38,9725.26,9938.18,11026.27,9491.96,7368.83,17629.88,13479.83,4724.84,6123.02,5126.79,3266.99,2752.61,2141.53,2565.48
255,8.64,8.63,8.62,8.61,8.6,8.59,8.58,8.57,8.56,8.55,8.65,8.66,8.67,8.68,8.69,8.7,8.71,8.72,8.73,8.74,12094.16,28689.83,24841.63,17499.1,13452.39,11036.73,9723.52,9938.18,9913.2,9491.96,7608.78,20019.12,12101.72,4787.78,6096.86,5071.14,2710.46,2752.61,2141.53,2565.48
256,8.64,8.63,8.62,8.61,8.6,8.59,8.58,8.57,8.56,8.55,8.65,8.66,8.67,8.68,8.69,8.7,8.71,8.72,8.73,8.74,11586.87,25603.61,27320.05,18705.89,13481.89,11036.73,9723.52,9938.18,9913.2,9491.96,11022.59,19988.5,11696.74,4761.62,6067.37,5071.14,1900.75,2752.61,2141.53,2565.48
257,8.64,8.63,8.62,8.61,8.6,8.59,8.58,8.57,8.56,8.55,8.65,8.66,8.67,8.68,8.69,8.7,8.71,8.72,8.73,8.74,10209.86,26815.36,26007.31,16759.98,14291.6,10227.02,9723.52,9127.53,9913.2,9491.96,11533.94,19944.22,11674.41,4761.62,6067.37,5071.14,1900.75,2752.61,2141.53,2565.48
258,8.63,8.62,8.61,8.6,8.59,8.58,8.57,8.56,8.55,8.54,8.64,8.65,8.66,8.67,8.68,8.69,8.7,8.71,8.72,8.73,10756.21,25776.88,27019.28,16470.49,11225.27,11690.49,9216.65,11892.57,9748.02,8756.09,8517.17,16771.77,17728.84,5840.11,5395.91,4890.43,5166.08,1952.93,3364.79,2141.53
259,8.64,8.63,8.62,8.61,8.6,8.59,8.58,8.57,8.56,8.55,8.65,8.66,8.67,8.68,8.69,8.7,8.71,8.72,8.73,8.74,4951.8,22663.46,26572.83,24115.11,15550.07,11100.45,10731.83,9131,10722.91,9748.02,12862.29,19425.29,9487.33,6520.34,4278.83,6167.72,1897.28,2752.61,2141.53,2565.48
260,8.64,8.63,8.62,8.61,8.6,8.59,8.58,8.57,8.56,8.55,8.65,8.66,8.67,8.68,8.69,8.7,8.71,8.72,8.73,8.74,8050.27,24670.5,28518.9,19192.25,14980.31,11100.45,10735.3,9127.53,9913.2,9748.02,11706.99,18712.88,10379.97,6737.67,4286.43,6164.25,1900.75,2752.61,2141.53,2565.48
261,8.64,8.63,8.62,8.61,8.6,8.59,8.58,8.57,8.56,8.55,8.65,8.66,8.67,8.68,8.69,8.7,8.71,8.72,8.73,8.74,4910.42,24196.08,25383.9,22565.42,14837.87,11080.29,10731.83,9131,10722.91,9748.02,13497.17,18347.75,10126.55,6745.2,4278.83,6164.25,1900.75,2752.61,2141.53,2565.48
262,8.63,8.62,8.61,8.6,8.59,8.58,8.57,8.56,8.55,8.54,8.64,8.65,8.66,8.67,8.68,8.69,8.7,8.71,8.72,8.73,14917.73,24767.03,23777.78,19020.9,11930,11310.42,9131,10722.91,9748.02,9017.04,7445.26,14115.5,16907.77,9493.3,6513.55,4278.83,5425.22,1897.28,2752.61,2141.53
263,8.63,8.62,8.61,8.6,8.59,8.58,8.57,8.56,8.55,8.54,8.64,8.65,8.66,8.67,8.68,8.69,8.7,8.71,8.72,8.73,12052.1,25308.76,25632.68,18029.5,11254.59,10431.97,9283.77,9258.4,9146.17,8410.53,6322.63,17261.54,17579.81,5601.57,5656.84,3597.88,4744.85,1216.91,2072.25,1461.17
264,8.62,8.61,8.6,8.59,8.58,8.57,8.56,8.55,8.54,8.53,8.63,8.64,8.65,8.66,8.67,8.68,8.69,8.7,8.71,8.72,10668.12,25056.75,28816.5,16967.52,10672.6,10037.34,10890.46,9156.1,8410.53,9307.61,9377.93,16036.56,15327.7,12406.06,5551.78,3974.99,2729.97,3675.06,1193.13,2072.25
265,8.6,8.59,8.58,8.57,8.56,8.55,8.54,8.53,8.52,8.51,8.61,8.62,8.63,8.64,8.65,8.66,8.67,8.68,8.69,8.7,15147.61,27154.56,18907.66,20152.68,12103.27,10637.21,9226.54,9410.51,6242.61,4301.16,674.8,12815.1,12149.52,15201.31,9342.6,11963.45,4580.52,2312.23,2642.94,3693.43
266,8.61,8.6,8.59,8.58,8.57,8.56,8.55,8.54,8.53,8.52,8.62,8.63,8.64,8.65,8.66,8.67,8.68,8.69,8.7,8.71,5084.6,19627.57,20942.21,18328.45,12651.82,11150.75,9256.3,9223.06,9375.86,7064.39,11621.65,20544.83,19549.03,11967.32,12264.13,4650.75,2312.23,3448.64,3693.43,1193.13
267,8.61,8.6,8.59,8.58,8.57,8.56,8.55,8.54,8.53,8.52,8.62,8.63,8.64,8.65,8.66,8.67,8.68,8.69,8.7,8.71,9916.83,23688.31,20542.15,14925.05,12055.76,10493.91,9251.94,8410.53,9307.61,7060.48,4275.31,18132.08,16859.65,15784.76,11810.52,5288.53,3124.76,3448.64,3694.19,1193.13
268,8.62,8.61,8.6,8.59,8.58,8.57,8.56,8.55,8.54,8.53,8.63,8.64,8.65,8.66,8.67,8.68,8.69,8.7,8.71,8.72,5437.95,17122.59,22389.68,20272.68,12106.36,10096.66,9746.51,9971.17,8410.53,9307.61,14413.89,21760.83,18729.88,13382.23,5326.21,3812.8,2642.94,3694.19,1996.98,2072.25
269,8.61,8.6,8.59,8.58,8.57,8.56,8.55,8.54,8.53,8.52,8.62,8.63,8.64,8.65,8.66,8.67,8.68,8.69,8.7,8.71,10996.53,20156.56,21653.1,16151.99,10907.37,10558.1,9971.17,8410.53,9067.58,7320.45,32.78,16949.03,20671.29,15673.01,11189,5336.75,3124.76,2642.94,3694.19,1996.98
270,8.62,8.61,8.6,8.59,8.58,8.57,8.56,8.55,8.54,8.53,8.63,8.64,8.65,8.66,8.67,8.68,8.69,8.7,8.71,8.72,10023.27,15923.35,20823.53,17683.47,12906.88,9805.54,10314.39,8890.11,8965.53,9067.58,8216.1,23354.87,17837.91,13583.23,4678.09,3528,2391.77,4269.7,953.42,1814.41
271,8.63,8.62,8.61,8.6,8.59,8.58,8.57,8.56,8.55,8.54,8.64,8.65,8.66,8.67,8.68,8.69,8.7,8.71,8.72,8.73,4130.4,15270.91,15971.5,18920.65,14602.82,12639.94,9207.86,10220.2,8890.11,8965.53,15518.46,21495.66,19759.56,6488.29,4319.03,2995.2,4269.7,957.12,1813.65,2113.3
272,8.63,8.62,8.61,8.6,8.59,8.58,8.57,8.56,8.55,8.54,8.64,8.65,8.66,8.67,8.68,8.69,8.7,8.71,8.72,8.73,8024.27,16814.01,21779.35,15711.5,14070.09,11908.1,8400.68,10224.01,8890.11,8145.68,12014.03,23474.36,19879.69,7632.15,4571.87,2991.72,3461.58,953.42,1817.34,1311.29
273,8.63,8.62,8.61,8.6,8.59,8.58,8.57,8.56,8.55,8.54,8.64,8.65,8.66,8.67,8.68,8.69,8.7,8.71,8.72,8.73,5816.54,16579.03,19118.73,20230.95,14070.09,10583.35,9207.86,10227.48,8890.11,8145.68,13902.41,23224.37,20374.33,7593.82,4319.03,2995.19,3458.11,953.42,1813.65,1311.29
274,8.63,8.62,8.61,8.6,8.59,8.58,8.57,8.56,8.55,8.54,8.64,8.65,8.66,8.67,8.68,8.69,8.7,8.71,8.72,8.73,8400.25,18305.47,18094.78,16829.96,13259.44,9686.59,8400.68,10224.01,8890.11,8145.68,11555.97,22010.15,20304.89,7925.17,4045.58,3035.92,3256.02,744.17,1604.4,1102.04
275,8.63,8.62,8.61,8.6,8.59,8.58,8.57,8.56,8.55,8.54,8.64,8.65,8.66,8.67,8.68,8.69,8.7,8.71,8.72,8.73,9145.09,20179.29,17881.32,16900.18,13618.04,9616.19,8400.68,9829.15,8890.11,8145.68,7385.67,21789.03,20593.09,7350.05,4045.58,3065.92,3256.02,744.17,1604.4,1102.04
276,8.63,8.62,8.61,8.6,8.59,8.58,8.57,8.56,8.55,8.54,8.64,8.65,8.66,8.67,8.68,8.69,8.7,8.71,8.72,8.73,7511.37,18697.42,19780.74,16220.05,11360.41,9613.32,8400.68,9829.15,8890.11,8145.68,10788.14,22029.12,19807.01,6959.11,4045.58,3065.92,3253.09,744.17,1604.4,1102.04
277,8.62,8.61,8.6,8.59,8.58,8.57,8.56,8.55,8.54,8.53,8.63,8.64,8.65,8.66,8.67,8.68,8.69,8.7,8.71,8.72,9779.97,17717.39,20587.65,14409.08,10887.79,9309.71,10906.65,9132.08,8412.08,9067.58,11102.51,18604.64,23396.77,12178.94,5301.29,2891.75,2554.08,3495.87,986.28,1873.99
278,8.61,8.6,8.59,8.58,8.57,8.56,8.55,8.54,8.53,8.52,8.62,8.63,8.64,8.65,8.66,8.67,8.68,8.69,8.7,8.71,3534.6,19089.88,21400.43,14880.57,11376.1,12612.32,9200.17,9261.75,9067.58,6536.71,12668.31,19095.22,19812.64,14912.32,10334.3,3535.71,2147.34,2466.48,3495.87,986.28
279,8.61,8.6,8.59,8.58,8.57,8.56,8.55,8.54,8.53,8.52,8.62,8.63,8.64,8.65,8.66,8.67,8.68,8.69,8.7,8.71,6407.34,17839.17,21424.4,15470.77,11262.95,12014.57,9205.5,9259.14,9067.58,6540.33,12332.62,19180.48,20590.4,14663.2,10363.4,4089.94,2112.21,2452.23,3513.96,985.74
280,8.61,8.6,8.59,8.58,8.57,8.56,8.55,8.54,8.53,8.52,8.62,8.63,8.64,8.65,8.66,8.67,8.68,8.69,8.7,8.71,9616.01,19694.03,25847.31,14848.99,11262.95,12018.27,9205.5,8446.61,9067.58,6540.33,9578.3,18021.62,20433.69,15801.96,10363.4,4090.16,2115.69,2452.23,3513.96,985.74
281,8.61,8.6,8.59,8.58,8.57,8.56,8.55,8.54,8.53,8.52,8.62,8.63,8.64,8.65,8.66,8.67,8.68,8.69,8.7,8.71,10153,21085.03,19151.72,14747.99,11024.1,11868.19,8996.25,8237.36,8858.33,6405.39,4899.05,17033.36,16585.88,17407.65,10400.58,4899.75,2115.69,2452.23,3513.96,985.74
282,8.62,8.61,8.6,8.59,8.58,8.57,8.56,8.55,8.54,8.53,8.63,8.64,8.65,8.66,8.67,8.68,8.69,8.7,8.71,8.72,4682.44,17779.64,19169.77,17714.92,11867.18,9646.39,11254.68,8996.25,8237.36,8858.33,14440.75,20042.4,20163.19,13618.22,5555.41,2674.84,2452.99,3513.96,985.74,1853.58
283,8.61,8.6,8.59,8.58,8.57,8.56,8.55,8.54,8.53,8.52,8.62,8.63,8.64,8.65,8.66,8.67,8.68,8.69,8.7,8.71,9099.78,19528.12,19199.25,15477.59,9957.2,11836.14,8996.25,8237.36,8858.33,6405.39,7137.35,16878.91,22515.6,13939.14,10694.74,4868.99,2089.39,2452.23,3513.96,985.74
284,8.61,8.6,8.59,8.58,8.57,8.56,8.55,8.54,8.53,8.52,8.62,8.63,8.64,8.65,8.66,8.67,8.68,8.69,8.7,8.71,8353.67,21258.2,19164.23,15514.93,9878.46,11833.26,8996.25,9049.89,8858.33,6405.39,8218.3,16815.07,22316.35,13545.31,10665.35,4868.99,2086.45,2452.23,3513.96,985.74
285,8.61,8.6,8.59,8.58,8.57,8.56,8.55,8.54,8.53,8.52,8.62,8.63,8.64,8.65,8.66,8.67,8.68,8.69,8.7,8.71,8786.54,19299.61,21700.94,15514.93,9878.46,11832.44,8928.16,9049.89,8858.33,6405.39,9217.57,18284.76,20809.83,11819.48,10665.38,4056.46,2085.69,2452.23,3513.96,985.74
286,8.62,8.61,8.6,8.59,8.58,8.57,8.56,8.55,8.54,8.53,8.63,8.64,8.65,8.66,8.67,8.68,8.69,8.7,8.71,8.72,9579.12,19392.61,22257.43,14579.51,12901.6,9046.71,11258.16,8924.68,8237.36,9091.55,12631.14,20615.74,18888.63,12865.7,5504.82,2839.42,2455.71,3513.96,985.74,1853.58
287,8.62,8.61,8.6,8.59,8.58,8.57,8.56,8.55,8.54,8.53,8.63,8.64,8.65,8.66,8.67,8.68,8.69,8.7,8.71,8.72,5282.55,17147.4,23458.68,15173.18,12980.22,9000.29,11258.16,8924.68,8237.36,8858.33,13372.19,22632.46,18956.43,12365.05,5504.82,2835.72,2455.71,3513.96,985.74,1853.58
288,8.61,8.6,8.59,8.58,8.57,8.56,8.55,8.54,8.53,8.52,8.62,8.63,8.64,8.65,8.66,8.67,8.68,8.69,8.7,8.71,9045.32,19134.72,19672.2,15656.03,9950.91,11885.42,8996.23,8237.36,8858.33,6405.39,6342.56,17219.79,23169.15,13264.52,11266.34,4871.87,2120.35,2452.23,3513.96,985.74
289,8.61,8.6,8.59,8.58,8.57,8.56,8.55,8.54,8.53,8.52,8.62,8.63,8.64,8.65,8.66,8.67,8.68,8.69,8.7,8.71,7040.08,20724.5,18225.01,14646.76,9563.87,10905.72,8018.27,8237.36,8858.33,6405.39,9769.45,18436.44,22059.42,11327.31,9550.44,3076.76,2120.35,2452.23,3513.96,985.74
290,8.61,8.6,8.59,8.58,8.57,8.56,8.55,8.54,8.53,8.52,8.62,8.63,8.64,8.65,8.66,8.67,8.68,8.69,8.7,8.71,10800.34,30066.79,18191.05,15222.54,8937.39,10244.98,8018.27,8237.36,8858.33,6405.39,3405.08,13117.49,17048.02,10174.35,9583.88,3889.29,2085.68,2452.23,3513.96,985.74
291,8.62,8.61,8.6,8.59,8.58,8.57,8.56,8.55,8.54,8.53,8.63,8.64,8.65,8.66,8.67,8.68,8.69,8.7,8.71,8.72,3829.51,18573.73,26462.18,14968.67,11928.6,7990.59,10244.98,8016.53,8237.36,8858.33,10983.75,19315.22,10053.02,9864.58,4475.56,2740,2405.29,3513.96,985.74,1853.58
292,8.62,8.61,8.6,8.59,8.58,8.57,8.56,8.55,8.54,8.53,8.63,8.64,8.65,8.66,8.67,8.68,8.69,8.7,8.71,8.72,6206.26,17975.75,27702.1,17404.4,13319.88,8611.49,10249.4,8013.06,8237.36,8858.33,11464.7,17840.38,9940.55,9860.68,4511.26,2760.03,2405.29,3513.96,985.74,1853.58
293,8.62,8.61,8.6,8.59,8.58,8.57,8.56,8.55,8.54,8.53,8.63,8.64,8.65,8.66,8.67,8.68,8.69,8.7,8.71,8.72,5471.66,19230.83,28407.37,15654.6,12070.38,7994.4,10244.98,8016.53,8237.36,8858.33,10071.56,14652.59,13291.36,9864.56,4511.26,2760.37,2408.77,3513.96,985.74,1853.58
294,8.62,8.61,8.6,8.59,8.58,8.57,8.56,8.55,8.54,8.53,8.63,8.64,8.65,8.66,8.67,8.68,8.69,8.7,8.71,8.72,10754.21,22390.5,26609.84,15097.71,11902.02,7990.59,9436.87,8013.06,8237.36,8858.33,7874.05,15108.61,13873.46,9853.21,4512.08,2784.07,2502.56,3513.96,985.74,1853.58
295,8.62,8.61,8.6,8.59,8.58,8.57,8.56,8.55,8.54,8.53,8.63,8.64,8.65,8.66,8.67,8.68,8.69,8.7,8.71,8.72,6118.87,22713.63,27520.47,15345.2,12607.57,7990.59,9436.87,8013.06,8237.36,8858.33,10806.91,14266.25,13523.89,9845.49,4439.42,3066.78,2499.08,3513.96,985.74,1853.58
296,8.61,8.6,8.59,8.58,8.57,8.56,8.55,8.54,8.53,8.52,8.62,8.63,8.64,8.65,8.66,8.67,8.68,8.69,8.7,8.71,5172.54,21202.9,18379.97,11189.21,4800.34,6014,3214.96,3435.79,3014.09,6686.26,4472.15,8984.85,12083.65,5617.66,6056.55,3698.89,2366.55,2779.95,3794.83,1266.61
297,8.61,8.6,8.59,8.58,8.57,8.56,8.55,8.54,8.53,8.52,8.62,8.63,8.64,8.65,8.66,8.67,8.68,8.69,8.7,8.71,4015.79,20240.85,19972.51,11993.39,4800.32,5202.41,3214.96,3435.79,3014.09,6686.26,6182.32,9077.48,11301.12,5647.17,6015.78,3733.56,2366.55,2779.95,3794.83,1266.61
298,8.61,8.6,8.59,8.58,8.57,8.56,8.55,8.54,8.53,8.52,8.62,8.63,8.64,8.65,8.66,8.67,8.68,8.69,8.7,8.71,5014.58,19909.13,19121.1,11497.84,4770.73,5202.41,3214.96,3435.79,3014.09,6686.26,3960.23,9685.94,11399.33,5702.79,6015.78,3765.99,2366.55,2779.95,3762.4,1266.61
299,8.61,8.6,8.59,8.58,8.57,8.56,8.55,8.54,8.53,8.52,8.62,8.63,8.64,8.65,8.66,8.67,8.68,8.69,8.7,8.71,5624.13,19382.52,18804.89,11135.92,4770.73,5202.41,3146.88,3435.79,3014.09,6686.26,4087.49,9836.64,11428.94,5414.89,6015.78,3765.99,2366.55,2779.95,3762.4,1266.61
300,8.61,8.6,8.59,8.58,8.57,8.56,8.55,8.54,8.53,8.52,8.62,8.63,8.64,8.65,8.66,8.67,8.68,8.69,8.7,8.71,5089.42,19066.86,18542.71,10995.64,4770.73,5202.41,3146.88,3435.79,3014.09,6686.26,3765.36,9809.35,11629.18,5466.72,6015.78,3765.99,2366.55,2779.95,3762.4,1266.61
301,8.61,8.6,8.59,8.58,8.57,8.56,8.55,8.54,8.53,8.52,8.62,8.63,8.64,8.65,8.66,8.67,8.68,8.69,8.7,8.71,6473.85,19083.29,18916.42,11994.47,4721.7,5220.82,3146.88,3401.19,3014.09,6686.26,4807.07,10176.2,12523.08,5461.55,6015.78,3354.96,2366.55,2779.95,3762.4,1266.61
302,8.61,8.6,8.59,8.58,8.57,8.56,8.55,8.54,8.53,8.52,8.62,8.63,8.64,8.65,8.66,8.67,8.68,8.69,8.7,8.71,7303.84,20316.04,15354.43,11956.94,4692.11,5220.82,3146.88,3401.19,3014.09,6686.26,492.86,12251.41,10323.22,5395.68,6045.38,4829.54,2366.55,2779.95,3762.4,1266.61
303,8.61,8.6,8.59,8.58,8.57,8.56,8.55,8.54,8.53,8.52,8.62,8.63,8.64,8.65,8.66,8.67,8.68,8.69,8.7,8.71,891.48,18978.95,20604.09,11971.02,4843.14,5833.15,3146.89,3401.19,3014.09,6686.26,5863.76,11735.86,9756.12,5412.37,6015.78,4165.72,2363.08,2779.95,3762.4,1266.61
304,8.61,8.6,8.59,8.58,8.57,8.56,8.55,8.54,8.53,8.52,8.62,8.63,8.64,8.65,8.66,8.67,8.68,8.69,8.7,8.71,4585.54,20252.82,18418.49,10693.81,4734.82,5220.82,3146.89,3401.19,3014.09,6686.26,3026.2,12392.25,10014.4,5370.85,6015.78,4196.91,2366.56,2779.95,3762.4,1266.61
305,8.62,8.61,8.6,8.59,8.58,8.57,8.56,8.55,8.54,8.53,8.63,8.64,8.65,8.66,8.67,8.68,8.69,8.7,8.71,8.72,646.32,15565.88,26254.05,14075.03,8416.86,4678.63,4631.82,3146.89,3401.19,3014.09,9035.96,13902.51,5700.56,6377.9,4887.3,3161.69,3592.48,3761.5,1266.61,2134.45
306,8.62,8.61,8.6,8.59,8.58,8.57,8.56,8.55,8.54,8.53,8.63,8.64,8.65,8.66,8.67,8.68,8.69,8.7,8.71,8.72,6376.7,19041.47,19291.95,11636.01,7456.08,3832.49,4635.3,3143.41,3393,3014.09,2393.84,12013.58,9537.09,6372.54,4824.44,3228.47,3595.95,3761.1,2070.17,2134.45
307,8.63,8.62,8.61,8.6,8.59,8.58,8.57,8.56,8.55,8.54,8.64,8.65,8.66,8.67,8.68,8.69,8.7,8.71,8.72,8.73,1221.96,16132.56,18434,13809.94,7055.67,8114.43,3272.31,3750.38,4732.46,3393,7296.19,11467.14,9335.64,4920.58,3577.42,4372.33,3764.57,2070.17,2134.45,1382.91
308,8.62,8.61,8.6,8.59,8.58,8.57,8.56,8.55,8.54,8.53,8.63,8.64,8.65,8.66,8.67,8.68,8.69,8.7,8.71,8.72,6826.24,19996.32,17637.17,10285.4,7820.22,3827.38,3753.85,4732.46,3126.67,3247.59,1180.4,8465.88,15468.84,5973.87,4825.33,3282.34,3686.86,3761.1,2070.17,2134.45
309,8.62,8.61,8.6,8.59,8.58,8.57,8.56,8.55,8.54,8.53,8.63,8.64,8.65,8.66,8.67,8.68,8.69,8.7,8.71,8.72,6237.56,20152.17,21096.11,9929.56,7903.35,3827.38,3753.85,4732.46,3126.67,3247.59,740.38,8537.77,15074.4,5962.6,4763.34,3282.92,3686.86,3793.53,2070.17,2134.45
310,8.63,8.62,8.61,8.6,8.59,8.58,8.57,8.56,8.55,8.54,8.64,8.65,8.66,8.67,8.68,8.69,8.7,8.71,8.72,8.73,99.16,14914.38,18659.32,18470.1,7997.22,6405.93,3267.98,3753.85,4732.46,3401.34,9094.28,16113.46,5754.55,5399.18,3549.59,3726.71,3793.53,2070.17,2134.45,1382.91
311,8.63,8.62,8.61,8.6,8.59,8.58,8.57,8.56,8.55,8.54,8.64,8.65,8.66,8.67,8.68,8.69,8.7,8.71,8.72,8.73,5293.94,19336.7,19214.09,13714.63,6653.75,4767.63,3271.45,3750.38,4732.46,3126.67,6972.52,13638.25,9172.95,5631.21,3317.59,4293.82,3797,2070.17,2134.45,1382.91
312,8.63,8.62,8.61,8.6,8.59,8.58,8.57,8.56,8.55,8.54,8.64,8.65,8.66,8.67,8.68,8.69,8.7,8.71,8.72,8.73,4544.1,19797.68,20556.85,13371.72,6449.41,4823.28,3271.45,3750.38,4732.46,3126.67,7217.18,13026.08,9173.26,5665.81,3317.59,4349.47,3797,2626.7,2134.45,1382.91
313,8.63,8.62,8.61,8.6,8.59,8.58,8.57,8.56,8.55,8.54,8.64,8.65,8.66,8.67,8.68,8.69,8.7,8.71,8.72,8.73,4998.74,18808.44,17865.59,15491.46,5870.02,5941.66,3271.45,4863.45,4732.46,3126.67,6964.92,11923.27,9302.24,5665.79,3282.92,4483.96,3796.4,2626.7,2134.45,1382.91
314,8.62,8.61,8.6,8.59,8.58,8.57,8.56,8.55,8.54,8.53,8.63,8.64,8.65,8.66,8.67,8.68,8.69,8.7,8.71,8.72,7007.79,20516.87,19340.78,10572.23,6879.21,3882.64,5677.57,4732.46,3126.67,3251.49,1935.48,9759.82,12822.13,5375.45,5421.43,3429.92,3719.22,3793.51,2626.7,2134.45
315,8.63,8.62,8.61,8.6,8.59,8.58,8.57,8.56,8.55,8.54,8.64,8.65,8.66,8.67,8.68,8.69,8.7,8.71,8.72,8.73,666.09,15792.5,20445.57,16577.42,6573.36,5971.66,3297.98,5677.57,4732.46,3388.37,7965.64,12809.25,9093.52,5419.02,3465.17,4449.7,3793.51,2625.76,2134.45,1382.91
316,8.63,8.62,8.61,8.6,8.59,8.58,8.57,8.56,8.55,8.54,8.64,8.65,8.66,8.67,8.68,8.69,8.7,8.71,8.72,8.73,3503.31,16847.87,22418.66,14060.56,6052.97,5916.01,3297.98,4564.5,4732.46,3126.67,11993.76,16727.97,5749.05,5743.66,3409.52,4394.05,3793.51,2069.23,2134.45,1382.91
317,8.64,8.63,8.62,8.61,8.6,8.59,8.58,8.57,8.56,8.55,8.65,8.66,8.67,8.68,8.69,8.7,8.71,8.72,8.73,8.74,5928.08,16375.12,16322.93,18301.51,9693.59,5292.04,5092.43,3208.83,3355.52,4488.64,10465.5,12340.07,10262.3,3866.86,5162.92,3889.99,2069.23,2134.45,1512.42,1976.74
318,8.64,8.63,8.62,8.61,8.6,8.59,8.58,8.57,8.56,8.55,8.65,8.66,8.67,8.68,8.69,8.7,8.71,8.72,8.73,8.74,9446.4,18184.24,17479.81,14135.8,9768.79,4147.85,4286.19,3121.44,3355.52,4488.64,6780.68,12804.76,10243.13,4084.83,5161.04,4662.5,2069.23,2134.45,2322.13,1976.74
319,8.64,8.63,8.62,8.61,8.6,8.59,8.58,8.57,8.56,8.55,8.65,8.66,8.67,8.68,8.69,8.7,8.71,8.72,8.73,8.74,9239.27,19285.54,20185.99,13507.01,9798.29,4147.85,4286.19,3121.44,3355.52,4758.53,7383.17,13306.04,9994.48,4076.96,5161.04,4659.03,2072.7,2134.45,2322.13,1976.74
320,8.64,8.63,8.62,8.61,8.6,8.59,8.58,8.57,8.56,8.55,8.65,8.66,8.67,8.68,8.69,8.7,8.71,8.72,8.73,8.74,3306.09,15542.03,18545.27,14688.47,9719.84,4147.85,5092.43,3124.91,3355.52,4488.64,9944.78,13325.15,6580.11,4132.61,5161.04,4662.5,2069.23,2134.45,1512.42,1976.74
321,8.63,8.62,8.61,8.6,8.59,8.58,8.57,8.56,8.55,8.54,8.64,8.65,8.66,8.67,8.68,8.69,8.7,8.71,8.72,8.73,6981.56,18974.93,21663.79,12179.16,5096.02,6073.2,3124.91,3355.52,4488.64,3402.84,10095.83,12890,14329.43,6232.77,3850.03,4602.75,3826.98,1258.58,2134.45,1512.42
322,8.63,8.62,8.61,8.6,8.59,8.58,8.57,8.56,8.55,8.54,8.64,8.65,8.66,8.67,8.68,8.69,8.7,8.71,8.72,8.73,10442.75,19189.24,20017.56,11821.08,6258.1,6075.81,3124.91,3355.52,4737.28,3156.14,5092.56,11947.77,14604.83,6326.36,3813.22,4596.75,3826.98,2069.23,2134.45,1512.42
323,8.63,8.62,8.61,8.6,8.59,8.58,8.57,8.56,8.55,8.54,8.64,8.65,8.66,8.67,8.68,8.69,8.7,8.71,8.72,8.73,9713.32,19877.47,19834.34,12223.32,6179.88,6074.36,3126.07,4167.33,4738.44,3157.3,5495.23,12233.83,14730.49,6327.57,3814.38,4597.91,3828.14,2070.39,2135.61,1513.58
324,8.63,8.62,8.61,8.6,8.59,8.58,8.57,8.56,8.55,8.54,8.64,8.65,8.66,8.67,8.68,8.69,8.7,8.71,8.72,8.73,7558.66,20976.48,22235.97,12908.89,6853.06,6074.36,3212.62,4167.33,4738.44,3422.08,9071.44,12554.55,14197.62,6816.24,3257.85,4372.66,3832.81,1259.74,2135.61,1513.58
325,8.63,8.62,8.61,8.6,8.59,8.58,8.57,8.56,8.55,8.54,8.64,8.65,8.66,8.67,8.68,8.69,8.7,8.71,8.72,8.73,9796.79,23403.1,20700.8,11195.56,6209.41,6072.62,3212.62,4167.33,4738.44,3157.3,5341.64,12723.08,14227.12,6816.23,3257.85,4372.66,3832.81,2070.39,2135.61,1513.58
326,8.63,8.62,8.61,8.6,8.59,8.58,8.57,8.56,8.55,8.54,8.64,8.65,8.66,8.67,8.68,8.69,8.7,8.71,8.72,8.73,9022.82,21897.25,20041.77,12712.89,6179.88,6072.62,3210.01,4167.33,4738.44,3157.3,5561.08,12785.88,13830.78,6816.14,3257.85,4372.66,3832.81,2070.39,2135.61,1513.58
327,8.63,8.62,8.61,8.6,8.59,8.58,8.57,8.56,8.55,8.54,8.64,8.65,8.66,8.67,8.68,8.69,8.7,8.71,8.72,8.73,3658.38,18841.35,24260.42,12694.15,6209.41,6072.62,3206.54,4170.8,4738.44,3967.95,13153.95,13461.58,11426.31,6576.96,3257.85,4372.66,3832.81,1259.74,2135.61,1513.58
328,8.62,8.61,8.6,8.59,8.58,8.57,8.56,8.55,8.54,8.53,8.63,8.64,8.65,8.66,8.67,8.68,8.69,8.7,8.71,8.72,12451.66,22442.74,19802.28,9434.19,7107.18,4036.4,4421.32,4954.44,4183.95,3493.17,4616.61,15143.76,16029.3,7261.13,6519.57,3473.27,4005.77,4045.34,1475.74,2351.61
329,8.63,8.62,8.61,8.6,8.59,8.58,8.57,8.56,8.55,8.54,8.64,8.65,8.66,8.67,8.68,8.69,8.7,8.71,8.72,8.73,8946.15,24769.16,22253.41,12892.21,6468.25,6288.62,3458.62,4417.85,4954.44,3373.3,9000.82,15709.69,11177.69,6655.77,3473.85,4668.59,4048.81,1475.74,2351.61,1729.58
330,8.64,8.63,8.62,8.61,8.6,8.59,8.58,8.57,8.56,8.55,8.65,8.66,8.67,8.68,8.69,8.7,8.71,8.72,8.73,8.74,10436.2,21588.46,22837.17,14290,11083.09,5519.88,5313.06,3422.54,3607.2,4954.44,9161.1,12624.66,9509.05,3269.18,5159.08,4636.35,2070.39,3734.01,1513.58,1710.1
331,8.63,8.62,8.61,8.6,8.59,8.58,8.57,8.56,8.55,8.54,8.64,8.65,8.66,8.67,8.68,8.69,8.7,8.71,8.72,8.73,11152.32,20568.9,21135.28,14064.49,5662.15,5940.23,3426.01,4416.91,4954.44,3647,8744.58,15280.14,13618.56,6008.84,3851.19,4568.39,3832.81,1259.74,3734.01,1513.58
332,8.63,8.62,8.61,8.6,8.59,8.58,8.57,8.56,8.55,8.54,8.64,8.65,8.66,8.67,8.68,8.69,8.7,8.71,8.72,8.73,12059.61,20937.37,20522.65,14169.66,5632.64,5940.23,3426.01,3607.2,4954.44,3647,4433.12,14229.17,14021.61,6071.84,3843.91,4568.39,3832.81,2070.39,3734.01,1513.58
333,8.63,8.62,8.61,8.6,8.59,8.58,8.57,8.56,8.55,8.54,8.64,8.65,8.66,8.67,8.68,8.69,8.7,8.71,8.72,8.73,9631.85,20695.67,21376.68,14700.96,5632.64,5940.23,3426.01,3607.2,4954.44,3617.53,8494.95,14066.19,14162.22,6045.71,3814.38,4568.39,3832.81,1259.74,3734.01,1513.58
334,8.63,8.62,8.61,8.6,8.59,8.58,8.57,8.56,8.55,8.54,8.64,8.65,8.66,8.67,8.68,8.69,8.7,8.71,8.72,8.73,9542.74,20652.73,21021.91,14268,5662.17,5940.23,3426.01,3607.2,4954.44,3647,8461.59,14074.82,13983.42,6045.72,3814.38,4568.39,3832.81,1259.74,3734.01,1513.58
335,8.63,8.62,8.61,8.6,8.59,8.58,8.57,8.56,8.55,8.54,8.64,8.65,8.66,8.67,8.68,8.69,8.7,8.71,8.72,8.73,3784.84,21368.38,24035.99,15409.42,5662.17,6530.39,3422.54,4421.32,4954.44,3647,11324.94,17128.58,10443.73,6093.44,3814.38,4477.05,3829.34,1259.74,3734.01,1513.58
336,8.62,8.61,8.6,8.59,8.58,8.57,8.56,8.55,8.54,8.53,8.63,8.64,8.65,8.66,8.67,8.68,8.69,8.7,8.71,8.72,11095.66,21205.81,22822.81,7535.26,6714.29,4418,4421.32,4954.44,3373.3,3503.41,6724.59,11487,15544.02,9486.04,6746.24,3375.25,3789.77,3762.24,1259.74,3734.01
337,8.62,8.61,8.6,8.59,8.58,8.57,8.56,8.55,8.54,8.53,8.63,8.64,8.65,8.66,8.67,8.68,8.69,8.7,8.71,8.72,10793.36,22333.42,23630.76,7756.6,6714.29,4418,4421.32,4954.44,3373.3,3514.17,6905.94,11413.9,15370.56,9736.18,6716.71,3375.25,3789.77,3762.24,1259.74,3734.01
338,8.62,8.61,8.6,8.59,8.58,8.57,8.56,8.55,8.54,8.53,8.63,8.64,8.65,8.66,8.67,8.68,8.69,8.7,8.71,8.72,10268.29,23320.18,21783.42,7893.99,7856.92,4418,4421.32,4954.44,3373.3,3514.17,7134.09,11820.65,14889.79,9672.54,6716.71,3437.45,3727.52,3762.24,1259.74,3734.01
339,8.62,8.61,8.6,8.59,8.58,8.57,8.56,8.55,8.54,8.53,8.63,8.64,8.65,8.66,8.67,8.68,8.69,8.7,8.71,8.72,5521.61,16188.68,24761.42,10453.37,7924.74,4354.56,4480.82,4957.91,4453,3514.17,14073.28,14704.7,10115.14,9053.24,6779.68,3370.16,2913.4,3796.91,1259.74,3734.01
340,8.61,8.6,8.59,8.58,8.57,8.56,8.55,8.54,8.53,8.52,8.62,8.63,8.64,8.65,8.66,8.67,8.68,8.69,8.7,8.71,14404.07,27872.36,16800.35,7852.89,6376.91,6773.72,5035.31,5567.01,3514.17,6708.72,3603.74,15360.14,10986.76,12599.97,6326.59,5018.67,2632.66,3593.64,3762.24,1260.3
341,8.61,8.6,8.59,8.58,8.57,8.56,8.55,8.54,8.53,8.52,8.62,8.63,8.64,8.65,8.66,8.67,8.68,8.69,8.7,8.71,15646.79,26841.49,18973.65,8969.3,6328.3,5660.65,5005.31,4453.94,3514.17,6676.78,3368.75,13950.35,13234.01,12807.24,6422.03,5099.8,2410.59,3593.64,3762.24,1260.3
342,8.61,8.6,8.59,8.58,8.57,8.56,8.55,8.54,8.53,8.52,8.62,8.63,8.64,8.65,8.66,8.67,8.68,8.69,8.7,8.71,11455.5,26435.09,22083.18,10883.16,5305.34,5600.89,4942.73,4453,3514.17,6672.87,6898.62,14155.52,16210.18,8654.68,6392.44,4953.73,2777.51,3592.7,3762.24,1260.3
343,8.61,8.6,8.59,8.58,8.57,8.56,8.55,8.54,8.53,8.52,8.62,8.63,8.64,8.65,8.66,8.67,8.68,8.69,8.7,8.71,12715.15,26880.38,20792.17,9923.89,5305.93,5600.89,4942.73,4453,3514.17,6672.87,6936.06,12040.01,15894.45,8883.07,6392.44,4953.73,2777.51,3592.7,3762.24,1260.3
344,8.62,8.61,8.6,8.59,8.58,8.57,8.56,8.55,8.54,8.53,8.63,8.64,8.65,8.66,8.67,8.68,8.69,8.7,8.71,8.72,11559.29,27124.08,23738.69,13394.91,7926.38,4426.84,4909.38,4939.26,3641.41,3280.67,4684.34,15516.67,13200.75,6709.88,5537.85,3605.08,3596.17,3762.24,2071.89,3484.83
345,8.62,8.61,8.6,8.59,8.58,8.57,8.56,8.55,8.54,8.53,8.63,8.64,8.65,8.66,8.67,8.68,8.69,8.7,8.71,8.72,9348.12,22619.69,26460.85,14801.76,8246.59,4225.84,4386.8,4939.26,3373.3,3514.76,6090.31,13603.38,16573.17,6107.11,6137.7,3639.75,3693.79,3762.24,2070.95,3484.83
346,8.62,8.61,8.6,8.59,8.58,8.57,8.56,8.55,8.54,8.53,8.63,8.64,8.65,8.66,8.67,8.68,8.69,8.7,8.71,8.72,11546.01,23181.76,25638.07,14876.6,8314.44,4141.06,4386.8,4939.26,3373.3,3514.76,4472.71,13430.33,17264.3,6138.08,6431.3,3549.53,3693.79,3762.24,2070.95,3484.83
347,8.63,8.62,8.61,8.6,8.59,8.58,8.57,8.56,8.55,8.54,8.64,8.65,8.66,8.67,8.68,8.69,8.7,8.71,8.72,8.73,6795.64,24071.98,24008.5,17789.12,11074,6326.93,3551.86,3576.15,4939.26,3373.3,10604.46,15451.49,10045.44,6633.65,3217.86,4265.72,3577.89,2070.95,3484.83,1661.46
348,8.62,8.61,8.6,8.59,8.58,8.57,8.56,8.55,8.54,8.53,8.63,8.64,8.65,8.66,8.67,8.68,8.69,8.7,8.71,8.72,11481.49,25092.71,25099.01,13923.93,7205.29,4451.14,4386.8,4939.26,3373.3,3518.66,4276.59,14586.45,16189.1,6167.64,6401.76,3182.61,3693.79,3574.42,2071.89,3484.83
349,8.62,8.61,8.6,8.59,8.58,8.57,8.56,8.55,8.54,8.53,8.63,8.64,8.65,8.66,8.67,8.68,8.69,8.7,8.71,8.72,11088.54,25731.02,24059.1,14231.6,7205.29,4451.14,4386.8,4939.26,3373.3,3518.66,4856.54,14537.02,15938.56,6111.99,6401.76,3182.61,3693.79,3574.42,2071.89,3484.83
350,8.62,8.61,8.6,8.59,8.58,8.57,8.56,8.55,8.54,8.53,8.63,8.64,8.65,8.66,8.67,8.68,8.69,8.7,8.71,8.72,9938.36,28603.8,25096.3,11487.17,7209.64,4414.05,4386.8,4939.26,3411.8,3518.66,5833.13,14540.57,16399.86,6327.99,6617.76,3398.61,3909.79,3790.42,2287.89,3700.83
351,8.62,8.61,8.6,8.59,8.58,8.57,8.56,8.55,8.54,8.53,8.63,8.64,8.65,8.66,8.67,8.68,8.69,8.7,8.71,8.72,7782.26,27082.1,27733.32,11167.71,7244.08,4414.05,4386.8,4939.26,3411.8,3514.76,7182.86,14962.54,15767.75,6272.34,6390.62,3398.61,3909.79,3790.42,1476.3,3700.83
352,8.62,8.61,8.6,8.59,8.58,8.57,8.56,8.55,8.54,8.53,8.63,8.64,8.65,8.66,8.67,8.68,8.69,8.7,8.71,8.72,8891.86,28115.41,24817.21,10829.38,7174.49,4414.05,4386.8,4939.26,3411.8,3514.76,7025.7,15286.37,15792.49,6271.7,6390.62,3398.61,3909.79,3790.42,1476.3,3706.63
353,8.63,8.62,8.61,8.6,8.59,8.58,8.57,8.56,8.55,8.54,8.64,8.65,8.66,8.67,8.68,8.69,8.7,8.71,8.72,8.73,5509.62,21993.98,29391.73,17989.71,9692.54,7010.25,3580.86,4383.33,4939.26,3440.16,11011.74,18030.3,10427.35,6585.52,3470.71,4510.81,3793.89,2287.89,3706.63,1877.46
354,8.63,8.62,8.61,8.6,8.59,8.58,8.57,8.56,8.55,8.54,8.64,8.65,8.66,8.67,8.68,8.69,8.7,8.71,8.72,8.73,3883.29,20150.8,25059.55,22180.97,9411.39,6363.99,3577.39,4386.8,4939.26,3440.16,13542.88,21351.5,7077.34,6641.17,3470.71,4514.28,3790.42,2287.89,3706.63,1877.46
355,8.63,8.62,8.61,8.6,8.59,8.58,8.57,8.56,8.55,8.54,8.64,8.65,8.66,8.67,8.68,8.69,8.7,8.71,8.72,8.73,6912.58,25806.07,27429.57,16084.12,8845.63,6363.99,3580.86,3572.68,4939.26,3440.16,11543.7,15468.7,10495.98,6585.52,3470.71,4510.81,3793.89,2287.89,3706.63,1877.46
356,8.63,8.62,8.61,8.6,8.59,8.58,8.57,8.56,8.55,8.54,8.64,8.65,8.66,8.67,8.68,8.69,8.7,8.71,8.72,8.73,12702.44,25850.08,23534.92,16109.92,8816.07,6363.97,3580.86,3572.68,4977.71,3401.66,4024.48,18207.45,11007.73,6641.17,3408.23,4572.8,3793.89,2287.89,3706.63,2688.11
357,8.64,8.63,8.62,8.61,8.6,8.59,8.58,8.57,8.56,8.55,8.65,8.66,8.67,8.68,8.69,8.7,8.71,8.72,8.73,8.74,5198.35,20076.39,26966.41,19742.16,14695.61,7643.82,4985.6,4298.34,3572.68,4977.71,11669.55,16846.18,6559.87,4281.83,5368.86,4586.42,2287.89,3970.84,2572.66,1926.1
358,8.64,8.63,8.62,8.61,8.6,8.59,8.58,8.57,8.56,8.55,8.65,8.66,8.67,8.68,8.69,8.7,8.71,8.72,8.73,8.74,4558.6,21287.51,27738.52,19452.77,15509.74,6530.75,4169.57,4298.34,3572.68,4977.71,10653.18,17098,6559.86,4281.83,5368.86,4586.42,2287.89,3970.84,2572.66,1926.1
359,8.63,8.62,8.61,8.6,8.59,8.58,8.57,8.56,8.55,8.54,8.64,8.65,8.66,8.67,8.68,8.69,8.7,8.71,8.72,8.73,5538.12,22552.17,27400.71,17499.58,7695.29,4778.76,4298.34,3572.68,5007.13,3372.21,10124.94,12018.9,13521.88,6497.78,3964.76,4688.6,3823.89,2287.89,3970.84,2571.72
360,8.63,8.62,8.61,8.6,8.59,8.58,8.57,8.56,8.55,8.54,8.64,8.65,8.66,8.67,8.68,8.69,8.7,8.71,8.72,8.73,4009.92,21224.31,28955.56,16872.52,7729.67,4744.34,4294.87,3576.15,5817.79,3372.21,13723.45,15376.27,10167.67,6486.51,3964.76,4692.07,3820.42,2287.89,3970.84,1762.01
361,8.63,8.62,8.61,8.6,8.59,8.58,8.57,8.56,8.55,8.54,8.64,8.65,8.66,8.67,8.68,8.69,8.7,8.71,8.72,8.73,4758.89,22226.73,28469.58,16655.19,7729.67,4744.34,4294.87,3576.15,5007.14,3632.09,12296.68,11743.03,13324.99,6523.4,3927.91,4692.07,3820.42,2287.89,3970.84,1762.01
362,8.63,8.62,8.61,8.6,8.59,8.58,8.57,8.56,8.55,8.54,8.64,8.65,8.66,8.67,8.68,8.69,8.7,8.71,8.72,8.73,6334.36,23380.66,27952.64,16047.44,7729.67,4744.34,4298.34,3572.68,5007.14,3632.09,12114.12,11539.5,13440.81,6467.75,3927.91,4692.07,3820.42,2287.89,3970.84,1762.01
363,8.63,8.62,8.61,8.6,8.59,8.58,8.57,8.56,8.55,8.54,8.64,8.65,8.66,8.67,8.68,8.69,8.7,8.71,8.72,8.73,8002.35,17602.42,21320.5,16717.1,7700.15,4744.34,4298.34,3572.68,5007.14,3372.21,8158.41,15351.74,20860.38,8526.69,3927.91,4688.6,3823.89,2287.89,3970.84,2572.66
364,8.63,8.62,8.61,8.6,8.59,8.58,8.57,8.56,8.55,8.54,8.64,8.65,8.66,8.67,8.68,8.69,8.7,8.71,8.72,8.73,8099.22,17880.36,20871.84,16489.75,6638.17,4716.92,4298.34,3572.68,5007.12,3372.21,6528.03,18913.86,20764.86,6534.52,3964.76,5367.91,3823.89,2287.89,3970.84,2573.69
365,8.64,8.63,8.62,8.61,8.6,8.59,8.58,8.57,8.56,8.55,8.65,8.66,8.67,8.68,8.69,8.7,8.71,8.72,8.73,8.74,6427.89,17032.26,19897.25,17266.17,14773.59,5709.45,4138.62,3485.16,3572.68,5007.12,11637.74,20491.5,14014.56,4982.93,5374.53,4617.17,2287.89,3970.84,2573.69,1926.1
366,8.63,8.62,8.61,8.6,8.59,8.58,8.57,8.56,8.55,8.54,8.64,8.65,8.66,8.67,8.68,8.69,8.7,8.71,8.72,8.73,6978.37,16542.56,19258.73,16500.19,6547.85,4736.22,4298.34,3572.68,5007.12,3667.69,9863.43,19647.25,19558.73,7763.99,4327.25,5373.95,3823.89,2287.89,3970.84,1763.04
367,8.63,8.62,8.61,8.6,8.59,8.58,8.57,8.56,8.55,8.54,8.64,8.65,8.66,8.67,8.68,8.69,8.7,8.71,8.72,8.73,5953,19495.61,19842.85,16434.59,6577.38,4736.22,4298.34,3572.68,5007.12,3667.69,12204.99,22256.74,14971.01,7269.57,4327.25,5373.95,3823.89,2287.89,3970.84,1763.04
368,8.63,8.62,8.61,8.6,8.59,8.58,8.57,8.56,8.55,8.54,8.64,8.65,8.66,8.67,8.68,8.69,8.7,8.71,8.72,8.73,9788.16,22603.84,15834.3,16464.12,6547.85,5546.87,4298.34,3572.68,5007.12,3667.69,4096.78,13973.72,18558.02,12972.04,4356.77,5373.95,3823.89,2287.89,3970.84,2573.69
369,8.64,8.63,8.62,8.61,8.6,8.59,8.58,8.57,8.56,8.55,8.65,8.66,8.67,8.68,8.69,8.7,8.71,8.72,8.73,8.74,7525.02,17984.49,20019.17,15231.01,14738.13,5707.72,4949.27,3485.16,3572.68,5007.12,11012.39,20412.46,14493.87,5399.08,5374.53,4661.38,2291.36,3970.84,2573.69,1926.1
370,8.64,8.63,8.62,8.61,8.6,8.59,8.58,8.57,8.56,8.55,8.65,8.66,8.67,8.68,8.69,8.7,8.71,8.72,8.73,8.74,8619.33,17327.08,21809.76,14856.67,14738.13,5707.72,4946.66,3485.16,3572.68,4773.66,10816.1,21716.04,14031,5398.92,5374.53,4664.85,2287.89,3970.84,2572.75,1926.1
371,8.64,8.63,8.62,8.61,8.6,8.59,8.58,8.57,8.56,8.55,8.65,8.66,8.67,8.68,8.69,8.7,8.71,8.72,8.73,8.74,8441.73,17173.12,19414.22,15293.14,14738.13,5707.72,4136.01,3485.16,3572.68,4773.66,7870.03,20246.21,15939.76,6732.42,5380.53,4661.38,2291.36,3970.84,2572.75,1926.1
