timestamp,bid_price_0,bid_price_1,bid_price_2,bid_price_3,bid_price_4,bid_price_5,bid_price_6,bid_price_7,bid_price_8,bid_price_9,ask_price_0,ask_price_1,ask_price_2,ask_price_3,ask_price_4,ask_price_5,ask_price_6,ask_price_7,ask_price_8,ask_price_9,bid_size_0,bid_size_1,bid_size_2,bid_size_3,bid_size_4,bid_size_5,bid_size_6,bid_size_7,bid_size_8,bid_size_9,ask_size_0,ask_size_1,ask_size_2,ask_size_3,ask_size_4,ask_size_5,ask_size_6,ask_size_7,ask_size_8,ask_size_9
0,7.88,7.87,7.86,7.85,7.84,7.83,7.82,7.81,7.8,7.79,7.89,7.9,7.91,7.92,7.93,7.94,7.95,7.96,7.97,7.98,1269.72,7591.1,5338.2,5115.91,1799.86,1469.27,2168.26,853.13,4414.55,565.94,432.15,3511.69,5994.18,5855.33,1071.03,792.73,2244.39,953.77,376.94,447.98
1,7.88,7.87,7.86,7.85,7.84,7.83,7.82,7.81,7.8,7.79,7.89,7.9,7.91,7.92,7.93,7.94,7.95,7.96,7.97,7.98,2224.16,7308.69,5255.52,5049.74,1799.86,1193.12,2342.94,373.88,4318.58,72.68,3.4,3642.3,8120.27,4104.53,1071.03,792.73,2623.16,953.77,376.94,447.98
2,7.89,7.88,7.87,7.86,7.85,7.84,7.83,7.82,7.81,7.8,7.9,7.91,7.92,7.93,7.94,7.95,7.96,7.97,7.98,7.99,642.13,3470.12,7168.67,5353.76,4498.03,1677.25,811.21,2342.94,948.98,4318.58,2199.23,5777.34,5972.2,3406.48,852.43,2623.16,953.77,376.94,447.98,532.74
3,7.88,7.87,7.86,7.85,7.84,7.83,7.82,7.81,7.8,7.79,7.89,7.9,7.91,7.92,7.93,7.94,7.95,7.96,7.97,7.98,1021.28,6370.9,6635.5,4500.57,1799.36,1396.98,2342.94,373.88,4894.4,72.68,913.8,3654,6642.11,4285.07,3169.85,821.62,2244.39,953.77,376.94,447.98
4,7.88,7.87,7.86,7.85,7.84,7.83,7.82,7.81,7.8,7.79,7.89,7.9,7.91,7.92,7.93,7.94,7.95,7.96,7.97,7.98,655.82,4417.68,6533.18,6665.04,1581.66,1396.98,2342.94,373.88,4537.4,72.68,2895.2,3209.88,6249.66,4285.07,3008.32,933.41,2069.26,1021.18,376.94,447.98
5,7.88,7.87,7.86,7.85,7.84,7.83,7.82,7.81,7.8,7.79,7.89,7.9,7.91,7.92,7.93,7.94,7.95,7.96,7.97,7.98,254.06,3816.15,6116.44,6193.98,3641.1,1396.98,2808.03,373.88,5113.22,72.68,2649.53,3613.84,5354.47,3829.71,2947.89,912.94,2069.26,1021.18,376.94,447.98
6,7.88,7.87,7.86,7.85,7.84,7.83,7.82,7.81,7.8,7.79,7.89,7.9,7.91,7.92,7.93,7.94,7.95,7.96,7.97,7.98,70.25,2583.01,6152.24,7893.27,3735.04,1396.98,2633.35,547.33,4537.4,649.22,2879.53,3439.09,6975.19,1674.72,2981.91,1039.63,2069.26,1021.18,376.94,447.98
7,7.87,7.86,7.85,7.84,7.83,7.82,7.81,7.8,7.79,7.78,7.88,7.89,7.9,7.91,7.92,7.93,7.94,7.95,7.96,7.97,918,7358.34,7912.5,3804.61,1497.79,2746.69,550.71,4537.4,649.22,510.22,535.53,3050.68,4909.15,5062.49,1735.15,2945.61,544.22,1938.92,1021.18,418.11
8,7.86,7.85,7.84,7.83,7.82,7.81,7.8,7.79,7.78,7.77,7.87,7.88,7.89,7.9,7.91,7.92,7.93,7.94,7.95,7.96,1110.45,8761.98,5697.08,4013.09,1243.02,2583.3,4710.78,553.13,542.29,661.39,599.41,2938.38,2954.52,3850.52,6536.54,818.32,666.85,375.68,1938.92,1099.5
9,7.86,7.85,7.84,7.83,7.82,7.81,7.8,7.79,7.78,7.77,7.87,7.88,7.89,7.9,7.91,7.92,7.93,7.94,7.95,7.96,10.04,4607.61,8949.67,4799.7,1160.3,2585.52,5177.09,72.68,465.32,179.74,3085.39,3269.97,3230.9,3786.66,6581.81,790.4,497.08,372.33,1934.28,1099.5
10,7.85,7.84,7.83,7.82,7.81,7.8,7.79,7.78,7.77,7.76,7.86,7.87,7.88,7.89,7.9,7.91,7.92,7.93,7.94,7.95,180.44,5545.5,8775.54,3525.71,975.86,6822.71,814.76,465.32,757.72,1938.27,2209.04,3046.32,2563.97,3943.67,3393.97,4535.59,367.7,371.45,372.33,1975.45
11,7.85,7.84,7.83,7.82,7.81,7.8,7.79,7.78,7.77,7.76,7.86,7.87,7.88,7.89,7.9,7.91,7.92,7.93,7.94,7.95,865.94,5304.42,7523.36,5707.59,975.86,6712.14,430.89,465.32,179.74,1938.27,588.88,4460.97,3103.93,3418.34,3404.77,4474.42,370.65,371.45,369.38,1975.45
12,7.85,7.84,7.83,7.82,7.81,7.8,7.79,7.78,7.77,7.76,7.86,7.87,7.88,7.89,7.9,7.91,7.92,7.93,7.94,7.95,564.37,5690.86,7206.74,5772.33,973.64,6714.37,430.89,465.32,179.74,1938.27,2225.37,4627.9,3052.48,5500.17,1310.21,3229.17,1937.94,371.45,369.38,408.16
13,7.85,7.84,7.83,7.82,7.81,7.8,7.79,7.78,7.77,7.76,7.86,7.87,7.88,7.89,7.9,7.91,7.92,7.93,7.94,7.95,263.19,3653.67,8289.87,4740.56,3190.44,5223.9,2513.54,465.32,179.74,2517.15,3684.09,5001.58,3598.93,3261.41,1110.81,3205.04,1937.94,371.45,450.85,408.16
14,7.86,7.85,7.84,7.83,7.82,7.81,7.8,7.79,7.78,7.77,7.87,7.88,7.89,7.9,7.91,7.92,7.93,7.94,7.95,7.96,773.47,1384.06,5769.63,6259.55,4709.33,3094.65,4622.57,2129.7,465.32,179.74,2545.43,5113.97,4965.32,1110.81,3306.71,2420.7,371.45,450.85,408.16,1018.23
15,7.86,7.85,7.84,7.83,7.82,7.81,7.8,7.79,7.78,7.77,7.87,7.88,7.89,7.9,7.91,7.92,7.93,7.94,7.95,7.96,716.98,2962.46,5342.96,6209,4313.82,3023.32,4622.57,2129.7,978.44,179.74,2936.93,5346.27,5150.77,1410.01,3306.71,2419.91,371.45,372.33,408.16,1099.5
16,7.86,7.85,7.84,7.83,7.82,7.81,7.8,7.79,7.78,7.77,7.87,7.88,7.89,7.9,7.91,7.92,7.93,7.94,7.95,7.96,635.72,2983.82,4664.11,7275.9,4316.04,3026.7,4620.34,2126.31,465.32,179.74,3272.97,5260.09,5150.83,1429.33,3195.41,2594.81,371.45,372.33,366.99,1099.5
17,7.87,7.86,7.85,7.84,7.83,7.82,7.81,7.8,7.79,7.78,7.88,7.89,7.9,7.91,7.92,7.93,7.94,7.95,7.96,7.97,640.27,2662.4,3370.31,2950.75,6408.51,4296.15,2611.58,4537.4,2065.81,978.44,5131.86,3623,5239.59,3195.41,1128.89,855.61,1939.62,366.99,1099.5,414.15
18,7.87,7.86,7.85,7.84,7.83,7.82,7.81,7.8,7.79,7.78,7.88,7.89,7.9,7.91,7.92,7.93,7.94,7.95,7.96,7.97,639.65,2987.15,8283.72,2670.63,3688.31,2195.97,2611.58,4537.4,2097.84,978.44,5224.12,3521.36,5241.51,3136.77,1190.06,855.61,1939.62,366.99,1099.5,414.15
19,7.87,7.86,7.85,7.84,7.83,7.82,7.81,7.8,7.79,7.78,7.88,7.89,7.9,7.91,7.92,7.93,7.94,7.95,7.96,7.97,262.97,2694.22,3407.83,3787,7441.79,2195.97,2994.42,4537.4,2033.78,465.32,5721.91,3096.35,5241.53,3136.77,1190.06,855.61,1939.62,366.99,1099.5,414.15
20,7.87,7.86,7.85,7.84,7.83,7.82,7.81,7.8,7.79,7.78,7.88,7.89,7.9,7.91,7.92,7.93,7.94,7.95,7.96,7.97,876.21,4038.54,1831.49,3698.54,6942.55,2195.97,2611.58,4711.96,1861.61,465.32,414.6,5301.54,6139.24,3230.61,1015.16,1030.09,1939.62,366.99,1099.5,414.15
21,7.88,7.87,7.86,7.85,7.84,7.83,7.82,7.81,7.8,7.79,7.89,7.9,7.91,7.92,7.93,7.94,7.95,7.96,7.97,7.98,855.67,4152.44,2000.35,2725.32,2713.22,5339.42,1773.48,2607.31,4601.38,2374.09,376.53,4728.54,5584.18,3685.76,994.58,2603.66,371.63,1106.41,414.15,366.91
22,7.89,7.88,7.87,7.86,7.85,7.84,7.83,7.82,7.81,7.8,7.9,7.91,7.92,7.93,7.94,7.95,7.96,7.97,7.98,7.99,676.75,3184.29,2650.81,2392.05,3223.94,3239.49,5337.69,1777.85,437.78,4889.29,1564.67,3163.28,3075.16,5588.38,998.17,1033.31,2673.7,372.98,366.91,573.91
23,7.89,7.88,7.87,7.86,7.85,7.84,7.83,7.82,7.81,7.8,7.9,7.91,7.92,7.93,7.94,7.95,7.96,7.97,7.98,7.99,927.33,4833.01,3538.87,1980.88,2134.02,5339.67,2630.81,573.91,373.88,4537.4,767.7,2820.27,4088.89,5594.77,1057.87,1135.23,2592.43,372.98,447.98,573.91
24,7.91,7.9,7.89,7.88,7.87,7.86,7.85,7.84,7.83,7.82,7.92,7.93,7.94,7.95,7.96,7.97,7.98,7.99,8,8.01,323.81,1614.85,3570.44,3994.51,3421.21,1482.01,1450.22,3109.03,4667.34,2528.78,2491.96,2593.15,1653.18,4099.2,3187.47,3223.07,1937.15,473.05,701.08,296.16
25,7.91,7.9,7.89,7.88,7.87,7.86,7.85,7.84,7.83,7.82,7.92,7.93,7.94,7.95,7.96,7.97,7.98,7.99,8,8.01,629.93,2599.92,4313.28,8249.4,2030.98,1379.89,2627.44,1455.73,425.21,2528.78,760.04,3526.25,2109.09,5265.85,3741.1,1035.79,1937.15,473.05,701.08,296.16
26,7.91,7.9,7.89,7.88,7.87,7.86,7.85,7.84,7.83,7.82,7.92,7.93,7.94,7.95,7.96,7.97,7.98,7.99,8,8.01,655.33,2349.55,3222.33,8072.44,2107.03,1490.83,2525.27,1484.19,788.33,2113.95,1308.45,3425.88,4118.65,2103.1,5314.82,1035.79,4096.4,473.05,705.04,296.16
27,7.9,7.89,7.88,7.87,7.86,7.85,7.84,7.83,7.82,7.81,7.91,7.92,7.93,7.94,7.95,7.96,7.97,7.98,7.99,8,948.27,2492.56,3157.78,3774.93,1581.4,764.2,1484.19,915.81,380.03,1493.92,489.93,2228.01,3142.48,3492.3,1046.01,1822.75,555.06,369.86,472.4,838.39
28,7.9,7.89,7.88,7.87,7.86,7.85,7.84,7.83,7.82,7.81,7.91,7.92,7.93,7.94,7.95,7.96,7.97,7.98,7.99,8,911.48,3918.94,5814.12,5943.29,3723.35,866.97,3058.64,374.02,380.03,373.88,432.85,2933.75,5280.26,7876.88,1073.24,1578.05,2122.35,369.86,472.4,705.04
29,7.91,7.9,7.89,7.88,7.87,7.86,7.85,7.84,7.83,7.82,7.92,7.93,7.94,7.95,7.96,7.97,7.98,7.99,8,8.01,14.08,2103.88,8329.27,3436.77,3138.24,3721.9,764.21,3062.01,533.37,380.03,3379.77,3089.21,8121.12,3633.68,1577.2,2500.09,369.86,472.4,624.18,296.81
30,7.9,7.89,7.88,7.87,7.86,7.85,7.84,7.83,7.82,7.81,7.91,7.92,7.93,7.94,7.95,7.96,7.97,7.98,7.99,8,1517.58,4186.58,8189.39,3579.73,3224.76,865.54,3062.01,852.07,475.76,674.21,173.14,2968.68,5045.97,5718.53,3228.49,1470.2,2500.12,369.86,472.4,624.18
31,7.9,7.89,7.88,7.87,7.86,7.85,7.84,7.83,7.82,7.81,7.91,7.92,7.93,7.94,7.95,7.96,7.97,7.98,7.99,8,1737.83,4713.87,8125.57,3326.45,3215.94,764.21,3062.01,852.07,475.76,674.21,4.08,2670.49,5301.29,5804.43,3228.49,1578.09,2500.11,369.86,472.4,624.18
32,7.91,7.9,7.89,7.88,7.87,7.86,7.85,7.84,7.83,7.82,7.92,7.93,7.94,7.95,7.96,7.97,7.98,7.99,8,8.01,12.72,2278.61,7474.96,5365.25,2764.11,3228.24,764.19,3062.01,820.2,475.76,3380.76,2985.33,8099.33,3628.05,1578.09,2500.11,369.86,472.4,624.18,296.81
33,7.9,7.89,7.88,7.87,7.86,7.85,7.84,7.83,7.82,7.81,7.91,7.92,7.93,7.94,7.95,7.96,7.97,7.98,7.99,8,655.57,6264.42,6962.38,2528.65,3228.24,866.07,3062.01,374.02,954.41,386.66,1320.04,3623.07,5102.53,5610.83,3228.49,1470.2,2122.35,369.86,472.4,705.04
34,7.9,7.89,7.88,7.87,7.86,7.85,7.84,7.83,7.82,7.81,7.91,7.92,7.93,7.94,7.95,7.96,7.97,7.98,7.99,8,573.53,6391.08,4920.15,4775.36,3228.24,866.07,3062.01,374.02,922.5,373.88,1501.58,3581.64,5014.6,5669.8,3170.25,1558.28,2034.82,369.86,472.4,705.04
35,7.9,7.89,7.88,7.87,7.86,7.85,7.84,7.83,7.82,7.81,7.91,7.92,7.93,7.94,7.95,7.96,7.97,7.98,7.99,8,987.76,6573.34,4756.11,5096.95,3228.24,866.07,3062.01,374.02,380.03,373.88,548.13,3060.14,5063.35,5765.08,3170.25,1558.28,2034.82,369.86,472.4,705.04
36,7.9,7.89,7.88,7.87,7.86,7.85,7.84,7.83,7.82,7.81,7.91,7.92,7.93,7.94,7.95,7.96,7.97,7.98,7.99,8,713.99,6070.71,4756.11,5096.95,3228.24,866.07,3062.01,374.02,380.03,373.88,3490.73,2799.02,4520.94,3529.33,3170.25,1558.28,2034.82,369.86,472.4,718.82
37,7.9,7.89,7.88,7.87,7.86,7.85,7.84,7.83,7.82,7.81,7.91,7.92,7.93,7.94,7.95,7.96,7.97,7.98,7.99,8,17.28,3693.2,7709.15,5179.48,3226.03,1037.28,3445.67,374.02,380.03,373.88,5520.8,2853.85,4205.52,3470.36,3117.43,1631.62,1948.26,366.91,472.4,718.82
38,7.89,7.88,7.87,7.86,7.85,7.84,7.83,7.82,7.81,7.8,7.9,7.91,7.92,7.93,7.94,7.95,7.96,7.97,7.98,7.99,738.08,5064.33,9003.34,3543.2,988.87,3371.71,639.85,383.4,948.98,4318.58,603.89,5213.34,6388.25,1587.2,998.98,3101.98,1063.71,1948.26,447.98,472.4
39,7.89,7.88,7.87,7.86,7.85,7.84,7.83,7.82,7.81,7.8,7.9,7.91,7.92,7.93,7.94,7.95,7.96,7.97,7.98,7.99,1066.15,6436.51,7872.44,3575.27,988.87,3371.71,639.85,383.4,373.88,4318.58,901.89,4890.4,6429.87,1587.2,998.98,3101.98,1063.71,1948.26,447.98,473.05
40,7.88,7.87,7.86,7.85,7.84,7.83,7.82,7.81,7.8,7.79,7.89,7.9,7.91,7.92,7.93,7.94,7.95,7.96,7.97,7.98,918.8,7298.53,6612.46,3802.06,1784.18,949.61,2247.21,853.13,4414.55,553.13,846.53,2893.23,5488.71,3214.66,5582.04,896.98,544.09,953.77,1981.44,447.98
41,7.87,7.86,7.85,7.84,7.83,7.82,7.81,7.8,7.79,7.78,7.88,7.89,7.9,7.91,7.92,7.93,7.94,7.95,7.96,7.97,803.2,4520.88,2651.39,7858.6,928.86,4703.35,1025.04,4600.34,72.68,914.3,1380.65,3535.4,2617.02,4259.92,5473.73,3310.25,466.61,375.59,1032.09,1982.09
42,7.87,7.86,7.85,7.84,7.83,7.82,7.81,7.8,7.79,7.78,7.88,7.89,7.9,7.91,7.92,7.93,7.94,7.95,7.96,7.97,132.41,2285.69,9753.35,2925.79,928.92,4688.95,928.8,4504.37,72.68,465.32,2745.7,3231.5,2064.04,8286.27,1211.33,3296.7,379.84,370.95,1032.09,1981.44
43,7.87,7.86,7.85,7.84,7.83,7.82,7.81,7.8,7.79,7.78,7.88,7.89,7.9,7.91,7.92,7.93,7.94,7.95,7.96,7.97,561.65,3704.68,8714.04,4256.57,1654.65,2883.93,2363.01,4855.98,104.71,1010.51,1692.69,2500.03,2415.37,7383.99,1204.13,3397.99,2014.54,412.12,1032.09,373.63
44,7.86,7.85,7.84,7.83,7.82,7.81,7.8,7.79,7.78,7.77,7.87,7.88,7.89,7.9,7.91,7.92,7.93,7.94,7.95,7.96,1157.69,6728.49,7908.19,1598.93,2985.89,2468.37,4855.98,104.71,1010.51,179.74,493.31,2638.78,2240.86,3987.36,5789.28,1083.69,2917.02,2014.54,412.12,1032.09
45,7.86,7.85,7.84,7.83,7.82,7.81,7.8,7.79,7.78,7.77,7.87,7.88,7.89,7.9,7.91,7.92,7.93,7.94,7.95,7.96,878.16,5938.12,7908.19,1598.93,2985.89,2468.37,4855.98,72.68,465.32,179.74,596.01,3010.37,2630.21,3365.35,7935.84,1070.69,757.77,2014.54,412.12,1032.09
46,7.86,7.85,7.84,7.83,7.82,7.81,7.8,7.79,7.78,7.77,7.87,7.88,7.89,7.9,7.91,7.92,7.93,7.94,7.95,7.96,270.07,4287.39,10733.41,1598.93,2985.89,2468.37,5239.31,72.68,465.32,179.74,5098.11,2443.23,3814.09,3851.34,3322.77,991.9,583.85,2089.71,412.12,950.82
47,7.86,7.85,7.84,7.83,7.82,7.81,7.8,7.79,7.78,7.77,7.87,7.88,7.89,7.9,7.91,7.92,7.93,7.94,7.95,7.96,905.05,5124.05,5844.44,5352.41,2985.89,2362.96,4852.6,72.68,468.71,179.74,71.61,4491.66,1976.85,1639.04,1427.02,1142.21,963.52,522.42,545.47,1479.42
48,7.86,7.85,7.84,7.83,7.82,7.81,7.8,7.79,7.78,7.77,7.87,7.88,7.89,7.9,7.91,7.92,7.93,7.94,7.95,7.96,241.13,2590.22,6432.35,4343.79,2946.79,3116.18,6458.88,72.68,468.71,757.72,1523.06,3502.02,5785.86,3638.28,3322.77,2559.19,583.85,522.42,412.12,950.82
49,7.86,7.85,7.84,7.83,7.82,7.81,7.8,7.79,7.78,7.77,7.87,7.88,7.89,7.9,7.91,7.92,7.93,7.94,7.95,7.96,70.33,2722.11,11660.48,1259.69,846.61,3116.18,6842.22,72.68,468.71,179.74,2944.18,2946.75,5785.86,3638.28,3322.77,2559.19,583.85,522.42,412.12,950.82
50,7.86,7.85,7.84,7.83,7.82,7.81,7.8,7.79,7.78,7.77,7.87,7.88,7.89,7.9,7.91,7.92,7.93,7.94,7.95,7.96,475.32,2934.65,10198.79,2771.78,2023.27,3107.92,6284.86,247.37,981.83,243.96,1647.89,4196.2,7125.64,1500.07,3001.13,2591.21,366.18,522.42,581.04,950.82
51,7.86,7.85,7.84,7.83,7.82,7.81,7.8,7.79,7.78,7.77,7.87,7.88,7.89,7.9,7.91,7.92,7.93,7.94,7.95,7.96,114.01,2149.07,5044.56,2625.16,2023.27,965.97,5061.95,248.17,1013.65,3202.78,2857.55,3229.19,4191.21,5307.5,3001.93,2590.33,366.18,522.42,581.84,950.82
52,7.86,7.85,7.84,7.83,7.82,7.81,7.8,7.79,7.78,7.77,7.87,7.88,7.89,7.9,7.91,7.92,7.93,7.94,7.95,7.96,484.62,2905.2,7726.91,6867.29,2023.27,965.97,6284.86,248.17,468.71,482.58,2603.54,3972.38,5228.06,3436.6,3001.93,2590.33,366.18,522.42,581.84,950.82
53,7.85,7.84,7.83,7.82,7.81,7.8,7.79,7.78,7.77,7.76,7.86,7.87,7.88,7.89,7.9,7.91,7.92,7.93,7.94,7.95,1005.45,7336.57,6367.33,2405.6,3107.92,6802.11,248.17,468.71,482.58,368.03,579.47,4094.44,6551.84,4032.55,953.49,2899.39,2109.59,366.18,522.42,581.84
54,7.85,7.84,7.83,7.82,7.81,7.8,7.79,7.78,7.77,7.76,7.86,7.87,7.88,7.89,7.9,7.91,7.92,7.93,7.94,7.95,640.33,4644.68,6513.91,4571.39,3107.92,6802.11,248.17,468.71,644,368.03,687.16,4342.89,4446.77,5242.24,934.22,3068.98,1933.98,407.35,523.29,533.78
55,7.85,7.84,7.83,7.82,7.81,7.8,7.79,7.78,7.77,7.76,7.86,7.87,7.88,7.89,7.9,7.91,7.92,7.93,7.94,7.95,849.03,4207.56,7318.26,4975.91,3198.6,5161.07,248.17,2077.22,932.99,496.67,884.05,4412.5,6284.19,5306.93,802.57,1033.22,1933.98,407.35,523.29,533.78
56,7.84,7.83,7.82,7.81,7.8,7.79,7.78,7.77,7.76,7.75,7.85,7.86,7.87,7.88,7.89,7.9,7.91,7.92,7.93,7.94,2399.47,5921.09,7491.56,3789.4,5274.41,631.98,2077.22,932.99,496.67,1696.55,329.55,2396.99,4340.08,6049.32,5274.88,802.57,652.59,1933.98,407.35,523.29
57,7.84,7.83,7.82,7.81,7.8,7.79,7.78,7.77,7.76,7.75,7.85,7.86,7.87,7.88,7.89,7.9,7.91,7.92,7.93,7.94,1006.15,6202.8,4408.93,3684.38,4880.99,2571.5,2334.31,698.68,593.15,1149.15,2010.15,3851.11,5229.79,3709.82,5253.19,1075.04,480.84,1931.03,407.35,523.29
58,7.84,7.83,7.82,7.81,7.8,7.79,7.78,7.77,7.76,7.75,7.85,7.86,7.87,7.88,7.89,7.9,7.91,7.92,7.93,7.94,1042.25,7050.83,4140.25,3767.54,4880.99,2571.5,2330.92,666.57,1175.43,1149.15,1852.19,5761.71,4805.37,3647.17,3096.63,1075.04,480.84,1931.03,407.35,523.29
59,7.83,7.82,7.81,7.8,7.79,7.78,7.77,7.76,7.75,7.74,7.84,7.85,7.86,7.87,7.88,7.89,7.9,7.91,7.92,7.93,667.03,4444.47,6660.84,6984.61,2693.72,2653.03,759.38,545.89,1503.35,377.04,1083.91,3414.4,4742.64,4133.78,3148.07,2987.82,479.74,368.52,2013.4,408
60,7.83,7.82,7.81,7.8,7.79,7.78,7.77,7.76,7.75,7.74,7.84,7.85,7.86,7.87,7.88,7.89,7.9,7.91,7.92,7.93,817.85,6102.29,5657.35,7049.65,2693.72,2653.03,759.38,545.89,1149.15,377.04,510.66,4830.74,5059.35,3979.38,1056.86,3074.22,392.18,406.34,2013.4,366.83
61,7.83,7.82,7.81,7.8,7.79,7.78,7.77,7.76,7.75,7.74,7.84,7.85,7.86,7.87,7.88,7.89,7.9,7.91,7.92,7.93,2023.4,8471.23,5036.65,5318.04,2673.75,2645.34,756.19,545.89,1149.15,377.04,356.43,2746.06,6635.56,3825.14,1056.86,3185.48,392.18,406.34,2013.4,366.83
62,7.83,7.82,7.81,7.8,7.79,7.78,7.77,7.76,7.75,7.74,7.84,7.85,7.86,7.87,7.88,7.89,7.9,7.91,7.92,7.93,912.95,8085.45,6817.58,5338.09,2673.75,2643.11,758.42,545.89,2147.35,377.04,556.01,4421.1,5482.52,3823.22,1056.86,3074.22,392.18,406.34,2013.4,366.83
63,7.83,7.82,7.81,7.8,7.79,7.78,7.77,7.76,7.75,7.74,7.84,7.85,7.86,7.87,7.88,7.89,7.9,7.91,7.92,7.93,896.74,7778.57,6817.58,5338.09,2673.75,2643.11,758.42,545.89,1149.15,377.04,1056.4,4077.35,5924.23,3729.11,1056.86,3074.22,392.18,406.34,2013.4,366.83
64,7.83,7.82,7.81,7.8,7.79,7.78,7.77,7.76,7.75,7.74,7.84,7.85,7.86,7.87,7.88,7.89,7.9,7.91,7.92,7.93,857.62,7078.91,7125.05,5342.28,2673.75,2643.11,758.42,545.89,1149.15,377.04,2103.08,3651.47,4963.63,3729.11,1056.86,3074.22,392.18,406.34,2013.4,366.83
65,7.82,7.81,7.8,7.79,7.78,7.77,7.76,7.75,7.74,7.73,7.83,7.84,7.85,7.86,7.87,7.88,7.89,7.9,7.91,7.92,1247.79,7694.21,8610.94,3168.03,1154.16,2855.43,545.89,1535.55,538.24,793.14,1097,3669.34,4610.5,7380.44,1455.11,1043.58,2223.42,368.05,410.3,446.11
66,7.82,7.81,7.8,7.79,7.78,7.77,7.76,7.75,7.74,7.73,7.83,7.84,7.85,7.86,7.87,7.88,7.89,7.9,7.91,7.92,616.07,5041.01,12846.68,1109.95,3212.96,2855.43,625.85,1313.56,506,405.78,1823.43,3469.22,4074.15,5285.32,3243.41,1117.37,2051.04,368.05,410.3,446.11
67,7.82,7.81,7.8,7.79,7.78,7.77,7.76,7.75,7.74,7.73,7.83,7.84,7.85,7.86,7.87,7.88,7.89,7.9,7.91,7.92,511.75,4503.8,13314.84,1109.95,3212.96,2855.43,625.85,1152.56,377.04,405.78,1668.64,3998.26,3394.86,4879.13,3036.75,934.74,2051.04,365.1,410.3,446.11
68,7.83,7.82,7.81,7.8,7.79,7.78,7.77,7.76,7.75,7.74,7.84,7.85,7.86,7.87,7.88,7.89,7.9,7.91,7.92,7.93,651.05,2630.31,3675.63,12193.73,688.58,3178.78,2364.7,542.49,1281.36,828.4,2576.2,5298.42,4717.03,3036.75,1037.38,2432.63,365.1,410.3,446.11,366.83
69,7.83,7.82,7.81,7.8,7.79,7.78,7.77,7.76,7.75,7.74,7.84,7.85,7.86,7.87,7.88,7.89,7.9,7.91,7.92,7.93,253.71,1645.95,5907.82,9094.06,4399.26,3178.78,2749.49,542.49,1281.36,828.4,3880.38,3205.14,2628.35,5594.97,3018.13,2607.62,368.05,410.3,446.11,366.83
70,7.82,7.81,7.8,7.79,7.78,7.77,7.76,7.75,7.74,7.73,7.83,7.84,7.85,7.86,7.87,7.88,7.89,7.9,7.91,7.92,897.55,5366.31,12460.82,1315.31,3293.77,2856.63,542.49,1281.36,828.4,779.99,303.61,6771.64,3897.6,2168.56,944.9,3018.13,2226.02,368.05,410.3,446.11
71,7.83,7.82,7.81,7.8,7.79,7.78,7.77,7.76,7.75,7.74,7.84,7.85,7.86,7.87,7.88,7.89,7.9,7.91,7.92,7.93,183.37,1846.33,5727.84,12332.01,710.97,3178.78,2749.47,542.49,1635.56,377.04,4878.08,5446.65,3701.69,1372.67,3018.13,2611.83,368.05,410.3,446.11,366.83
72,7.82,7.81,7.8,7.79,7.78,7.77,7.76,7.75,7.74,7.73,7.83,7.84,7.85,7.86,7.87,7.88,7.89,7.9,7.91,7.92,1798.12,4252.41,11339.51,3221.56,3301.88,2749.47,542.49,1571.16,538.24,405.78,54.58,6131.5,3254.78,3226.52,944.9,3018.13,2607.63,368.05,410.3,446.11
73,7.83,7.82,7.81,7.8,7.79,7.78,7.77,7.76,7.75,7.74,7.84,7.85,7.86,7.87,7.88,7.89,7.9,7.91,7.92,7.93,641.85,2531.41,2785.53,11032.21,2788.11,3178.78,2364.7,542.49,2150.76,473.76,2129.67,6488.92,1046.78,3111.68,3023.2,2607.63,368.05,410.3,446.11,366.83
74,7.83,7.82,7.81,7.8,7.79,7.78,7.77,7.76,7.75,7.74,7.84,7.85,7.86,7.87,7.88,7.89,7.9,7.91,7.92,7.93,828.49,3367.11,6911.78,8547.24,622.74,3178.78,2364.7,542.49,1152.56,377.04,974.89,4985.89,3550.49,3466.97,3023.2,2607.63,368.05,410.3,446.11,366.83
75,7.83,7.82,7.81,7.8,7.79,7.78,7.77,7.76,7.75,7.74,7.84,7.85,7.86,7.87,7.88,7.89,7.9,7.91,7.92,7.93,654.82,3188.72,7707.72,7573.26,2766.73,1036.83,2405.51,542.49,1152.56,377.04,2467.99,4959.27,5608.93,3420.54,863.95,2606.98,368.05,410.3,446.11,528.53
76,7.82,7.81,7.8,7.79,7.78,7.77,7.76,7.75,7.74,7.73,7.83,7.84,7.85,7.86,7.87,7.88,7.89,7.9,7.91,7.92,895.13,3274.97,13633.54,3171.82,1155.73,2878.01,542.49,1635.56,473.76,2326.44,1141.76,4847.43,4270.17,3346.07,3138.87,1034.2,2123.23,368.05,410.3,446.11
77,7.82,7.81,7.8,7.79,7.78,7.77,7.76,7.75,7.74,7.73,7.83,7.84,7.85,7.86,7.87,7.88,7.89,7.9,7.91,7.92,975.47,3509.16,13532.2,3238.19,1155.73,2881.01,542.49,1152.56,377.04,2059.97,1050.17,4842.85,6258.08,3321.78,933.59,2639.62,483.75,368.05,410.3,603.01
78,7.83,7.82,7.81,7.8,7.79,7.78,7.77,7.76,7.75,7.74,7.84,7.85,7.86,7.87,7.88,7.89,7.9,7.91,7.92,7.93,564.9,2753.99,2896.04,11794.41,4883.95,1037.74,2394.01,542.49,1411.22,700.57,2072.1,7409.48,3518.02,3332.1,1034.2,2470.81,368.05,410.3,603.01,366.83
79,7.83,7.82,7.81,7.8,7.79,7.78,7.77,7.76,7.75,7.74,7.84,7.85,7.86,7.87,7.88,7.89,7.9,7.91,7.92,7.93,855.16,4171.98,2219.96,11472.34,4818.76,933.74,2394.01,542.49,1153.62,378.17,598.99,7339.52,1919.75,5481.12,859.75,2642.97,368.05,410.3,603.01,366.83
80,7.83,7.82,7.81,7.8,7.79,7.78,7.77,7.76,7.75,7.74,7.84,7.85,7.86,7.87,7.88,7.89,7.9,7.91,7.92,7.93,918.13,3710.24,2528.17,11066.72,4764.87,933.68,2394.01,542.49,1218.02,378.17,637.1,3443.72,6079.29,3491.64,2948.63,1140.67,1973.47,410.3,603.01,366.83
81,7.83,7.82,7.81,7.8,7.79,7.78,7.77,7.76,7.75,7.74,7.84,7.85,7.86,7.87,7.88,7.89,7.9,7.91,7.92,7.93,572.46,2823.86,3938.1,12076.7,2675.83,1042.33,2394.01,542.49,1733.22,378.17,2313.41,5142.85,3565.54,3487.45,2948.63,1037.55,1973.47,410.3,603.01,366.83
82,7.83,7.82,7.81,7.8,7.79,7.78,7.77,7.76,7.75,7.74,7.84,7.85,7.86,7.87,7.88,7.89,7.9,7.91,7.92,7.93,552.35,2799.94,4994.91,11370.9,2675.83,1042.33,2394.01,542.49,1153.62,378.17,1866.51,5558.34,3642.32,3410.72,2948.63,1037.55,1973.47,410.3,603.01,366.83
83,7.83,7.82,7.81,7.8,7.79,7.78,7.77,7.76,7.75,7.74,7.84,7.85,7.86,7.87,7.88,7.89,7.9,7.91,7.92,7.93,517.61,2844.01,5032.93,11370.9,2675.83,1042.33,2394.01,542.49,1153.62,378.17,2881.93,4878.65,3642.28,3410.72,2948.63,1037.55,1973.47,410.3,603.01,366.83
84,7.83,7.82,7.81,7.8,7.79,7.78,7.77,7.76,7.75,7.74,7.84,7.85,7.86,7.87,7.88,7.89,7.9,7.91,7.92,7.93,717.07,3116.16,4083.06,12712.62,2747.35,1042.33,2394.01,542.49,1411.22,861.77,1792.34,4296.75,6533.63,1360.71,2948.63,1036.37,1973.47,410.3,603.01,366.83
85,7.83,7.82,7.81,7.8,7.79,7.78,7.77,7.76,7.75,7.74,7.84,7.85,7.86,7.87,7.88,7.89,7.9,7.91,7.92,7.93,902.5,3673.3,4512.34,11633.56,2675.83,1042.33,2394.01,542.49,1411.22,700.57,1065.41,6131.05,4925.49,1424.84,2948.63,1036.37,1973.47,410.3,603.01,366.83
86,7.83,7.82,7.81,7.8,7.79,7.78,7.77,7.76,7.75,7.74,7.84,7.85,7.86,7.87,7.88,7.89,7.9,7.91,7.92,7.93,900.9,4949.5,4653.82,10133.72,2672.49,1033.81,2397.41,606.81,1601.01,378.17,279.37,3668.24,5527.49,3680.54,2948.63,1136.81,2354.6,410.3,521.33,366.83
87,7.83,7.82,7.81,7.8,7.79,7.78,7.77,7.76,7.75,7.74,7.84,7.85,7.86,7.87,7.88,7.89,7.9,7.91,7.92,7.93,1674.66,4824.86,6407.73,8564.61,2672.49,1033.81,2397.41,542.49,1150.21,378.17,207.5,4467.77,4848.59,3680.33,2948.63,1136.81,2354.57,410.3,521.33,366.83
88,7.84,7.83,7.82,7.81,7.8,7.79,7.78,7.77,7.76,7.75,7.85,7.86,7.87,7.88,7.89,7.9,7.91,7.92,7.93,7.94,486.88,3114.57,4114.28,6235.52,8405.27,2555.95,549.38,2570.22,946.91,1150.21,2986,4329.94,5730.51,2948.63,1136.81,2503.01,410.3,521.33,366.83,519.13
89,7.84,7.83,7.82,7.81,7.8,7.79,7.78,7.77,7.76,7.75,7.85,7.86,7.87,7.88,7.89,7.9,7.91,7.92,7.93,7.94,563.99,3507.02,4354.68,6211.58,8335.35,2558.18,549.38,2567.99,368.03,1150.21,2351.13,5214.54,5251.84,2948.63,1136.81,2503.01,369.13,521.33,408,519.13
90,7.83,7.82,7.81,7.8,7.79,7.78,7.77,7.76,7.75,7.74,7.84,7.85,7.86,7.87,7.88,7.89,7.9,7.91,7.92,7.93,1474.64,4003.29,6774.11,8430.35,2661.63,1034.04,2567.99,689.63,1407.81,391.06,425.47,5165.89,4354.17,3585.74,2948.63,1136.81,1973.47,369.13,521.33,408
91,7.83,7.82,7.81,7.8,7.79,7.78,7.77,7.76,7.75,7.74,7.84,7.85,7.86,7.87,7.88,7.89,7.9,7.91,7.92,7.93,906.99,4563.68,6709.22,8495.39,2661.63,1034.04,2567.99,368.03,1150.21,378.17,709.36,5116.18,4344.69,3573.12,2948.63,1136.81,1973.47,369.13,521.33,408
92,7.83,7.82,7.81,7.8,7.79,7.78,7.77,7.76,7.75,7.74,7.84,7.85,7.86,7.87,7.88,7.89,7.9,7.91,7.92,7.93,523.55,3358.85,7175.81,8495.39,2661.63,1034.04,2567.99,368.03,1150.21,378.17,2239.86,5221.55,3902.36,3573.12,2948.63,1036.37,1973.47,369.13,521.33,408
93,7.82,7.81,7.8,7.79,7.78,7.77,7.76,7.75,7.74,7.73,7.83,7.84,7.85,7.86,7.87,7.88,7.89,7.9,7.91,7.92,861.18,7490.11,10640.19,3092.86,1136.43,2882.68,542.11,1665.41,442.65,2505.67,1073.64,3929.92,7935.65,1844.67,996.98,3036.19,463.99,1973.47,410.3,603.01
94,7.82,7.81,7.8,7.79,7.78,7.77,7.76,7.75,7.74,7.73,7.83,7.84,7.85,7.86,7.87,7.88,7.89,7.9,7.91,7.92,626.14,5130.9,12569.09,3158.05,1136.43,2879.28,542.11,1150.21,378.17,1976.28,2097.4,3991.9,7892.19,1909.28,933.59,3020.99,378.3,1973.47,410.3,603.01
95,7.82,7.81,7.8,7.79,7.78,7.77,7.76,7.75,7.74,7.73,7.83,7.84,7.85,7.86,7.87,7.88,7.89,7.9,7.91,7.92,881.39,6043.94,11848.54,3229.57,1136.43,2879.28,542.11,1153.62,378.17,1976.28,1317.79,3630.07,7137.56,1909.28,933.59,3020.99,378.3,1973.47,410.3,603.01
96,7.82,7.81,7.8,7.79,7.78,7.77,7.76,7.75,7.74,7.73,7.83,7.84,7.85,7.86,7.87,7.88,7.89,7.9,7.91,7.92,875.4,5439.09,11848.54,3229.57,1136.43,2878.97,542.11,1153.62,378.17,1976.28,1078.96,3728.43,7415.33,1909.28,933.59,3125.99,378.3,1973.47,410.3,603.01
97,7.82,7.81,7.8,7.79,7.78,7.77,7.76,7.75,7.74,7.73,7.83,7.84,7.85,7.86,7.87,7.88,7.89,7.9,7.91,7.92,854.65,5732.94,11915.05,3229.57,1136.43,2878.97,542.11,1153.62,378.17,1976.28,931.86,3910.65,7521.97,1909.28,933.59,3125.99,378.3,1973.47,410.3,603.01
98,7.83,7.82,7.81,7.8,7.79,7.78,7.77,7.76,7.75,7.74,7.84,7.85,7.86,7.87,7.88,7.89,7.9,7.91,7.92,7.93,684.18,2902.38,5169.08,11982.86,2796.11,1034.04,2394.01,542.11,1733.22,378.17,4098.18,4494.36,5046.41,933.59,3125.99,893.8,1973.47,410.3,603.01,366.83
99,7.83,7.82,7.81,7.8,7.79,7.78,7.77,7.76,7.75,7.74,7.84,7.85,7.86,7.87,7.88,7.89,7.9,7.91,7.92,7.93,684.18,3129.51,4347.11,11964.64,2730.92,1034.04,2394.01,542.11,1153.62,378.17,3419.26,4517.75,5132.66,1276.53,2950.99,1067.3,1973.47,410.3,603.01,366.83
100,7.83,7.82,7.81,7.8,7.79,7.78,7.77,7.76,7.75,7.74,7.84,7.85,7.86,7.87,7.88,7.89,7.9,7.91,7.92,7.93,80.15,2060.58,4846.87,8322.04,552.42,1155.87,1147.56,542.11,1729.81,378.17,5492.82,1994.18,1322.58,1340.66,862.11,933.39,368.05,410.3,446.11,366.83
101,7.82,7.81,7.8,7.79,7.78,7.77,7.76,7.75,7.74,7.73,7.83,7.84,7.85,7.86,7.87,7.88,7.89,7.9,7.91,7.92,2357.07,3690.05,13564.83,3099.77,1155.87,2782.17,542.11,1150.21,958.49,1989.19,3.4,5982.77,4438.89,3470.07,3094.72,862.11,2538.85,368.05,410.3,446.11
102,7.83,7.82,7.81,7.8,7.79,7.78,7.77,7.76,7.75,7.74,7.84,7.85,7.86,7.87,7.88,7.89,7.9,7.91,7.92,7.93,181.1,2928.22,4582.09,12593.29,2754.74,1034.04,2782.17,542.11,1150.21,958.49,4998,5112.61,5132.49,3287.93,862.11,2642.62,368.05,410.3,446.11,523.73
103,7.83,7.82,7.81,7.8,7.79,7.78,7.77,7.76,7.75,7.74,7.84,7.85,7.86,7.87,7.88,7.89,7.9,7.91,7.92,7.93,606.29,3115.38,4397.08,12593.59,2754.74,1034.04,2397.41,542.11,1150.21,378.17,4036.47,5499.35,5440.65,3287.93,862.11,2642.62,368.05,410.3,446.11,523.73
104,7.83,7.82,7.81,7.8,7.79,7.78,7.77,7.76,7.75,7.74,7.84,7.85,7.86,7.87,7.88,7.89,7.9,7.91,7.92,7.93,612.99,3308.65,5842.46,11216.24,2754.74,1034.04,2397.41,542.11,1729.81,378.17,4056.36,4970.45,5661.95,3287.93,862.11,2642.62,368.05,410.3,446.11,523.73
105,7.83,7.82,7.81,7.8,7.79,7.78,7.77,7.76,7.75,7.74,7.84,7.85,7.86,7.87,7.88,7.89,7.9,7.91,7.92,7.93,748.66,4114.57,4862.63,11178.95,2659.4,1034.04,2397.41,542.11,1150.21,378.17,1841.96,5412.62,5690.03,3287.93,862.11,2642.62,368.05,410.3,446.11,523.73
106,7.83,7.82,7.81,7.8,7.79,7.78,7.77,7.76,7.75,7.74,7.84,7.85,7.86,7.87,7.88,7.89,7.9,7.91,7.92,7.93,908,4040.5,4862.62,11178.95,2659.4,1034.04,2397.41,542.11,1697.61,378.17,2439.5,5133.82,5625.9,3352.06,862.11,2642.62,368.05,410.3,446.11,523.73
107,7.83,7.82,7.81,7.8,7.79,7.78,7.77,7.76,7.75,7.74,7.84,7.85,7.86,7.87,7.88,7.89,7.9,7.91,7.92,7.93,598.59,2937.93,5182.55,11300.25,2659.4,1034.04,2397.41,542.11,1150.21,378.17,3806.41,4762.52,5571.06,3337.06,862.11,2642.62,368.05,410.3,446.11,523.73
108,7.83,7.82,7.81,7.8,7.79,7.78,7.77,7.76,7.75,7.74,7.84,7.85,7.86,7.87,7.88,7.89,7.9,7.91,7.92,7.93,1593.47,3825.2,4846.69,11233.7,2659.4,933.65,2397.41,542.11,1150.21,378.17,47.88,5110.94,6239.9,3432.2,862.11,2757.79,749.16,410.3,446.11,523.73
109,7.84,7.83,7.82,7.81,7.8,7.79,7.78,7.77,7.76,7.75,7.85,7.86,7.87,7.88,7.89,7.9,7.91,7.92,7.93,7.94,613.59,4198.45,6881.52,4060.68,7111.58,2686.9,549.38,2569.49,946.91,1150.21,3677.38,3914.67,5077.09,3235.24,1025.43,2468.78,410.3,364.43,523.73,519.13
110,7.83,7.82,7.81,7.8,7.79,7.78,7.77,7.76,7.75,7.74,7.84,7.85,7.86,7.87,7.88,7.89,7.9,7.91,7.92,7.93,1036.98,5341.87,7468.54,7205.86,2790.7,933.79,2569.49,368.03,1150.21,461.75,586.61,4770.84,4741.67,3933.08,2950.99,1025.43,1973.47,410.3,364.43,523.73
111,7.83,7.82,7.81,7.8,7.79,7.78,7.77,7.76,7.75,7.74,7.84,7.85,7.86,7.87,7.88,7.89,7.9,7.91,7.92,7.93,859.88,5018.31,6526.92,8653.08,2790.7,1035.06,2569.49,368.03,1150.21,461.75,803.86,4758.01,4737.53,3653.48,2950.99,1025.43,1973.47,410.3,364.43,523.73
112,7.84,7.83,7.82,7.81,7.8,7.79,7.78,7.77,7.76,7.75,7.85,7.86,7.87,7.88,7.89,7.9,7.91,7.92,7.93,7.94,349.48,2861.44,3732.97,6070.56,8493.76,2686.9,549.38,2569.49,528.83,1150.21,2978.33,5174.85,5166.25,3257.08,1025.43,2456.08,410.3,364.43,523.73,519.13
113,7.84,7.83,7.82,7.81,7.8,7.79,7.78,7.77,7.76,7.75,7.85,7.86,7.87,7.88,7.89,7.9,7.91,7.92,7.93,7.94,685.31,3730.74,3489.11,5598.93,8157.67,2686.9,549.38,2569.49,368.03,1150.21,1295.74,5469.46,5102.86,3320.47,851.93,2630.24,369.13,364.43,564.9,519.13
114,7.85,7.84,7.83,7.82,7.81,7.8,7.79,7.78,7.77,7.76,7.86,7.87,7.88,7.89,7.9,7.91,7.92,7.93,7.94,7.95,611.24,2503.34,5397.66,5507.21,2699.36,6902.19,2202.11,557.5,3056.53,368.03,4027.91,4224.68,5609.03,3434.63,1145.84,2458.65,364.43,564.25,519.13,367.75
115,7.85,7.84,7.83,7.82,7.81,7.8,7.79,7.78,7.77,7.76,7.86,7.87,7.88,7.89,7.9,7.91,7.92,7.93,7.94,7.95,1677.72,3285.1,3532.52,5488.4,2564.99,7046.04,2199.88,643.5,2298.97,368.03,91.41,4698.47,3879.43,5474.3,872.74,2645.04,747.55,407.35,437.66,367.75
116,7.85,7.84,7.83,7.82,7.81,7.8,7.79,7.78,7.77,7.76,7.86,7.87,7.88,7.89,7.9,7.91,7.92,7.93,7.94,7.95,854.17,4137.63,3553.39,4680.36,4651.18,4961.63,2199.88,768.39,2748.51,496.67,454.44,4224.17,6273.17,3626.83,2961.62,1039.62,1972.8,366.18,437.66,408.92
117,7.85,7.84,7.83,7.82,7.81,7.8,7.79,7.78,7.77,7.76,7.86,7.87,7.88,7.89,7.9,7.91,7.92,7.93,7.94,7.95,750.64,3830.13,3924.34,6249.47,3148.51,5073.69,2199.88,736.32,2620.07,368.03,778.56,4953.7,5331,3626.83,2961.62,932.59,1972.8,366.18,437.66,408.92
118,7.85,7.84,7.83,7.82,7.81,7.8,7.79,7.78,7.77,7.76,7.86,7.87,7.88,7.89,7.9,7.91,7.92,7.93,7.94,7.95,1386.06,4333.19,4632.45,5170.41,5189.05,5061.89,92.9,640.11,2298.97,368.03,447.69,4649.44,5724.26,3674.88,2961.62,1047.94,1972.8,366.18,437.66,408.92
119,7.86,7.85,7.84,7.83,7.82,7.81,7.8,7.79,7.78,7.77,7.87,7.88,7.89,7.9,7.91,7.92,7.93,7.94,7.95,7.96,601.73,2578.26,3708.34,3648.18,6154.94,5088.22,4578.32,92.9,640.11,2298.97,2955.13,5152.47,5834.73,2961.62,1045.55,2458.17,366.18,437.66,408.92,1188.99
120,7.86,7.85,7.84,7.83,7.82,7.81,7.8,7.79,7.78,7.77,7.87,7.88,7.89,7.9,7.91,7.92,7.93,7.94,7.95,7.96,833.88,5448.93,2556.59,3312.57,4813.29,5084.11,4577.67,268.21,594.51,2298.97,548.35,5747.31,3606.62,5205.24,871.92,2631.68,366.18,437.66,408.92,1107.72
121,7.87,7.86,7.85,7.84,7.83,7.82,7.81,7.8,7.79,7.78,7.88,7.89,7.9,7.91,7.92,7.93,7.94,7.95,7.96,7.97,556.53,2376.49,5784.94,3304.28,3668.94,3539.37,2637.81,4668.43,92.9,466.23,3745.4,4309.38,3564.63,3478.98,2913.45,1028.82,2046.03,412.23,1107.72,374.35
122,7.87,7.86,7.85,7.84,7.83,7.82,7.81,7.8,7.79,7.78,7.88,7.89,7.9,7.91,7.92,7.93,7.94,7.95,7.96,7.97,545.75,2589.56,5195.92,3983.63,3620.54,3542.75,2637.81,4665.05,669.44,466.23,3700.08,4453.07,5566.26,1334.02,2912.58,1030.88,2046.03,412.23,1107.72,374.35
123,7.86,7.85,7.84,7.83,7.82,7.81,7.8,7.79,7.78,7.77,7.87,7.88,7.89,7.9,7.91,7.92,7.93,7.94,7.95,7.96,869.19,5933.55,5524.06,2636.84,3437.81,3120.84,6299.66,669.44,466.23,1325.6,489.73,4197.67,6149.34,3493.87,966.88,2912.58,544.42,2046.03,412.23,1107.72
124,7.86,7.85,7.84,7.83,7.82,7.81,7.8,7.79,7.78,7.77,7.87,7.88,7.89,7.9,7.91,7.92,7.93,7.94,7.95,7.96,377.58,3961.5,6657.71,4838.9,1345.39,3123.06,6686.34,92.9,466.23,664.36,2175.29,4867.24,4919.08,3243.44,915.62,2986.46,370.82,2046.03,412.23,1107.72
125,7.86,7.85,7.84,7.83,7.82,7.81,7.8,7.79,7.78,7.77,7.87,7.88,7.89,7.9,7.91,7.92,7.93,7.94,7.95,7.96,543.16,3961.5,6659.65,4838.9,1345.39,3123.06,6303.04,92.9,466.23,664.36,2354.17,4765.16,5239.12,3243.44,915.62,2986.46,370.82,2046.03,412.23,1107.72
126,7.86,7.85,7.84,7.83,7.82,7.81,7.8,7.79,7.78,7.77,7.87,7.88,7.89,7.9,7.91,7.92,7.93,7.94,7.95,7.96,694.94,4074.22,6264.19,4755.96,1345.39,3123.06,6303.04,92.9,466.23,664.36,1458.26,4329.15,5494.67,3211.43,915.62,2986.46,370.82,2046.03,412.23,1107.72
127,7.86,7.85,7.84,7.83,7.82,7.81,7.8,7.79,7.78,7.77,7.87,7.88,7.89,7.9,7.91,7.92,7.93,7.94,7.95,7.96,694.94,5042.7,7782,3186.85,1345.39,3123.06,6303.04,92.9,466.23,664.36,1481.84,4855.35,4727.63,3243.44,915.62,2986.46,370.82,2046.03,412.23,1107.72
128,7.86,7.85,7.84,7.83,7.82,7.81,7.8,7.79,7.78,7.77,7.87,7.88,7.89,7.9,7.91,7.92,7.93,7.94,7.95,7.96,634.08,3652.92,8056.45,3186.85,1345.39,3123.06,6303.04,92.9,466.23,664.36,2140.26,4874.44,3983.88,3243.44,915.62,2986.46,370.82,2046.03,412.23,1107.72
129,7.86,7.85,7.84,7.83,7.82,7.81,7.8,7.79,7.78,7.77,7.87,7.88,7.89,7.9,7.91,7.92,7.93,7.94,7.95,7.96,961.54,4407.97,5756.5,4755.96,1345.39,3022.85,6303.04,92.9,466.23,664.36,362.75,4543.64,5032.26,3337.62,915.62,3100.34,370.82,2046.03,412.23,1107.72
130,7.86,7.85,7.84,7.83,7.82,7.81,7.8,7.79,7.78,7.77,7.87,7.88,7.89,7.9,7.91,7.92,7.93,7.94,7.95,7.96,578.18,3956.3,7529.42,3187.77,1357.67,3127.4,6303.04,92.9,1043.49,664.36,2594.16,4893.31,6116.9,1182.36,915.62,2986.46,370.82,2046.03,412.23,1107.72
131,7.85,7.84,7.83,7.82,7.81,7.8,7.79,7.78,7.77,7.76,7.86,7.87,7.88,7.89,7.9,7.91,7.92,7.93,7.94,7.95,1043.92,6033.52,6954.57,2967.88,3232.27,6686.36,92.9,979.35,728.58,882.59,475.82,5191.31,3342.68,5441.45,891.47,862.8,2630.41,370.82,2043.08,412.23
132,7.85,7.84,7.83,7.82,7.81,7.8,7.79,7.78,7.77,7.76,7.86,7.87,7.88,7.89,7.9,7.91,7.92,7.93,7.94,7.95,875.72,5779.13,6839.33,2841.12,3230.05,6691.9,268.56,982.74,728.58,850.43,1035.07,5930.37,4255.81,5443.16,872.15,867.44,541.53,407.35,2043.08,453.08
133,7.85,7.84,7.83,7.82,7.81,7.8,7.79,7.78,7.77,7.76,7.86,7.87,7.88,7.89,7.9,7.91,7.92,7.93,7.94,7.95,1845.8,5344.25,6839.33,2841.12,3230.05,6592.22,268.56,469.62,664.36,368.03,59.65,5006.31,5305.84,5506.55,872.15,867.44,921.68,407.35,2043.08,453.08
134,7.86,7.85,7.84,7.83,7.82,7.81,7.8,7.79,7.78,7.77,7.87,7.88,7.89,7.9,7.91,7.92,7.93,7.94,7.95,7.96,308.97,2795.52,5498.08,6932.81,2388.22,3125.18,6592.2,268.56,1046.88,664.36,3775.74,4865.8,5917.64,3219.96,867.44,1064.15,407.35,2043.08,453.08,1107.72
135,7.86,7.85,7.84,7.83,7.82,7.81,7.8,7.79,7.78,7.77,7.87,7.88,7.89,7.9,7.91,7.92,7.93,7.94,7.95,7.96,282.5,2212.29,5685.32,6918.27,2402.6,3125.18,6592.22,268.56,469.62,664.36,4083.1,5226.79,5599.64,3219.96,867.44,1064.15,407.35,2043.08,453.08,1107.72
136,7.85,7.84,7.83,7.82,7.81,7.8,7.79,7.78,7.77,7.76,7.86,7.87,7.88,7.89,7.9,7.91,7.92,7.93,7.94,7.95,842.11,5271.87,6871.63,3006.08,3228.2,6701.62,268.56,469.62,1242.34,368.03,567.32,4383.44,6756.12,3629.48,2961.03,754.48,541.53,407.35,2043.08,453.08
137,7.85,7.84,7.83,7.82,7.81,7.8,7.79,7.78,7.77,7.76,7.86,7.87,7.88,7.89,7.9,7.91,7.92,7.93,7.94,7.95,1084.82,6126.35,6841.25,3038.44,3228.2,6701.62,268.56,469.62,664.36,368.03,211.65,4306.1,6650.72,3416.52,2961.03,754.48,921.69,407.35,2043.08,453.08
138,7.86,7.85,7.84,7.83,7.82,7.81,7.8,7.79,7.78,7.77,7.87,7.88,7.89,7.9,7.91,7.92,7.93,7.94,7.95,7.96,692.35,3369.17,4617.86,7017.74,2457.96,3125.18,6208.9,268.56,597.9,1113.9,2663.93,5757.12,5042.73,3221.32,872.01,1021.34,407.35,2043.08,453.08,1107.72
139,7.86,7.85,7.84,7.83,7.82,7.81,7.8,7.79,7.78,7.77,7.87,7.88,7.89,7.9,7.91,7.92,7.93,7.94,7.95,7.96,692.35,3670.32,4085.83,7048.12,2425.59,3125.18,6208.9,268.56,469.62,664.36,1761.88,5532.57,5074.74,3221.32,872.01,1021.34,407.35,2043.08,453.08,1107.72
140,7.86,7.85,7.84,7.83,7.82,7.81,7.8,7.79,7.78,7.77,7.87,7.88,7.89,7.9,7.91,7.92,7.93,7.94,7.95,7.96,692.35,3632.2,4083.56,7117.71,2355.85,3125.18,6208.9,268.56,469.62,664.36,1636.53,5286.95,5434.42,3221.32,872.01,1021.34,407.35,2043.08,453.08,1107.72
141,7.86,7.85,7.84,7.83,7.82,7.81,7.8,7.79,7.78,7.77,7.87,7.88,7.89,7.9,7.91,7.92,7.93,7.94,7.95,7.96,692.35,5286.23,5528.22,3631.73,2355.85,3125.18,6208.9,268.56,469.62,664.36,1666.1,5286.91,5434.42,3221.32,872.01,1021.34,407.35,2043.08,453.08,1107.72
142,7.86,7.85,7.84,7.83,7.82,7.81,7.8,7.79,7.78,7.77,7.87,7.88,7.89,7.9,7.91,7.92,7.93,7.94,7.95,7.96,1296.47,4790.9,5342.81,3631.73,2355.85,3125.18,6208.9,268.56,469.62,664.36,786.84,5781.55,5475.1,3221.32,872.01,1021.34,407.35,2043.08,371.71,1107.72
143,7.86,7.85,7.84,7.83,7.82,7.81,7.8,7.79,7.78,7.77,7.87,7.88,7.89,7.9,7.91,7.92,7.93,7.94,7.95,7.96,611.21,4714.51,6813.85,3631.73,2355.85,3125.18,6208.9,268.56,469.62,664.36,2451.9,5155.25,5567.36,3221.32,872.01,1021.34,407.35,2043.08,371.71,1107.72
144,7.86,7.85,7.84,7.83,7.82,7.81,7.8,7.79,7.78,7.77,7.87,7.88,7.89,7.9,7.91,7.92,7.93,7.94,7.95,7.96,613.89,3521.14,7334.51,3631.73,2355.85,3125.18,6208.9,268.56,469.62,664.36,4048.48,4067.42,5167.36,3221.32,872.01,1021.34,407.35,2043.08,371.71,1107.72
145,7.86,7.85,7.84,7.83,7.82,7.81,7.8,7.79,7.78,7.77,7.87,7.88,7.89,7.9,7.91,7.92,7.93,7.94,7.95,7.96,1679.46,3885.42,7131.46,3631.73,2355.85,3125.18,6208.9,268.56,469.62,664.36,387.31,4838.92,6083.32,3316.91,872.01,1021.34,787.03,2043.08,371.71,1107.72
146,7.86,7.85,7.84,7.83,7.82,7.81,7.8,7.79,7.78,7.77,7.87,7.88,7.89,7.9,7.91,7.92,7.93,7.94,7.95,7.96,1299.87,4236.32,5562.35,5200.84,2355.85,3120.33,6208.9,268.56,469.62,664.36,715.59,5751.48,3364.16,5465.93,872.01,1021.34,407.35,2043.08,371.71,1107.72
147,7.87,7.86,7.85,7.84,7.83,7.82,7.81,7.8,7.79,7.78,7.88,7.89,7.9,7.91,7.92,7.93,7.94,7.95,7.96,7.97,556.27,2576.14,4149.03,5475.74,4777.69,2323.18,2637.81,6125.96,268.56,1046.88,4613.87,4565.78,4984.73,3301.93,1142.51,886.62,2043.08,371.06,1107.72,455.52
148,7.86,7.85,7.84,7.83,7.82,7.81,7.8,7.79,7.78,7.77,7.87,7.88,7.89,7.9,7.91,7.92,7.93,7.94,7.95,7.96,1531.46,4328.89,6955.41,3176.33,2434.07,3020.61,6125.96,716.98,597.9,1113.9,461.23,4815.83,5238.18,3976.68,2960.89,1021.34,407.35,2043.08,452.43,1107.72
149,7.86,7.85,7.84,7.83,7.82,7.81,7.8,7.79,7.78,7.77,7.87,7.88,7.89,7.9,7.91,7.92,7.93,7.94,7.95,7.96,646.74,3799.26,6567.95,3650.19,2434.07,3121.41,6125.96,268.56,469.62,664.36,1758.82,4983.37,4906.57,3850.44,2960.89,1021.34,407.35,2043.08,452.43,1107.72
150,7.86,7.85,7.84,7.83,7.82,7.81,7.8,7.79,7.78,7.77,7.87,7.88,7.89,7.9,7.91,7.92,7.93,7.94,7.95,7.96,839.29,3900.12,6494.81,3650.19,2434.07,3121.41,6125.96,268.56,469.62,664.36,721.44,5219.79,4941.25,3348.43,2960.89,1021.34,407.35,2043.08,452.43,1107.72
151,7.87,7.86,7.85,7.84,7.83,7.82,7.81,7.8,7.79,7.78,7.88,7.89,7.9,7.91,7.92,7.93,7.94,7.95,7.96,7.97,628.94,4134.37,2801.04,7483.63,3161.78,1165.87,2637.81,6299.7,95.13,469.62,1541.29,5431.64,5021.78,3297,949.04,1059.04,2043.08,452.43,1107.72,374.35
152,7.87,7.86,7.85,7.84,7.83,7.82,7.81,7.8,7.79,7.78,7.88,7.89,7.9,7.91,7.92,7.93,7.94,7.95,7.96,7.97,588.43,3754.63,8044.5,4672.01,1040.44,953.48,2501.6,6299.7,95.13,469.62,2750.32,4542.19,5542.59,3297,949.04,1059.04,2043.08,452.43,1107.72,374.35
153,7.87,7.86,7.85,7.84,7.83,7.82,7.81,7.8,7.79,7.78,7.88,7.89,7.9,7.91,7.92,7.93,7.94,7.95,7.96,7.97,673.67,4243.57,7367.82,3566.05,3076.27,953.48,394.62,6299.7,331.95,469.62,1725.57,5025.3,5542.48,1227.42,3037.92,1074.31,2043.08,452.43,1107.72,374.35
154,7.87,7.86,7.85,7.84,7.83,7.82,7.81,7.8,7.79,7.78,7.88,7.89,7.9,7.91,7.92,7.93,7.94,7.95,7.96,7.97,592.6,5042.97,7675.91,2570.82,3076.27,953.48,394.62,6211.7,75.71,469.62,2077.98,4751.12,5894.89,1227.42,3037.92,988.58,2043.08,452.43,1107.72,374.35
155,7.87,7.86,7.85,7.84,7.83,7.82,7.81,7.8,7.79,7.78,7.88,7.89,7.9,7.91,7.92,7.93,7.94,7.95,7.96,7.97,549.47,4069.21,8442.36,2570.82,3076.27,953.48,394.62,6211.7,75.71,469.62,2030.99,5386.55,5494.89,1227.42,3037.92,973.42,2043.08,452.43,1107.72,374.35
156,7.86,7.85,7.84,7.83,7.82,7.81,7.8,7.79,7.78,7.77,7.87,7.88,7.89,7.9,7.91,7.92,7.93,7.94,7.95,7.96,2105.46,8896.11,3771.58,3482.76,1053.57,777.49,6119.46,460.07,597.9,1049.68,69.57,2716.05,4765.71,5798.59,944.13,3050.8,873.92,2043.08,452.43,1107.72
157,7.86,7.85,7.84,7.83,7.82,7.81,7.8,7.79,7.78,7.77,7.87,7.88,7.89,7.9,7.91,7.92,7.93,7.94,7.95,7.96,2093.16,4343.21,8480.75,3581.22,1053.57,777.49,6119.46,460.07,662.04,953.35,440.78,4501.92,5195.36,3350.87,944.13,2933.12,494.23,2043.08,452.43,1107.72
158,7.86,7.85,7.84,7.83,7.82,7.81,7.8,7.79,7.78,7.77,7.87,7.88,7.89,7.9,7.91,7.92,7.93,7.94,7.95,7.96,1877.04,5604.93,7348.59,3566.74,1059.36,877.34,6119.46,652.25,469.62,664.36,474.34,3159.45,6908.41,3205.8,944.13,3054.35,494.23,2043.08,452.43,1107.72
159,7.86,7.85,7.84,7.83,7.82,7.81,7.8,7.79,7.78,7.77,7.87,7.88,7.89,7.9,7.91,7.92,7.93,7.94,7.95,7.96,1523.33,6193.85,7348.59,3566.74,1059.36,877.34,6119.46,75.71,469.62,664.36,475.02,3394.78,6845.55,3205.8,944.13,3054.35,494.23,2043.08,452.43,1107.72
160,7.85,7.84,7.83,7.82,7.81,7.8,7.79,7.78,7.77,7.76,7.86,7.87,7.88,7.89,7.9,7.91,7.92,7.93,7.94,7.95,1239.09,4514.95,6090.39,2575.61,3249.5,6518.39,245.86,1043.49,664.36,950.31,1711.58,2325.27,4868.01,7245.37,894.4,754.48,452.23,488.93,2043.08,371.71
161,7.84,7.83,7.82,7.81,7.8,7.79,7.78,7.77,7.76,7.75,7.85,7.86,7.87,7.88,7.89,7.9,7.91,7.92,7.93,7.94,1309.99,2872.56,6617.63,5760.39,4989.76,640.22,2765.18,666.59,950.31,1150.21,931.87,2510.81,2442.41,3739.2,6676.01,754.08,521.74,364.43,447.76,2043.08
162,7.85,7.84,7.83,7.82,7.81,7.8,7.79,7.78,7.77,7.76,7.86,7.87,7.88,7.89,7.9,7.91,7.92,7.93,7.94,7.95,1390.53,4099.91,7523,3983.12,3283.88,4883.78,156.52,2668.97,762.92,753.95,2473.28,3158.79,3879.8,6676.01,869.83,902.37,364.43,447.76,2043.08,371.71
163,7.85,7.84,7.83,7.82,7.81,7.8,7.79,7.78,7.77,7.76,7.86,7.87,7.88,7.89,7.9,7.91,7.92,7.93,7.94,7.95,1570.92,3724.32,7589.4,3983.12,3283.88,4883.78,156.52,2187.92,666.59,368.03,651.6,4132.83,4395.1,6226.62,869.83,1022.59,364.43,447.76,2043.08,371.71
164,7.85,7.84,7.83,7.82,7.81,7.8,7.79,7.78,7.77,7.76,7.86,7.87,7.88,7.89,7.9,7.91,7.92,7.93,7.94,7.95,74.9,2971.69,8324.75,4015.49,3251.43,4883.78,540.35,2187.92,666.59,368.03,3125.57,3759.41,4562.55,6179.06,869.83,1022.59,364.43,447.76,2043.08,371.71
165,7.84,7.83,7.82,7.81,7.8,7.79,7.78,7.77,7.76,7.75,7.85,7.86,7.87,7.88,7.89,7.9,7.91,7.92,7.93,7.94,2109.29,3954.01,8801.76,3628.02,5054.76,457.31,2187.92,1167.28,528.83,1568.81,111,3129.36,4216.63,3215.44,6159.76,858.27,2507.83,364.43,447.76,437.66
166,7.85,7.84,7.83,7.82,7.81,7.8,7.79,7.78,7.77,7.76,7.86,7.87,7.88,7.89,7.9,7.91,7.92,7.93,7.94,7.95,623.13,2961.57,6025.11,6199.66,3284.57,4955.21,73.48,2187.92,1325.6,368.03,1913.21,5209.88,3570.76,6159.76,858.27,2611.53,364.43,447.76,437.66,371.71
167,7.85,7.84,7.83,7.82,7.81,7.8,7.79,7.78,7.77,7.76,7.86,7.87,7.88,7.89,7.9,7.91,7.92,7.93,7.94,7.95,1810.53,3670.2,5306.01,6199.66,3283.88,4853.94,156.52,2187.92,664.36,368.03,72.15,3905.69,4711.48,6206.46,858.27,2611.53,744.58,447.76,437.66,371.71
168,7.86,7.85,7.84,7.83,7.82,7.81,7.8,7.79,7.78,7.77,7.87,7.88,7.89,7.9,7.91,7.92,7.93,7.94,7.95,7.96,1305.46,2632.09,5020.12,4792.77,3735.99,3146.38,4556.38,156.52,2164.98,1178.12,1228.42,4801.11,5574,3324.98,1020.53,2540.26,366.18,437.66,453.08,1107.72
169,7.86,7.85,7.84,7.83,7.82,7.81,7.8,7.79,7.78,7.77,7.87,7.88,7.89,7.9,7.91,7.92,7.93,7.94,7.95,7.96,519.48,2732.97,2940.17,3682.39,7361.77,3247.29,4556.38,156.52,2100.84,666.59,2706.8,4941.42,5903.42,3278.02,1020.53,2437.84,366.18,437.66,453.08,1107.72
170,7.86,7.85,7.84,7.83,7.82,7.81,7.8,7.79,7.78,7.77,7.87,7.88,7.89,7.9,7.91,7.92,7.93,7.94,7.95,7.96,61.84,2563.93,3637.84,3815.15,7361.77,3247.29,4939.68,156.52,2678.1,666.59,3527.66,4699.43,6596.76,3278.02,1020.53,2437.84,366.18,437.66,453.08,1107.72
171,7.85,7.84,7.83,7.82,7.81,7.8,7.79,7.78,7.77,7.76,7.86,7.87,7.88,7.89,7.9,7.91,7.92,7.93,7.94,7.95,1523.07,5947.61,4807.56,4432.38,3247.29,4953.83,242.24,2100.84,1244.57,371.43,216.46,2842.71,6902.85,3891.39,2947.15,918.19,2437.95,447.76,437.66,371.71
172,7.85,7.84,7.83,7.82,7.81,7.8,7.79,7.78,7.77,7.76,7.86,7.87,7.88,7.89,7.9,7.91,7.92,7.93,7.94,7.95,1185.28,6114.6,4452.77,4432.38,3330.36,4953.83,242.24,2100.84,666.59,371.43,171.85,2461.39,7166.71,3878.88,2947.15,918.19,2437.79,447.76,437.66,371.71
173,7.85,7.84,7.83,7.82,7.81,7.8,7.79,7.78,7.77,7.76,7.86,7.87,7.88,7.89,7.9,7.91,7.92,7.93,7.94,7.95,689.63,4008.96,2892.02,2343.53,1140.31,4957.31,242.24,594.51,1116.13,532.23,615.35,2737.14,4603.46,1309.85,858.27,918.19,452.35,447.76,437.66,371.71
174,7.86,7.85,7.84,7.83,7.82,7.81,7.8,7.79,7.78,7.77,7.87,7.88,7.89,7.9,7.91,7.92,7.93,7.94,7.95,7.96,576.85,1538.84,5053.89,2938.86,2295.7,1140.31,4470.54,242.24,1043.49,666.59,2267.06,5154.25,1633.85,1167.61,1036.33,832.5,447.76,437.66,371.71,950.82
175,7.85,7.84,7.83,7.82,7.81,7.8,7.79,7.78,7.77,7.76,7.86,7.87,7.88,7.89,7.9,7.91,7.92,7.93,7.94,7.95,829.61,4428.32,3406.2,2183.37,1223.38,4963.69,242.24,1043.49,666.59,950.31,473.96,2292.79,4540.58,1324.94,858.27,918.19,452.35,447.76,437.66,371.71
176,7.85,7.84,7.83,7.82,7.81,7.8,7.79,7.78,7.77,7.76,7.86,7.87,7.88,7.89,7.9,7.91,7.92,7.93,7.94,7.95,804.54,4852.18,3726.17,2215.74,1140.62,4969.28,242.24,1043.49,666.59,950.31,586.95,2946.42,4471.98,1232.51,858.27,918.19,452.35,447.76,437.66,371.71
177,7.86,7.85,7.84,7.83,7.82,7.81,7.8,7.79,7.78,7.77,7.87,7.88,7.89,7.9,7.91,7.92,7.93,7.94,7.95,7.96,535.66,1907.42,3939.89,8498.47,4225.36,1140.62,6066.43,242.24,466.23,698.7,2179.24,5716.99,5058.45,3159.14,1035.79,2393.89,447.76,437.66,472.63,950.82
178,7.86,7.85,7.84,7.83,7.82,7.81,7.8,7.79,7.78,7.77,7.87,7.88,7.89,7.9,7.91,7.92,7.93,7.94,7.95,7.96,667.85,3912.51,2953.93,8612.09,4428.36,1122.4,6066.43,159.2,562.44,1146.01,796.31,4950.15,6479.39,3279.97,1035.79,2493.46,366.18,437.66,554,950.82
179,7.86,7.85,7.84,7.83,7.82,7.81,7.8,7.79,7.78,7.77,7.87,7.88,7.89,7.9,7.91,7.92,7.93,7.94,7.95,7.96,667.28,3269.96,4036.94,7561.53,4313.03,1122.4,6066.43,159.2,466.23,664.36,1028.82,4992.81,6070.76,3279.97,1035.79,2493.46,366.18,437.66,554,950.82
180,7.86,7.85,7.84,7.83,7.82,7.81,7.8,7.79,7.78,7.77,7.87,7.88,7.89,7.9,7.91,7.92,7.93,7.94,7.95,7.96,673.18,4448.52,3355.1,6489.96,4313.03,1122.4,6066.43,159.2,466.23,664.36,1607.73,3992.73,6469.92,3279.97,1035.79,2493.46,366.18,437.66,554,950.82
181,7.86,7.85,7.84,7.83,7.82,7.81,7.8,7.79,7.78,7.77,7.87,7.88,7.89,7.9,7.91,7.92,7.93,7.94,7.95,7.96,452.14,3472.59,2548.66,2666.97,2150.03,1122.4,4470.54,159.2,996.17,664.36,1631.86,4248.31,2861.06,7063.82,1297.46,2493.46,366.18,437.66,554,950.82
182,7.86,7.85,7.84,7.83,7.82,7.81,7.8,7.79,7.78,7.77,7.87,7.88,7.89,7.9,7.91,7.92,7.93,7.94,7.95,7.96,857.18,3246.02,2685.1,2236.13,2153.31,1022.32,4470.54,159.2,996.17,666.59,445.41,4640.46,2262.37,3957.32,5591.44,1084.23,366.18,1999.11,553.35,950.82
183,7.87,7.86,7.85,7.84,7.83,7.82,7.81,7.8,7.79,7.78,7.88,7.89,7.9,7.91,7.92,7.93,7.94,7.95,7.96,7.97,543.87,1891.32,4007.84,6738.5,5987.57,976.55,639.51,6066.43,735.74,466.23,3857.92,3233.22,4982.03,3169.66,1084.23,847.27,1999.11,553.35,950.82,374.35
184,7.86,7.85,7.84,7.83,7.82,7.81,7.8,7.79,7.78,7.77,7.87,7.88,7.89,7.9,7.91,7.92,7.93,7.94,7.95,7.96,1531.53,4261.08,6704.35,6038.12,976.55,1022.32,6066.43,159.2,1043.49,666.59,198.42,5440.25,4334.13,3666.96,3169.66,962.82,745.86,1999.11,553.35,950.82
185,7.87,7.86,7.85,7.84,7.83,7.82,7.81,7.8,7.79,7.78,7.88,7.89,7.9,7.91,7.92,7.93,7.94,7.95,7.96,7.97,612.47,3295.3,3708.25,6539.43,5715.86,898.07,639.51,6066.43,735.74,466.23,3523.76,4969.48,4969.35,3169.66,1084.23,855.13,1999.11,553.35,950.82,374.35
186,7.87,7.86,7.85,7.84,7.83,7.82,7.81,7.8,7.79,7.78,7.88,7.89,7.9,7.91,7.92,7.93,7.94,7.95,7.96,7.97,675.29,4080.54,3972.68,5361.61,5333.28,898.07,639.51,5995,159.2,466.23,2259.93,4212.46,5540.54,3222.48,1084.23,855.13,1999.11,553.35,950.82,374.35
187,7.87,7.86,7.85,7.84,7.83,7.82,7.81,7.8,7.79,7.78,7.88,7.89,7.9,7.91,7.92,7.93,7.94,7.95,7.96,7.97,411.52,2705.73,4342.11,6139.5,5333.28,905.41,639.51,5995,159.2,1043.49,3173.18,3882.06,5276.12,3541.39,1068.36,745.85,1999.11,553.35,950.82,374.35
188,7.86,7.85,7.84,7.83,7.82,7.81,7.8,7.79,7.78,7.77,7.87,7.88,7.89,7.9,7.91,7.92,7.93,7.94,7.95,7.96,1000.27,3064.73,7335.98,5585.06,990.29,1143.22,5995,159.2,1043.49,669.99,2700.12,4308.62,4142.86,3618.44,3201.6,996.45,447.76,1999.11,471.98,950.82
189,7.85,7.84,7.83,7.82,7.81,7.8,7.79,7.78,7.77,7.76,7.86,7.87,7.88,7.89,7.9,7.91,7.92,7.93,7.94,7.95,801.59,3215.94,6306.72,4599.62,1244.01,6496.04,73.48,1043.49,664.36,963.17,793.64,2979.28,5472.47,3474.78,880.54,3052.06,364.43,447.76,1999.11,471.98
190,7.85,7.84,7.83,7.82,7.81,7.8,7.79,7.78,7.77,7.76,7.86,7.87,7.88,7.89,7.9,7.91,7.92,7.93,7.94,7.95,623.01,3205.7,6297.54,6776.28,3324.18,4971.58,1752.41,1043.49,666.59,959.77,3089.8,4751.58,3372.82,3709.54,873.97,2948.28,364.43,447.76,1999.11,472.63
191,7.84,7.83,7.82,7.81,7.8,7.79,7.78,7.77,7.76,7.75,7.85,7.86,7.87,7.88,7.89,7.9,7.91,7.92,7.93,7.94,809.12,4641.74,8365.21,3982.37,5078.18,2239.27,1043.49,666.59,959.77,1153.61,597.94,3798.05,4086.72,3594.95,5875.49,774.23,433.82,364.43,447.76,1999.11
192,7.84,7.83,7.82,7.81,7.8,7.79,7.78,7.77,7.76,7.75,7.85,7.86,7.87,7.88,7.89,7.9,7.91,7.92,7.93,7.94,224.18,4742.12,8831.95,3922.57,5078.18,2343.09,558.91,666.59,368.03,1153.61,2148.31,3651.41,3712.76,3614.38,5771.24,774.23,433.82,364.43,447.76,1999.11
193,7.84,7.83,7.82,7.81,7.8,7.79,7.78,7.77,7.76,7.75,7.85,7.86,7.87,7.88,7.89,7.9,7.91,7.92,7.93,7.94,607.37,3430,7880.61,5166.03,7241.37,754.15,2154.8,666.59,432.35,1153.61,1336.33,3903.38,3648.35,5774.49,3620.87,878.82,1995.27,364.43,447.76,437.66
194,7.84,7.83,7.82,7.81,7.8,7.79,7.78,7.77,7.76,7.75,7.85,7.86,7.87,7.88,7.89,7.9,7.91,7.92,7.93,7.94,495.35,3448.99,7379.89,5086.24,7241.37,754.15,2154.8,664.36,949.14,1153.61,1643.94,3978.79,5272.05,3855.03,3633.86,879.26,1995.27,364.43,447.76,437.66
195,7.84,7.83,7.82,7.81,7.8,7.79,7.78,7.77,7.76,7.75,7.85,7.86,7.87,7.88,7.89,7.9,7.91,7.92,7.93,7.94,703.87,4826.94,6615.33,5216.32,7241.37,769.78,2154.8,750.54,370.26,1153.61,586.99,4602.99,5846.99,3855.03,3136.03,965.44,1995.27,364.43,447.76,437.66
196,7.85,7.84,7.83,7.82,7.81,7.8,7.79,7.78,7.77,7.76,7.86,7.87,7.88,7.89,7.9,7.91,7.92,7.93,7.94,7.95,1406.76,2674.59,2871.75,8300.66,2367.87,7136.29,159.26,2062.12,795.03,818.27,235.08,3069.2,3643.94,5761.87,3317.13,907.23,744.41,447.76,437.66,472.63
197,7.85,7.84,7.83,7.82,7.81,7.8,7.79,7.78,7.77,7.76,7.86,7.87,7.88,7.89,7.9,7.91,7.92,7.93,7.94,7.95,361.76,2345.75,2804.29,8748.23,2335.42,7249.77,159.26,2062.12,798.42,901.63,2332.73,3860.11,5013.42,3552.07,3049.16,774.05,1925.88,447.76,437.66,472.63
198,7.85,7.84,7.83,7.82,7.81,7.8,7.79,7.78,7.77,7.76,7.86,7.87,7.88,7.89,7.9,7.91,7.92,7.93,7.94,7.95,461.3,2935.66,3828.82,5580.96,4452.13,7239.03,159.26,2062.12,669.98,368.03,1877.97,3387.2,5171.25,3571.44,3017.15,880.6,1925.88,447.76,437.66,472.63
199,7.84,7.83,7.82,7.81,7.8,7.79,7.78,7.77,7.76,7.75,7.85,7.86,7.87,7.88,7.89,7.9,7.91,7.92,7.93,7.94,1842.81,3477.39,6664.5,4915.56,7239.03,712.68,2154.86,669.98,368.03,1150.21,223.94,2470.4,3568.8,4770.51,3267.15,2955.61,774.05,1925.88,447.76,437.66
200,7.85,7.84,7.83,7.82,7.81,7.8,7.79,7.78,7.77,7.76,7.86,7.87,7.88,7.89,7.9,7.91,7.92,7.93,7.94,7.95,119.03,2690.39,4457.3,5534.01,4412.45,7239.03,457.28,2242.51,669.98,946.91,2495.75,5005.59,6237.69,1107.04,2955.61,900.45,1925.88,366.18,437.66,554
201,7.84,7.83,7.82,7.81,7.8,7.79,7.78,7.77,7.76,7.75,7.85,7.86,7.87,7.88,7.89,7.9,7.91,7.92,7.93,7.94,2001.22,3475.63,6747.58,4865.08,7239.03,182.17,2242.51,669.98,946.91,1150.21,132.26,2336.09,4759.66,6224.28,1107.04,2955.61,900.47,1925.88,366.18,437.66
202,7.84,7.83,7.82,7.81,7.8,7.79,7.78,7.77,7.76,7.75,7.85,7.86,7.87,7.88,7.89,7.9,7.91,7.92,7.93,7.94,1468,4326.06,6201.4,4829.21,7239.03,649.26,2242.51,669.98,368.03,1150.21,642.71,2636.86,6185.23,4552.8,1107.04,2955.61,519.8,1925.88,366.18,437.66
203,7.85,7.84,7.83,7.82,7.81,7.8,7.79,7.78,7.77,7.76,7.86,7.87,7.88,7.89,7.9,7.91,7.92,7.93,7.94,7.95,605.96,3026.18,6156.08,5331.98,3062.88,7126.03,156.52,2330.44,669.98,368.03,2661.37,6501.97,4957.74,1107.04,2955.61,1127.55,1925.88,366.18,437.66,554
204,7.85,7.84,7.83,7.82,7.81,7.8,7.79,7.78,7.77,7.76,7.86,7.87,7.88,7.89,7.9,7.91,7.92,7.93,7.94,7.95,632.28,4000.48,6172.08,4249.12,3155.26,7126.03,156.52,2237.7,1247.96,368.03,1020.09,3987.97,5196.24,3604.47,2955.61,1127.55,1925.88,366.18,437.66,554
205,7.85,7.84,7.83,7.82,7.81,7.8,7.79,7.78,7.77,7.76,7.86,7.87,7.88,7.89,7.9,7.91,7.92,7.93,7.94,7.95,1250.81,4173.13,6254.99,4168.03,3236.16,7125.03,73.48,2237.7,667.75,368.03,76.71,4117.7,5460.72,3867.63,2955.61,1127.55,2306.02,366.18,437.66,554
206,7.85,7.84,7.83,7.82,7.81,7.8,7.79,7.78,7.77,7.76,7.86,7.87,7.88,7.89,7.9,7.91,7.92,7.93,7.94,7.95,838.27,3989.02,5138.13,4135.66,3236.16,7125.03,73.48,2239.93,667.75,368.03,274.96,5146.76,2641.98,3666.1,2987.65,1086.38,2305.98,407.35,437.66,554
207,7.86,7.85,7.84,7.83,7.82,7.81,7.8,7.79,7.78,7.77,7.87,7.88,7.89,7.9,7.91,7.92,7.93,7.94,7.95,7.96,910.73,2574.78,2425.01,6100.55,3712.87,3132.09,6670.27,245.85,2160.56,667.75,2646.13,5177.78,5298.59,2987.65,917.11,2586.58,407.35,437.66,554,950.82
208,7.85,7.84,7.83,7.82,7.81,7.8,7.79,7.78,7.77,7.76,7.86,7.87,7.88,7.89,7.9,7.91,7.92,7.93,7.94,7.95,1830.26,3526.63,6021.02,5946.67,1058.47,7055.75,245.85,2062.12,1245.73,368.03,564.34,3163.46,6412.17,3674.17,2987.65,917.11,2099.13,407.35,437.66,554
209,7.85,7.84,7.83,7.82,7.81,7.8,7.79,7.78,7.77,7.76,7.86,7.87,7.88,7.89,7.9,7.91,7.92,7.93,7.94,7.95,529.87,3384.4,6259.23,5990.43,1058.47,7055.75,245.85,2062.12,667.75,368.03,1166.06,3488.5,6313.5,3567.75,2984.7,917.11,2102.08,407.35,437.66,554
210,7.84,7.83,7.82,7.81,7.8,7.79,7.78,7.77,7.76,7.75,7.85,7.86,7.87,7.88,7.89,7.9,7.91,7.92,7.93,7.94,1749.56,6736.55,7330.85,1607.3,7166.01,744.22,2154.86,1213.62,400.19,1710.49,589.29,2632.55,6937.24,3703.48,1070.32,2943.97,571.4,1928.83,407.35,437.66
211,7.84,7.83,7.82,7.81,7.8,7.79,7.78,7.77,7.76,7.75,7.85,7.86,7.87,7.88,7.89,7.9,7.91,7.92,7.93,7.94,675.8,6801.61,7293.68,1570.32,7163.79,571.9,2332.14,667.75,786.11,1163.09,624.56,2446.31,2863.51,8135.97,1102.44,2919.66,571.4,1928.83,407.35,437.66
212,7.84,7.83,7.82,7.81,7.8,7.79,7.78,7.77,7.76,7.75,7.85,7.86,7.87,7.88,7.89,7.9,7.91,7.92,7.93,7.94,684.57,7386.61,7264.55,1519.94,7163.79,654.94,2332.14,667.75,368.03,1163.09,930.86,2920.89,4535.31,5925.16,1083.09,2922.61,571.4,1925.88,407.35,437.66
213,7.84,7.83,7.82,7.81,7.8,7.79,7.78,7.77,7.76,7.75,7.85,7.86,7.87,7.88,7.89,7.9,7.91,7.92,7.93,7.94,727.52,6221.24,8430.37,1519.94,7163.79,654.94,2332.14,667.75,368.03,1150.21,913.12,2550.84,5073.3,5957.32,1050.97,2922.61,571.4,1925.88,407.35,437.66
214,7.84,7.83,7.82,7.81,7.8,7.79,7.78,7.77,7.76,7.75,7.85,7.86,7.87,7.88,7.89,7.9,7.91,7.92,7.93,7.94,760.57,6489.45,8347.41,1519.94,7163.79,654.94,2332.14,667.75,368.03,1150.21,1653.27,3056.41,4711.1,5760.39,1050.97,2922.61,571.4,1925.88,407.35,437.66
215,7.85,7.84,7.83,7.82,7.81,7.8,7.79,7.78,7.77,7.76,7.86,7.87,7.88,7.89,7.9,7.91,7.92,7.93,7.94,7.95,731.1,2786.53,5519.29,7264.29,975.63,7163.79,156.52,2238.11,1245.73,368.03,2739.98,3731.27,7365.28,1485.31,2922.61,949.9,1925.88,407.35,437.66,554
216,7.86,7.85,7.84,7.83,7.82,7.81,7.8,7.79,7.78,7.77,7.87,7.88,7.89,7.9,7.91,7.92,7.93,7.94,7.95,7.96,665.34,2725.34,3301.04,5023.94,6993.85,945.57,6561.11,163.55,2147.77,667.75,3325.1,5087.61,5384.57,3276.11,1184.26,2306.06,407.35,437.66,554,950.82
217,7.86,7.85,7.84,7.83,7.82,7.81,7.8,7.79,7.78,7.77,7.87,7.88,7.89,7.9,7.91,7.92,7.93,7.94,7.95,7.96,1862.8,2469.15,2311.87,3589.51,6989.9,952.64,6647.9,161.9,2639.38,667.75,309.67,4357.83,3945.17,5038.68,3152.87,1163.8,787,1999.11,472.63,950.82
218,7.86,7.85,7.84,7.83,7.82,7.81,7.8,7.79,7.78,7.77,7.87,7.88,7.89,7.9,7.91,7.92,7.93,7.94,7.95,7.96,2132.49,2447.8,2410.43,4233.88,6989.9,952.65,6647.9,165.28,2639.38,677.2,59.65,4701.6,3866.15,5006.67,3184.81,1163.8,787,1999.11,471.98,950.82
219,7.86,7.85,7.84,7.83,7.82,7.81,7.8,7.79,7.78,7.77,7.87,7.88,7.89,7.9,7.91,7.92,7.93,7.94,7.95,7.96,2130.61,2447.8,2792.14,5822.77,5283.74,1059.37,6647.9,165.28,2062.12,664.36,400.98,4889.24,3631.38,5006.67,3184.81,1163.8,407.35,1999.11,471.98,950.82
220,7.86,7.85,7.84,7.83,7.82,7.81,7.8,7.79,7.78,7.77,7.87,7.88,7.89,7.9,7.91,7.92,7.93,7.94,7.95,7.96,1689.51,4350.96,3755.57,4834.81,4189.27,1059.37,6647.9,165.28,2062.12,664.36,136.65,4719.07,5364.83,3414.77,3152.87,1163.8,787.03,1999.11,471.98,950.82
221,7.86,7.85,7.84,7.83,7.82,7.81,7.8,7.79,7.78,7.77,7.87,7.88,7.89,7.9,7.91,7.92,7.93,7.94,7.95,7.96,1685,4870.86,3805.32,4785.65,6352.27,1059.37,4484.9,165.28,2062.12,664.36,69.38,4495.65,5629.86,3414.77,3152.87,1163.8,787.03,1999.11,471.98,950.82
222,7.87,7.86,7.85,7.84,7.83,7.82,7.81,7.8,7.79,7.78,7.88,7.89,7.9,7.91,7.92,7.93,7.94,7.95,7.96,7.97,641.93,3501.06,4513.2,4837.77,3690,5194.96,569.82,4484.9,741.83,2062.12,3201.06,5099.07,5039.19,3152.87,1163.8,915.05,1999.11,553.35,950.82,374.35
223,7.87,7.86,7.85,7.84,7.83,7.82,7.81,7.8,7.79,7.78,7.88,7.89,7.9,7.91,7.92,7.93,7.94,7.95,7.96,7.97,633.8,3919.12,4532.29,4605.31,4755.92,3008.45,657.01,4484.9,79.09,2062.12,3081.95,5268.53,5092.01,3152.87,987.58,1089.61,1999.11,553.35,950.82,374.35
224,7.87,7.86,7.85,7.84,7.83,7.82,7.81,7.8,7.79,7.78,7.88,7.89,7.9,7.91,7.92,7.93,7.94,7.95,7.96,7.97,2075.73,5329.48,6027.02,5158.9,3119.44,3008.45,657.01,4484.9,79.09,2062.12,3759.77,5419.52,5092.01,3152.87,987.58,1089.61,1999.11,553.35,950.82,374.35
225,7.87,7.86,7.85,7.84,7.83,7.82,7.81,7.8,7.79,7.78,7.88,7.89,7.9,7.91,7.92,7.93,7.94,7.95,7.96,7.97,2285.36,5551.12,5455.99,5070.45,3119.44,3008.45,657.01,4484.9,79.09,2062.12,887.53,5850.15,5617.57,3199.66,987.58,1089.61,1999.11,471.98,950.82,455.52
226,7.88,7.87,7.86,7.85,7.84,7.83,7.82,7.81,7.8,7.79,7.89,7.9,7.91,7.92,7.93,7.94,7.95,7.96,7.97,7.98,2180.03,5187.6,4374.74,5705.11,2820.07,3071.28,2732.82,2165.87,4442.69,589.35,483.75,5213.37,6053.97,3550.77,985.66,2598.46,412.23,950.82,522.93,466.57
227,7.89,7.88,7.87,7.86,7.85,7.84,7.83,7.82,7.81,7.8,7.9,7.91,7.92,7.93,7.94,7.95,7.96,7.97,7.98,7.99,2090.32,3873.99,2152.76,4156.65,4554.17,4640.75,565.14,2906.52,1995.86,4441.26,2728.27,3849.47,5764.97,3542.28,1006.47,1097.86,2512.27,441.11,466.57,445.43
228,7.89,7.88,7.87,7.86,7.85,7.84,7.83,7.82,7.81,7.8,7.9,7.91,7.92,7.93,7.94,7.95,7.96,7.97,7.98,7.99,1775.19,3840.95,2190.7,4320.94,6158.5,3004.27,565.14,2906.52,1999.24,4377.28,4436.62,3740.45,5304.62,3494.47,1006.47,1097.86,2512.27,441.11,466.57,445.43
229,7.88,7.87,7.86,7.85,7.84,7.83,7.82,7.81,7.8,7.79,7.89,7.9,7.91,7.92,7.93,7.94,7.95,7.96,7.97,7.98,1911.08,4381.93,5700.86,4551.37,5293.59,1053.21,743.52,1999.24,4953.1,73.48,1840.96,5453.08,4575.5,3581.76,3150.34,977.62,500.35,2512.27,522.28,466.57
230,7.88,7.87,7.86,7.85,7.84,7.83,7.82,7.81,7.8,7.79,7.89,7.9,7.91,7.92,7.93,7.94,7.95,7.96,7.97,7.98,1887.05,4936.44,6154.15,3408.49,5293.59,1053.21,743.52,1999.24,4377.28,73.48,1675.84,5467.63,4594.01,3549.93,3150.34,977.62,500.35,2512.27,522.28,466.57
231,7.88,7.87,7.86,7.85,7.84,7.83,7.82,7.81,7.8,7.79,7.89,7.9,7.91,7.92,7.93,7.94,7.95,7.96,7.97,7.98,1581.53,4330.45,6391.29,3408.49,5293.59,1053.21,1125.84,1999.24,4377.28,73.48,1760.19,5439.78,4622.06,3549.93,3150.34,977.62,500.35,2512.27,522.28,466.57
232,7.88,7.87,7.86,7.85,7.84,7.83,7.82,7.81,7.8,7.79,7.89,7.9,7.91,7.92,7.93,7.94,7.95,7.96,7.97,7.98,2083.54,4739.05,6455.03,3409.05,5293.59,1053.21,656.01,2087.2,4377.28,73.48,911.32,5261.56,4804.74,3549.93,3150.34,1065.58,414.29,2512.27,522.28,466.57
233,7.88,7.87,7.86,7.85,7.84,7.83,7.82,7.81,7.8,7.79,7.89,7.9,7.91,7.92,7.93,7.94,7.95,7.96,7.97,7.98,2126.6,7176.81,5411.85,4974.16,3107.08,1053.21,656.01,2087.2,4377.28,73.48,598,5327.26,4981.54,3549.93,3150.34,1065.58,414.29,2512.27,522.28,466.57
234,7.88,7.87,7.86,7.85,7.84,7.83,7.82,7.81,7.8,7.79,7.89,7.9,7.91,7.92,7.93,7.94,7.95,7.96,7.97,7.98,1812.66,5533.6,5827.2,4974.15,3107.08,1053.21,569.82,2173.62,4377.28,73.48,1805.64,5520.34,4541.01,3549.93,3150.34,1065.01,414.29,2512.27,522.28,466.57
235,7.88,7.87,7.86,7.85,7.84,7.83,7.82,7.81,7.8,7.79,7.89,7.9,7.91,7.92,7.93,7.94,7.95,7.96,7.97,7.98,1985.37,5328.4,7682.41,3337.67,3107.08,1053.21,569.82,2170.24,4377.28,76.87,1163.7,5448.13,4328.27,3549.93,3150.34,1065.01,414.29,2512.27,522.28,466.57
236,7.88,7.87,7.86,7.85,7.84,7.83,7.82,7.81,7.8,7.79,7.89,7.9,7.91,7.92,7.93,7.94,7.95,7.96,7.97,7.98,1774.66,5659.07,7973.84,3337.67,3107.08,1053.21,569.82,2170.24,4377.28,76.87,3660.7,4120.36,4328.27,3549.93,3150.34,1065.01,414.29,2512.27,522.28,466.57
237,7.87,7.86,7.85,7.84,7.83,7.82,7.81,7.8,7.79,7.78,7.88,7.89,7.9,7.91,7.92,7.93,7.94,7.95,7.96,7.97,2592.68,7635.49,4252.5,6961.08,1176.36,952.18,2170.24,4953.1,76.87,1056.32,760.57,4656.88,6736.14,1426.49,1032.59,3043.2,575.06,414.29,2512.27,522.93
238,7.87,7.86,7.85,7.84,7.83,7.82,7.81,7.8,7.79,7.78,7.88,7.89,7.9,7.91,7.92,7.93,7.94,7.95,7.96,7.97,2128.25,8349.25,4220.35,6993.22,1176.36,952.18,2170.24,4377.28,76.87,466.23,1075.91,4738.66,6563.13,1363.31,1035.54,3043.2,572.11,414.29,2512.27,522.93
239,7.87,7.86,7.85,7.84,7.83,7.82,7.81,7.8,7.79,7.78,7.88,7.89,7.9,7.91,7.92,7.93,7.94,7.95,7.96,7.97,2118.48,7631.22,5303.21,6927.26,1176.36,952.18,2170.24,4377.28,76.87,466.23,727.71,5005.04,6562.31,1363.31,1035.54,3043.2,572.11,414.29,2512.27,522.93
240,7.87,7.86,7.85,7.84,7.83,7.82,7.81,7.8,7.79,7.78,7.88,7.89,7.9,7.91,7.92,7.93,7.94,7.95,7.96,7.97,1805.16,6564.13,5700.46,6927.26,1176.36,1083.08,2170.24,4377.28,76.87,466.23,3305.25,3686.34,6153.66,1331.37,1016.27,3043.2,572.11,414.29,2512.27,522.93
241,7.87,7.86,7.85,7.84,7.83,7.82,7.81,7.8,7.79,7.78,7.88,7.89,7.9,7.91,7.92,7.93,7.94,7.95,7.96,7.97,1591.02,5017.73,6725.23,6927.26,1176.36,1083.08,2170.24,4377.28,429.2,466.23,4302.52,3389.4,6591.72,1331.37,963.45,3215.71,397.73,414.29,2512.27,522.28
242,7.87,7.86,7.85,7.84,7.83,7.82,7.81,7.8,7.79,7.78,7.88,7.89,7.9,7.91,7.92,7.93,7.94,7.95,7.96,7.97,2324.59,5579.22,6632.03,6879.19,1176.36,1083.08,2083.82,4377.28,76.87,466.23,2794.1,3698.75,4336.05,3491.48,963.45,3129.15,397.73,414.29,2512.27,522.28
243,7.87,7.86,7.85,7.84,7.83,7.82,7.81,7.8,7.79,7.78,7.88,7.89,7.9,7.91,7.92,7.93,7.94,7.95,7.96,7.97,1641.56,5058.54,4280.85,2529.68,1176.36,1083.08,487.93,4377.28,924.22,4289.22,3822.44,3758.64,2631.05,5376.89,963.45,3129.15,397.73,414.29,2512.27,522.28
244,7.87,7.86,7.85,7.84,7.83,7.82,7.81,7.8,7.79,7.78,7.88,7.89,7.9,7.91,7.92,7.93,7.94,7.95,7.96,7.97,1911.74,5013.22,4635.62,2411.38,1247.52,1083.08,399.97,4377.28,909.64,5372.08,1074,4883.86,2837.69,5407.7,963.45,2991.47,397.73,414.29,2512.27,522.28
245,7.87,7.86,7.85,7.84,7.83,7.82,7.81,7.8,7.79,7.78,7.88,7.89,7.9,7.91,7.92,7.93,7.94,7.95,7.96,7.97,1346.97,4225.6,4766.25,2494.2,1247.52,1083.08,780.57,4377.28,911.86,5372.08,2506.27,4482.22,2437.69,5407.7,963.45,2991.47,397.73,414.29,2512.27,522.28
246,7.87,7.86,7.85,7.84,7.83,7.82,7.81,7.8,7.79,7.78,7.88,7.89,7.9,7.91,7.92,7.93,7.94,7.95,7.96,7.97,1801.58,4955.65,7416.19,6843.71,1317.1,2678.97,397.76,4377.28,381.92,2043.64,1701.79,4596.34,3927.06,3522.29,963.45,2991.47,397.73,414.29,2512.27,522.93
247,7.87,7.86,7.85,7.84,7.83,7.82,7.81,7.8,7.79,7.78,7.88,7.89,7.9,7.91,7.92,7.93,7.94,7.95,7.96,7.97,1378.13,5173.27,7294.17,6843.71,1317.1,2678.97,780.56,4377.28,381.92,2043.64,3297.99,4038.65,3854.45,3526.93,963.45,3028,397.73,373.12,2512.27,522.93
248,7.87,7.86,7.85,7.84,7.83,7.82,7.81,7.8,7.79,7.78,7.88,7.89,7.9,7.91,7.92,7.93,7.94,7.95,7.96,7.97,1718.55,5025,6922.78,6845.63,1234.48,2678.97,480.59,4377.28,378.54,2043.64,2575.71,4390.01,3895.08,3526.93,963.45,3028,397.73,373.12,2512.27,522.93
249,7.87,7.86,7.85,7.84,7.83,7.82,7.81,7.8,7.79,7.78,7.88,7.89,7.9,7.91,7.92,7.93,7.94,7.95,7.96,7.97,1338.3,4621.48,7596.65,6847.15,1237.75,2678.97,863.4,4377.28,378.54,2043.64,3526.55,4514.73,4485.01,3526.93,963.45,2920.9,397.73,454.49,2512.27,441.76
250,7.86,7.85,7.84,7.83,7.82,7.81,7.8,7.79,7.78,7.77,7.87,7.88,7.89,7.9,7.91,7.92,7.93,7.94,7.95,7.96,3086.02,5873.69,8608.1,3631.92,1083.08,2459.29,4555.34,376.32,2045.86,484.63,577.02,3831.1,8600.67,4500.72,1084.12,853.68,2054.66,397.73,454.49,950.82
251,7.86,7.85,7.84,7.83,7.82,7.81,7.8,7.79,7.78,7.77,7.87,7.88,7.89,7.9,7.91,7.92,7.93,7.94,7.95,7.96,2882.42,6796.82,8529.05,3758.46,1083.08,2566.56,4641.54,376.32,2045.86,484.63,621.43,4027.9,8478.93,4368.23,1084.12,964.01,2054.66,373.6,454.49,950.82
252,7.86,7.85,7.84,7.83,7.82,7.81,7.8,7.79,7.78,7.77,7.87,7.88,7.89,7.9,7.91,7.92,7.93,7.94,7.95,7.96,1595.93,4648.35,3304.65,1979.97,2240.39,1100.68,4641.54,906.26,1551.31,2671.14,2003.62,4066.84,4222.44,7739.31,1064.82,1049.62,1968.8,373.6,454.49,950.82
253,7.85,7.84,7.83,7.82,7.81,7.8,7.79,7.78,7.77,7.76,7.86,7.87,7.88,7.89,7.9,7.91,7.92,7.93,7.94,7.95,1847.45,3730.58,4480.09,2745.28,1083.36,6567.81,632.03,1013.64,516.74,927.61,732.52,3186.3,5202.69,2908.25,5447.31,941.26,562.03,1968.8,370.25,455.14
254,7.85,7.84,7.83,7.82,7.81,7.8,7.79,7.78,7.77,7.76,7.86,7.87,7.88,7.89,7.9,7.91,7.92,7.93,7.94,7.95,2676.52,3907.62,7764.35,4893.09,1083.36,6563.15,631.42,468.45,1062.61,368.03,390.06,3233.26,7873.28,2180.73,3287.2,941.26,941.39,1968.8,370.25,455.14
255,7.85,7.84,7.83,7.82,7.81,7.8,7.79,7.78,7.77,7.76,7.86,7.87,7.88,7.89,7.9,7.91,7.92,7.93,7.94,7.95,1835.48,3742.95,7717.16,4711.14,1083.36,6563.15,544.9,651.33,484.63,368.03,693.41,4265.34,7165.74,2118.87,3287.2,941.26,474.76,1968.8,370.25,455.14
256,7.85,7.84,7.83,7.82,7.81,7.8,7.79,7.78,7.77,7.76,7.86,7.87,7.88,7.89,7.9,7.91,7.92,7.93,7.94,7.95,1544.46,2761.35,8235.1,4711.14,1083.36,6563.15,544.9,651.33,484.63,368.03,2051.43,4013.55,7113.55,2118.87,3267.93,930.26,474.76,1968.8,370.25,455.14
257,7.85,7.84,7.83,7.82,7.81,7.8,7.79,7.78,7.77,7.76,7.86,7.87,7.88,7.89,7.9,7.91,7.92,7.93,7.94,7.95,600.07,2688.16,6302.06,6943.45,1082.75,6674.36,543.67,736.41,1061.38,366.8,2958.41,3916.16,6283.17,2085.51,3266.66,907.85,473.49,1967.53,368.98,453.87
258,7.84,7.83,7.82,7.81,7.8,7.79,7.78,7.77,7.76,7.75,7.85,7.86,7.87,7.88,7.89,7.9,7.91,7.92,7.93,7.94,481.83,3516.33,4377.92,8255.61,4695.16,695.64,640.9,1061.38,366.8,1817.17,2133.11,3385.36,2402.69,3114.14,3329.35,3319.34,371.89,363.16,2116.52,368.98
259,7.83,7.82,7.81,7.8,7.79,7.78,7.77,7.76,7.75,7.74,7.84,7.85,7.86,7.87,7.88,7.89,7.9,7.91,7.92,7.93,593.1,2232.07,4844.82,7067.32,1857.08,2861.72,1150.55,541.93,1308.16,379.17,3897.05,2328.67,1963.23,1760.03,1427.85,3251.87,2579.59,367.86,363.16,1994.42
260,7.84,7.83,7.82,7.81,7.8,7.79,7.78,7.77,7.76,7.75,7.85,7.86,7.87,7.88,7.89,7.9,7.91,7.92,7.93,7.94,477.61,3084.72,5035.61,4084.59,6691.89,2036.86,2628,1238.17,637.57,1308.16,3909.27,2406.63,3488.83,3640.78,1867.91,3069.75,367.86,363.16,1994.42,368.98
261,7.85,7.84,7.83,7.82,7.81,7.8,7.79,7.78,7.77,7.76,7.86,7.87,7.88,7.89,7.9,7.91,7.92,7.93,7.94,7.95,513.48,2948.56,3227.22,5639.87,8118.8,5472.67,539.23,465,2281.81,1096.87,3957.76,3685.13,5375.77,4196.08,1227.27,2313.3,363.16,432.32,368.98,367.89
262,7.85,7.84,7.83,7.82,7.81,7.8,7.79,7.78,7.77,7.76,7.86,7.87,7.88,7.89,7.9,7.91,7.92,7.93,7.94,7.95,586.31,2563.69,2526.13,7143.8,6514.46,5417.32,535.95,722.69,2075.9,550.15,2804.82,4045.91,5976.89,3829.74,1052.34,2596.39,363.16,432.32,368.98,368.54
263,7.84,7.83,7.82,7.81,7.8,7.79,7.78,7.77,7.76,7.75,7.85,7.86,7.87,7.88,7.89,7.9,7.91,7.92,7.93,7.94,1348.75,3033.38,7100.58,7539.5,5527.29,1032.07,639.54,2653.88,633.51,1743.69,567.19,4167.12,5010.77,4009.6,3829.74,935.12,2106.53,363.16,432.32,368.98
264,7.84,7.83,7.82,7.81,7.8,7.79,7.78,7.77,7.76,7.75,7.85,7.86,7.87,7.88,7.89,7.9,7.91,7.92,7.93,7.94,1988,3284.87,6793.72,7253.48,5302.27,535.95,639.54,2075.9,633.51,1151.21,4.08,2816.72,5489.2,3850.41,3448.13,592.14,2106.53,444.84,432.32,368.98
265,7.85,7.84,7.83,7.82,7.81,7.8,7.79,7.78,7.77,7.76,7.86,7.87,7.88,7.89,7.9,7.91,7.92,7.93,7.94,7.95,298.44,2547.64,2980.66,6721.81,6215.45,5192.3,618.99,639.54,2525.44,550.15,3104.4,3769.1,6014.08,3448.13,587.01,2219.45,444.84,432.32,368.98,368.54
266,7.85,7.84,7.83,7.82,7.81,7.8,7.79,7.78,7.77,7.76,7.86,7.87,7.88,7.89,7.9,7.91,7.92,7.93,7.94,7.95,413.46,2512.41,2470.47,6804.78,6164.78,5146.91,618.99,639.54,2075.9,550.15,3119.05,3444.23,5726,3452.77,587.01,2219.45,444.84,432.32,368.98,368.54
267,7.85,7.84,7.83,7.82,7.81,7.8,7.79,7.78,7.77,7.76,7.86,7.87,7.88,7.89,7.9,7.91,7.92,7.93,7.94,7.95,402.32,2703.74,3133.59,6763.53,6108.53,5090.66,562.74,583.29,2019.65,493.9,3099.64,3578.85,5726,3452.77,587.01,2219.45,444.84,432.32,368.98,368.54
268,7.85,7.84,7.83,7.82,7.81,7.8,7.79,7.78,7.77,7.76,7.86,7.87,7.88,7.89,7.9,7.91,7.92,7.93,7.94,7.95,287.95,2876.12,3774.78,5597.7,6191.61,5090.66,562.74,583.29,2019.65,496.13,3314.74,3539.93,5766.73,3452.77,587.01,2219.45,444.84,432.32,368.98,368.54
269,7.85,7.84,7.83,7.82,7.81,7.8,7.79,7.78,7.77,7.76,7.86,7.87,7.88,7.89,7.9,7.91,7.92,7.93,7.94,7.95,473.44,3646.93,5417.06,5680.67,5029.19,4514.09,492.82,583.29,2212.31,496.13,2928.8,3776.96,5766.73,3452.77,587.01,2219.45,444.84,432.32,368.98,368.54
270,7.85,7.84,7.83,7.82,7.81,7.8,7.79,7.78,7.77,7.76,7.86,7.87,7.88,7.89,7.9,7.91,7.92,7.93,7.94,7.95,271.7,4035.78,5642.61,5590.7,4996.78,4514.09,492.82,583.29,2019.65,496.13,2931.78,3554.17,5989.5,3452.77,587.01,2219.45,444.84,432.32,368.98,368.54
271,7.85,7.84,7.83,7.82,7.81,7.8,7.79,7.78,7.77,7.76,7.86,7.87,7.88,7.89,7.9,7.91,7.92,7.93,7.94,7.95,569.8,3409.51,5483.26,5712.71,5252.12,4897.7,492.82,583.29,2019.65,496.13,4845.8,2642.52,6021.11,3707.11,841,2599.83,444.84,432.32,368.98,368.54
272,7.84,7.83,7.82,7.81,7.8,7.79,7.78,7.77,7.76,7.75,7.85,7.86,7.87,7.88,7.89,7.9,7.91,7.92,7.93,7.94,1219.57,5320.54,6891.69,6286.48,5006.33,986.33,583.29,2469.19,624.77,1556.41,1104.3,4344.35,4252.68,4021.99,3707.11,726.13,2106.53,444.84,432.32,368.98
273,7.84,7.83,7.82,7.81,7.8,7.79,7.78,7.77,7.76,7.75,7.85,7.86,7.87,7.88,7.89,7.9,7.91,7.92,7.93,7.94,1412.14,6185.41,6859.6,6318.84,4878.25,986.43,583.29,2019.65,496.13,1092.73,636.52,5462.48,3599.89,4022.21,3707.29,726.26,2106.53,444.84,432.32,368.98
274,7.84,7.83,7.82,7.81,7.8,7.79,7.78,7.77,7.76,7.75,7.85,7.86,7.87,7.88,7.89,7.9,7.91,7.92,7.93,7.94,1426.74,6368.73,6859.6,6249.1,4948.1,987.12,583.29,2019.65,496.13,1092.73,517.5,5417.16,3638.01,4022.21,3707.29,726.26,2106.53,444.84,432.32,368.98
275,7.85,7.84,7.83,7.82,7.81,7.8,7.79,7.78,7.77,7.76,7.86,7.87,7.88,7.89,7.9,7.91,7.92,7.93,7.94,7.95,487.29,3639.72,6194.42,6859.6,5390.65,4839.47,492.82,583.29,2019.65,493.9,4566.31,3422.8,5396.3,3651.04,792.7,2573.83,388.59,376.7,312.73,312.29
276,7.85,7.84,7.83,7.82,7.81,7.8,7.79,7.78,7.77,7.76,7.86,7.87,7.88,7.89,7.9,7.91,7.92,7.93,7.94,7.95,40.33,2858.08,6192.27,6939.93,5312.41,4839.47,876.61,583.29,2019.65,493.9,5262.76,3192.73,5396.3,3651.04,792.7,2573.83,388.59,376.7,312.73,312.29
277,7.84,7.83,7.82,7.81,7.8,7.79,7.78,7.77,7.76,7.75,7.85,7.86,7.87,7.88,7.89,7.9,7.91,7.92,7.93,7.94,1101.16,5004.49,7391.61,5359.16,4964.57,986.4,583.29,2019.65,1072.78,1094.96,512.46,5051.98,4303.86,4275.85,3651.04,803.14,2050.28,388.59,376.7,312.73
278,7.85,7.84,7.83,7.82,7.81,7.8,7.79,7.78,7.77,7.76,7.86,7.87,7.88,7.89,7.9,7.91,7.92,7.93,7.94,7.95,0.94,3001.61,5337.82,7425.65,5391.61,5037.29,805.09,583.29,2019.65,493.9,4868.79,3953.25,5708.14,3651.04,803.14,2430.94,388.59,376.7,312.73,312.29
279,7.85,7.84,7.83,7.82,7.81,7.8,7.79,7.78,7.77,7.76,7.86,7.87,7.88,7.89,7.9,7.91,7.92,7.93,7.94,7.95,6.16,3192.14,5702.25,7458.02,5359.16,5037.29,805.09,583.29,2019.65,493.9,4731.68,3909.14,5708.14,3651.04,803.14,2542.73,388.59,376.7,312.73,312.29
280,7.85,7.84,7.83,7.82,7.81,7.8,7.79,7.78,7.77,7.76,7.86,7.87,7.88,7.89,7.9,7.91,7.92,7.93,7.94,7.95,888.73,3993.3,4202.91,7352.83,5182.29,4795.85,421.3,583.29,2019.65,493.9,535.96,4403.04,6525.02,3698.57,833.95,2660.53,306.91,376.7,394.2,312.29
281,7.85,7.84,7.83,7.82,7.81,7.8,7.79,7.78,7.77,7.76,7.86,7.87,7.88,7.89,7.9,7.91,7.92,7.93,7.94,7.95,874.73,3553.3,4319.93,7435.8,5182.29,4795.85,421.3,583.29,2019.65,493.9,499.72,4408.98,6604.35,3651.04,833.95,2660.53,306.91,376.7,394.2,312.29
282,7.85,7.84,7.83,7.82,7.81,7.8,7.79,7.78,7.77,7.76,7.86,7.87,7.88,7.89,7.9,7.91,7.92,7.93,7.94,7.95,1421.62,5379.47,6836.11,3642.61,3078.86,4795.85,421.3,583.29,2019.65,493.9,379.92,4325.96,6591.64,3651.04,833.95,2660.53,306.91,376.7,394.2,312.29
283,7.85,7.84,7.83,7.82,7.81,7.8,7.79,7.78,7.77,7.76,7.86,7.87,7.88,7.89,7.9,7.91,7.92,7.93,7.94,7.95,733.16,6400.05,7151.43,3642.61,3078.86,4795.85,421.3,583.29,2019.65,493.9,487.14,4511.09,6363.78,3651.04,833.95,2660.53,306.91,376.7,394.2,312.29
284,7.85,7.84,7.83,7.82,7.81,7.8,7.79,7.78,7.77,7.76,7.86,7.87,7.88,7.89,7.9,7.91,7.92,7.93,7.94,7.95,774.35,4756.63,6884.36,5829.12,3078.86,4917.27,421.3,583.29,2019.65,493.9,419.42,4360.13,6363.78,3651.04,833.95,2542.73,306.91,376.7,394.2,312.29
285,7.86,7.85,7.84,7.83,7.82,7.81,7.8,7.79,7.78,7.77,7.87,7.88,7.89,7.9,7.91,7.92,7.93,7.94,7.95,7.96,11.08,2074.04,4076.3,4747.06,6474.52,2989.46,4923.66,595.12,986.01,2019.65,5166.02,2684.44,6688.17,3348.18,947.56,2423.2,376.7,394.2,312.29,893.31
286,7.85,7.84,7.83,7.82,7.81,7.8,7.79,7.78,7.77,7.76,7.86,7.87,7.88,7.89,7.9,7.91,7.92,7.93,7.94,7.95,890.78,3570.12,5375.98,7334.5,2984.25,4923.66,595.12,408.75,2597.63,493.9,802.98,4292.47,4697.98,4834.94,3052.65,831.54,2043.03,376.7,394.2,312.29
287,7.85,7.84,7.83,7.82,7.81,7.8,7.79,7.78,7.77,7.76,7.86,7.87,7.88,7.89,7.9,7.91,7.92,7.93,7.94,7.95,512.99,4050.17,5177.63,6867.23,2984.25,5043.09,595.12,408.75,2019.65,493.9,1102.88,4240.5,4698.22,4569.22,3020.64,831.54,2043.03,376.7,394.2,312.29
288,7.85,7.84,7.83,7.82,7.81,7.8,7.79,7.78,7.77,7.76,7.86,7.87,7.88,7.89,7.9,7.91,7.92,7.93,7.94,7.95,451.43,3285.89,6442.59,6867.23,2984.25,5043.09,595.12,408.75,2019.65,493.9,2318.3,4181.1,4373.55,4239.34,2967.82,1002.83,1950.04,376.7,312.73,312.29
289,7.85,7.84,7.83,7.82,7.81,7.8,7.79,7.78,7.77,7.76,7.86,7.87,7.88,7.89,7.9,7.91,7.92,7.93,7.94,7.95,116.18,3452.71,8311.53,5136.08,3167.19,5043.09,978.94,408.75,2019.65,493.9,3471.17,3796.31,4807.83,4239.34,2967.82,891.48,1950.04,376.7,312.73,312.29
290,7.84,7.83,7.82,7.81,7.8,7.79,7.78,7.77,7.76,7.75,7.85,7.86,7.87,7.88,7.89,7.9,7.91,7.92,7.93,7.94,1032.1,5563.47,8064.22,4222.36,5166.26,915.59,583.6,2019.65,1072.78,1094.96,1891.8,3072.77,6933.19,3060.75,1512.39,2856.32,510.82,1950.04,376.7,312.73
291,7.84,7.83,7.82,7.81,7.8,7.79,7.78,7.77,7.76,7.75,7.85,7.86,7.87,7.88,7.89,7.9,7.91,7.92,7.93,7.94,966.46,4471.31,9547.93,4229.31,5166.26,915.59,583.6,2019.65,1072.78,1094.96,1881.55,2527.21,7385.85,3028.63,1488.4,2856.32,510.82,1950.04,376.7,312.73
292,7.84,7.83,7.82,7.81,7.8,7.79,7.78,7.77,7.76,7.75,7.85,7.86,7.87,7.88,7.89,7.9,7.91,7.92,7.93,7.94,706.15,4752.01,9547.93,4146.23,5166.26,915.59,583.6,2019.65,493.9,1092.73,2068.31,2720.78,7175.2,2422.01,1488.4,2856.32,510.82,1950.04,376.7,312.73
293,7.84,7.83,7.82,7.81,7.8,7.79,7.78,7.77,7.76,7.75,7.85,7.86,7.87,7.88,7.89,7.9,7.91,7.92,7.93,7.94,753.29,4505.79,9396.38,4229.31,5166.26,2511.48,583.6,423.76,976.3,2670.14,1461.63,2978.35,7175.2,4555.88,1488.4,2283.9,510.82,388.59,376.7,402.88
294,7.84,7.83,7.82,7.81,7.8,7.79,7.78,7.77,7.76,7.75,7.85,7.86,7.87,7.88,7.89,7.9,7.91,7.92,7.93,7.94,791.54,6285.56,8296.17,4251.11,5166.26,2477.52,583.6,423.76,493.9,2745.39,1726.47,3253.58,6684.73,4555.02,1488.4,2347.55,510.82,388.59,376.7,312.73
295,7.84,7.83,7.82,7.81,7.8,7.79,7.78,7.77,7.76,7.75,7.85,7.86,7.87,7.88,7.89,7.9,7.91,7.92,7.93,7.94,799.63,5907.32,9091.81,4251.11,5166.26,2477.52,583.6,423.76,493.9,2745.39,1548.73,3087.98,6181.71,3546.06,1488.4,2347.55,891.45,388.59,376.7,312.73
296,7.85,7.84,7.83,7.82,7.81,7.8,7.79,7.78,7.77,7.76,7.86,7.87,7.88,7.89,7.9,7.91,7.92,7.93,7.94,7.95,402.96,3026.21,6613.51,8040.56,3219.51,5045.02,1983.23,583.6,455.87,783.34,5207.8,2941.47,5308.47,3621.41,834.83,2626.14,388.59,376.7,312.73,312.29
297,7.85,7.84,7.83,7.82,7.81,7.8,7.79,7.78,7.77,7.76,7.86,7.87,7.88,7.89,7.9,7.91,7.92,7.93,7.94,7.95,120.3,2808.24,6818.06,8167.7,3093.08,5045.02,2367.04,583.6,423.76,493.9,5215.7,2890.22,5871.1,3653.49,834.83,2625.99,388.59,376.7,312.73,312.29
298,7.85,7.84,7.83,7.82,7.81,7.8,7.79,7.78,7.77,7.76,7.86,7.87,7.88,7.89,7.9,7.91,7.92,7.93,7.94,7.95,514.63,3621.78,5806.68,8167.7,3093.08,5045.02,1983.23,583.6,423.76,493.9,4445.24,3197.16,5866.91,3653.49,834.83,2625.99,388.59,376.7,312.73,312.29
299,7.85,7.84,7.83,7.82,7.81,7.8,7.79,7.78,7.77,7.76,7.86,7.87,7.88,7.89,7.9,7.91,7.92,7.93,7.94,7.95,610.99,3092.48,5214.74,6155.05,2973.51,7156.47,492.83,2145.53,423.76,493.9,3464.24,2663.12,6165.48,3626.05,834.83,2625.99,388.59,376.7,312.73,312.29
300,7.85,7.84,7.83,7.82,7.81,7.8,7.79,7.78,7.77,7.76,7.86,7.87,7.88,7.89,7.9,7.91,7.92,7.93,7.94,7.95,1187.13,4860.21,3586.63,4685.78,2973.51,7156.47,492.83,2145.53,423.76,493.9,156.21,3102.34,6543.76,3721.09,834.83,2625.99,768.73,376.7,312.73,312.29
301,7.86,7.85,7.84,7.83,7.82,7.81,7.8,7.79,7.78,7.77,7.87,7.88,7.89,7.9,7.91,7.92,7.93,7.94,7.95,7.96,601.76,3503.3,4719.27,3547.08,3711.27,2942.37,6653.7,585.04,2547.94,423.76,5087,2152.94,5945.56,3302.94,1122.62,2435.48,376.7,394.2,312.29,893.31
302,7.86,7.85,7.84,7.83,7.82,7.81,7.8,7.79,7.78,7.77,7.87,7.88,7.89,7.9,7.91,7.92,7.93,7.94,7.95,7.96,656.49,3019.11,3156.83,3640.07,3680.82,2940.44,6653.7,585.04,1970.68,423.76,2449.83,3415.11,5904.39,3385.43,992.06,2609.23,376.7,394.2,312.29,893.31
303,7.86,7.85,7.84,7.83,7.82,7.81,7.8,7.79,7.78,7.77,7.87,7.88,7.89,7.9,7.91,7.92,7.93,7.94,7.95,7.96,379.66,2979.92,4713.71,3545.89,5930.14,785.57,6725.14,513.51,2547.94,423.76,3673.14,3644.95,6729.03,3385.43,992.06,2600.48,376.7,394.2,312.29,893.31
304,7.86,7.85,7.84,7.83,7.82,7.81,7.8,7.79,7.78,7.77,7.87,7.88,7.89,7.9,7.91,7.92,7.93,7.94,7.95,7.96,128.62,3373.99,5122.39,5294.69,4181.63,785.57,7108.44,513.51,1970.68,425.99,3491.25,3724.36,6729.03,3385.43,992.06,2600.48,376.7,394.2,312.29,893.31
305,7.86,7.85,7.84,7.83,7.82,7.81,7.8,7.79,7.78,7.77,7.87,7.88,7.89,7.9,7.91,7.92,7.93,7.94,7.95,7.96,530.63,3487.58,5806.16,4244.12,6363.16,785.57,4540.34,513.51,1970.68,425.99,2957.53,3838.18,6769.71,3385.43,992.06,2600.48,376.7,394.2,312.29,893.31
306,7.86,7.85,7.84,7.83,7.82,7.81,7.8,7.79,7.78,7.77,7.87,7.88,7.89,7.9,7.91,7.92,7.93,7.94,7.95,7.96,585.53,3691.53,5936.05,3989.19,6366.43,785.57,4540.34,513.51,1970.68,425.99,2137.27,3878.78,6452.78,3385.43,992.06,2595.86,376.7,394.2,312.29,893.31
307,7.85,7.84,7.83,7.82,7.81,7.8,7.79,7.78,7.77,7.76,7.86,7.87,7.88,7.89,7.9,7.91,7.92,7.93,7.94,7.95,2132.3,6152.53,4792.47,6732.45,909.77,4923.65,513.51,2387.59,586.54,928.24,3.4,2942.09,5929.88,4225.56,3050.33,988.36,2485.9,376.7,394.2,312.29
308,7.85,7.84,7.83,7.82,7.81,7.8,7.79,7.78,7.77,7.76,7.86,7.87,7.88,7.89,7.9,7.91,7.92,7.93,7.94,7.95,710.24,7643.69,4743.77,6847.79,909.77,5033.93,513.51,1970.68,425.99,497.3,762.22,2959.81,5553.82,4130.52,3020.66,870.33,2105.76,376.7,394.2,312.29
309,7.85,7.84,7.83,7.82,7.81,7.8,7.79,7.78,7.77,7.76,7.86,7.87,7.88,7.89,7.9,7.91,7.92,7.93,7.94,7.95,609.39,5918.11,5976.81,6848.8,909.77,5033.93,513.66,1970.68,425.99,497.3,860.82,3332.99,5394.01,4130.52,3020.66,958.44,2017.81,376.7,394.2,312.29
310,7.85,7.84,7.83,7.82,7.81,7.8,7.79,7.78,7.77,7.76,7.86,7.87,7.88,7.89,7.9,7.91,7.92,7.93,7.94,7.95,609.39,5735.37,5910.03,6765.83,909.77,5037.7,513.66,1970.68,425.99,497.3,1015.49,3470.18,5371.5,4130.52,3020.66,958.44,2017.81,376.7,394.2,312.29
311,7.86,7.85,7.84,7.83,7.82,7.81,7.8,7.79,7.78,7.77,7.87,7.88,7.89,7.9,7.91,7.92,7.93,7.94,7.95,7.96,652.41,3669.26,4938.75,4746.67,6398.8,785.57,4540.34,513.66,2547.94,425.99,1595.84,3605.33,6436.38,3313.46,980.91,2595.1,376.7,312.73,312.29,974.58
312,7.86,7.85,7.84,7.83,7.82,7.81,7.8,7.79,7.78,7.77,7.87,7.88,7.89,7.9,7.91,7.92,7.93,7.94,7.95,7.96,687.66,3450.05,5177.25,4728.96,6436.1,801.26,4470.49,513.66,1970.68,425.98,606.26,4251.65,6342.07,3410.12,980.91,2595.1,376.7,312.73,312.29,974.58
313,7.86,7.85,7.84,7.83,7.82,7.81,7.8,7.79,7.78,7.77,7.87,7.88,7.89,7.9,7.91,7.92,7.93,7.94,7.95,7.96,1245.94,3828.43,5238.48,4646.89,6436.1,801.26,4470.49,513.66,1970.68,425.98,198.15,4092.5,6603.71,3411.23,980.91,2595.1,756.38,312.73,312.29,974.58
314,7.86,7.85,7.84,7.83,7.82,7.81,7.8,7.79,7.78,7.77,7.87,7.88,7.89,7.9,7.91,7.92,7.93,7.94,7.95,7.96,478.29,3262.33,5441.92,4500.75,6436.1,801.26,4470.49,513.66,1970.68,425.98,1954.25,4138.68,6036.27,3316.41,980.91,2595.1,376.7,312.73,312.29,974.58
315,7.86,7.85,7.84,7.83,7.82,7.81,7.8,7.79,7.78,7.77,7.87,7.88,7.89,7.9,7.91,7.92,7.93,7.94,7.95,7.96,341.48,3898.85,6495.39,4583.63,6436.1,912.74,4470.49,513.66,1970.68,425.98,2940.65,3679.69,6308.63,3316.41,980.91,2483.61,376.7,312.73,312.29,974.58
316,7.86,7.85,7.84,7.83,7.82,7.81,7.8,7.79,7.78,7.77,7.87,7.88,7.89,7.9,7.91,7.92,7.93,7.94,7.95,7.96,534.06,3417.7,4966.31,5681.52,6502.48,801.26,4470.49,513.66,1970.68,1003.96,2097.77,4303.46,4301.77,5474.82,1003.75,2592.81,376.7,312.73,312.29,974.58
317,7.86,7.85,7.84,7.83,7.82,7.81,7.8,7.79,7.78,7.77,7.87,7.88,7.89,7.9,7.91,7.92,7.93,7.94,7.95,7.96,378.65,3375.52,5093.45,5554.22,6436.1,872.6,4399.05,513.66,1970.68,425.98,2599.49,4284.23,4301.77,5474.82,1003.75,2595.04,376.7,312.73,312.29,974.58
318,7.86,7.85,7.84,7.83,7.82,7.81,7.8,7.79,7.78,7.77,7.87,7.88,7.89,7.9,7.91,7.92,7.93,7.94,7.95,7.96,378.65,3748.88,5097.02,5555.5,6437.38,873.88,4400.33,514.94,1971.96,427.26,2741.32,4057.29,4071.37,5476.1,1005.03,2593.97,377.98,314.01,313.57,975.86
319,7.86,7.85,7.84,7.83,7.82,7.81,7.8,7.79,7.78,7.77,7.87,7.88,7.89,7.9,7.91,7.92,7.93,7.94,7.95,7.96,378.72,3564.11,5116.94,5555.5,6437.38,873.88,4400.33,514.94,1971.96,427.26,2589.94,4247.32,4316.08,5476.1,1005.03,2594.08,377.98,314.01,313.57,975.86
320,7.86,7.85,7.84,7.83,7.82,7.81,7.8,7.79,7.78,7.77,7.87,7.88,7.89,7.9,7.91,7.92,7.93,7.94,7.95,7.96,458.61,3414.7,6565.05,5441.35,4285.79,873.88,4400.33,514.94,1971.96,427.26,2379.21,4190.59,3793.92,5476.1,1005.03,2594.08,377.98,314.01,313.57,975.86
321,7.86,7.85,7.84,7.83,7.82,7.81,7.8,7.79,7.78,7.77,7.87,7.88,7.89,7.9,7.91,7.92,7.93,7.94,7.95,7.96,65.91,3632.37,6628.05,5504.35,4348.79,1049.94,4846.64,514.94,2034.96,427.26,4026.32,3553.6,4424.92,5539.1,1068.03,2547.88,377.98,377.01,313.57,1038.86
322,7.85,7.84,7.83,7.82,7.81,7.8,7.79,7.78,7.77,7.76,7.86,7.87,7.88,7.89,7.9,7.91,7.92,7.93,7.94,7.95,1336.51,4326.31,7786.48,4821.26,1045.95,4972.93,577.94,2034.96,1068.24,561.58,1465.5,3691.53,2564.81,5944.57,3087.89,934.61,2167.73,440.98,377.01,376.57
323,7.85,7.84,7.83,7.82,7.81,7.8,7.79,7.78,7.77,7.76,7.86,7.87,7.88,7.89,7.9,7.91,7.92,7.93,7.94,7.95,1914.98,4480.32,7750.01,4717.59,1115.7,4960.66,577.94,2034.96,490.26,561.58,548.78,4113.51,2433.74,5735.57,3087.89,934.61,2547.88,440.98,377.01,376.57
324,7.87,7.86,7.85,7.84,7.83,7.82,7.81,7.8,7.79,7.78,7.88,7.89,7.9,7.91,7.92,7.93,7.94,7.95,7.96,7.97,640.34,2719.15,2999.16,4919.19,5590.66,4189.89,628.42,4463.33,577.94,2612.22,4743.45,4974.7,5653.3,1062.29,2773.35,938.29,380.97,376.57,1038.86,380.47
325,7.86,7.85,7.84,7.83,7.82,7.81,7.8,7.79,7.78,7.77,7.87,7.88,7.89,7.9,7.91,7.92,7.93,7.94,7.95,7.96,1356.36,3186.61,2640.8,2406.19,2080.97,1011.28,4463.33,642,986.15,1068.24,601.07,4592.26,2336.92,1464.25,1025.76,1035.69,482.15,380.97,375.92,1038.86
326,7.87,7.86,7.85,7.84,7.83,7.82,7.81,7.8,7.79,7.78,7.88,7.89,7.9,7.91,7.92,7.93,7.94,7.95,7.96,7.97,1738.27,4597.81,3969.73,4603.84,6190.32,2995.47,558.67,6025.26,609.97,1018.22,4200.98,3856.26,5897.71,3158.77,1154.76,970.64,2006.07,375.92,1038.86,381.12
327,7.87,7.86,7.85,7.84,7.83,7.82,7.81,7.8,7.79,7.78,7.88,7.89,7.9,7.91,7.92,7.93,7.94,7.95,7.96,7.97,190.48,2985.37,4513.33,5570.3,5107.86,2969.06,1123.71,6197.56,402.54,697.52,4259.51,4058.25,3746.12,5647.47,1154.76,970.53,2006.07,375.92,1038.86,381.12
328,7.87,7.86,7.85,7.84,7.83,7.82,7.81,7.8,7.79,7.78,7.88,7.89,7.9,7.91,7.92,7.93,7.94,7.95,7.96,7.97,639.16,3455.54,3778.12,6068.56,5012.65,2954.06,740.85,6197.56,979.08,473.03,3411.51,4447.9,5406.58,3495.88,1146.22,971.13,2006.07,375.92,1038.86,381.12
329,7.87,7.86,7.85,7.84,7.83,7.82,7.81,7.8,7.79,7.78,7.88,7.89,7.9,7.91,7.92,7.93,7.94,7.95,7.96,7.97,186.55,3435.83,4029.58,6020.88,5059.42,2954.06,1123.68,6197.56,402.54,473.03,4033.88,4059.52,5406.58,3495.88,1146.22,970.64,2006.07,375.92,1038.86,381.12
330,7.87,7.86,7.85,7.84,7.83,7.82,7.81,7.8,7.79,7.78,7.88,7.89,7.9,7.91,7.92,7.93,7.94,7.95,7.96,7.97,66.4,3297.94,4638.28,6796.6,3453.17,2954.06,1123.66,6197.56,979.08,473.03,3926.21,4277.72,5959.83,3495.88,1146.22,970.64,2006.07,375.92,1038.86,381.12
331,7.86,7.85,7.84,7.83,7.82,7.81,7.8,7.79,7.78,7.77,7.87,7.88,7.89,7.9,7.91,7.92,7.93,7.94,7.95,7.96,1708,5475.75,6299.28,4069.87,3063.78,1123.66,6197.56,402.54,1050.29,488.04,820.23,3544.13,4537.09,5327.82,3158.77,1035.69,482.15,2006.07,375.92,1038.86
332,7.86,7.85,7.84,7.83,7.82,7.81,7.8,7.79,7.78,7.77,7.87,7.88,7.89,7.9,7.91,7.92,7.93,7.94,7.95,7.96,1211.09,4506.37,7865.78,3890.79,3061.86,1249.08,6197.56,402.54,1052.51,491.43,1520.53,3316.36,5987.92,4197.48,3158.77,1035.69,482.15,2006.07,375.92,1038.86
333,7.85,7.84,7.83,7.82,7.81,7.8,7.79,7.78,7.77,7.76,7.86,7.87,7.88,7.89,7.9,7.91,7.92,7.93,7.94,7.95,1321.45,7257.83,7126.47,3563.74,1364.96,6698.18,402.54,988.37,555.65,2574.21,448.47,1797.51,4007.68,6988.94,974.18,3027.13,542.63,482.15,2087.54,376.57
334,7.85,7.84,7.83,7.82,7.81,7.8,7.79,7.78,7.77,7.76,7.86,7.87,7.88,7.89,7.9,7.91,7.92,7.93,7.94,7.95,798.33,3852.54,4293.67,2431.54,1222.74,4835.93,402.54,1342.34,552.26,2576.44,3061.91,2865.8,1860.21,5433.1,1027.79,3242.29,371.19,440.98,2087.54,376.57
335,7.85,7.84,7.83,7.82,7.81,7.8,7.79,7.78,7.77,7.76,7.86,7.87,7.88,7.89,7.9,7.91,7.92,7.93,7.94,7.95,554.29,4784.29,9749.11,2527.26,3312.46,4835.93,1964.47,829.22,488.04,2029.72,3257.31,2589.02,4082.51,5433.1,1027.79,3242.29,371.19,440.98,2087.54,376.57
336,7.85,7.84,7.83,7.82,7.81,7.8,7.79,7.78,7.77,7.76,7.86,7.87,7.88,7.89,7.9,7.91,7.92,7.93,7.94,7.95,1125.67,4754.78,8673.22,2527.26,3312.46,4835.93,1964.47,829.22,488.04,2029.72,2942.98,2681.08,3820.93,4142.32,1027.79,3242.29,371.19,440.98,2087.54,376.57
337,7.85,7.84,7.83,7.82,7.81,7.8,7.79,7.78,7.77,7.76,7.86,7.87,7.88,7.89,7.9,7.91,7.92,7.93,7.94,7.95,810.47,5238.63,8673.22,2593.64,3312.46,4835.93,1964.47,829.22,488.04,2029.72,2699.4,2721.99,3778.93,4142.32,1027.79,3242.29,371.19,440.98,2087.54,376.57
338,7.85,7.84,7.83,7.82,7.81,7.8,7.79,7.78,7.77,7.76,7.86,7.87,7.88,7.89,7.9,7.91,7.92,7.93,7.94,7.95,814.08,6255.14,8601.09,2734.88,3310.53,4835.93,1964.47,829.22,1036.13,2027.49,622,4495.86,3573.06,3882.79,1027.79,3242.29,751.34,440.98,2087.54,376.57
339,7.85,7.84,7.83,7.82,7.81,7.8,7.79,7.78,7.77,7.76,7.86,7.87,7.88,7.89,7.9,7.91,7.92,7.93,7.94,7.95,1455.8,6292.69,7505.94,2129.27,3308.82,4846.64,2137.09,720.05,1007.41,2123.97,482.28,4165.62,2571.35,6123.65,1686.42,3032.13,545.08,482.15,2087.54,376.57
340,7.86,7.85,7.84,7.83,7.82,7.81,7.8,7.79,7.78,7.77,7.87,7.88,7.89,7.9,7.91,7.92,7.93,7.94,7.95,7.96,1.36,2421.51,6085.06,6996.4,2126,3132.07,4846.64,2137.09,720.05,1005.19,5440.59,2594.63,6697.23,1772.18,3148.24,925.24,482.15,2087.54,376.57,957.59
341,7.86,7.85,7.84,7.83,7.82,7.81,7.8,7.79,7.78,7.77,7.87,7.88,7.89,7.9,7.91,7.92,7.93,7.94,7.95,7.96,555.14,3605.01,5762.04,7088.29,2030.9,3132.07,4463.33,2139.31,655.91,491.43,4170.08,3345.56,6684.66,1772.18,3148.24,1034.55,482.15,2006.07,376.57,1038.86
342,7.86,7.85,7.84,7.83,7.82,7.81,7.8,7.79,7.78,7.77,7.87,7.88,7.89,7.9,7.91,7.92,7.93,7.94,7.95,7.96,299.96,3037.62,5389.7,7373.41,2030.9,3132.07,4846.62,2139.31,655.91,488.04,4890.22,2917.47,6684.66,1815.94,3148.24,1034.55,482.15,2006.07,376.57,1038.86
343,7.85,7.84,7.83,7.82,7.81,7.8,7.79,7.78,7.77,7.76,7.86,7.87,7.88,7.89,7.9,7.91,7.92,7.93,7.94,7.95,1824.88,6800.46,6210.73,3034.83,3132.07,4846.62,2137.09,690.2,1037.3,2059.65,683.33,4013.09,4929.04,3925.22,1099.93,3032.13,545.08,482.15,2006.07,376.57
344,7.85,7.84,7.83,7.82,7.81,7.8,7.79,7.78,7.77,7.76,7.86,7.87,7.88,7.89,7.9,7.91,7.92,7.93,7.94,7.95,1691.95,7570.26,5442.68,3034.83,3132.07,4954.8,2137.09,658.13,491.43,2027.49,682.33,4355.43,4909.16,3925.22,1099.93,3032.13,545.08,482.15,2006.07,376.57
345,7.85,7.84,7.83,7.82,7.81,7.8,7.79,7.78,7.77,7.76,7.86,7.87,7.88,7.89,7.9,7.91,7.92,7.93,7.94,7.95,815.71,8590.09,5442.68,3034.83,3132.07,4954.8,2137.09,658.13,491.43,2027.49,1059.25,4553.68,4787.32,3830.88,1099.93,3032.13,545.08,482.15,2006.07,376.57
346,7.85,7.84,7.83,7.82,7.81,7.8,7.79,7.78,7.77,7.76,7.86,7.87,7.88,7.89,7.9,7.91,7.92,7.93,7.94,7.95,1356.49,8057.96,5442.68,3034.83,3132.07,4954.8,2137.09,658.13,491.43,2027.49,673.61,4463.45,4691.54,3925.06,1099.93,3032.13,545.08,482.15,2006.07,376.57
347,7.86,7.85,7.84,7.83,7.82,7.81,7.8,7.79,7.78,7.77,7.87,7.88,7.89,7.9,7.91,7.92,7.93,7.94,7.95,7.96,643.07,3665.99,8271.15,5346.64,2030.9,3132.07,4463.33,2137.09,658.13,491.43,4185.28,3596.56,6110.45,1682.55,3157.96,1059.3,482.15,2006.07,376.57,1038.86
348,7.86,7.85,7.84,7.83,7.82,7.81,7.8,7.79,7.78,7.77,7.87,7.88,7.89,7.9,7.91,7.92,7.93,7.94,7.95,7.96,121.44,3665.99,7387.07,5344.72,2030.9,3132.07,4846.65,2137.09,661.52,488.04,4323.75,3581.69,6111.13,1679.6,3157.96,1062.25,482.15,2006.07,376.57,1038.86
349,7.86,7.85,7.84,7.83,7.82,7.81,7.8,7.79,7.78,7.77,7.87,7.88,7.89,7.9,7.91,7.92,7.93,7.94,7.95,7.96,185.29,4065.99,7891.16,5346.64,2030.9,3132.07,4846.63,2137.09,661.51,488.04,5609.67,2404.49,6111.13,1679.6,3157.96,1037.01,482.15,2006.07,376.57,1038.86
350,7.86,7.85,7.84,7.83,7.82,7.81,7.8,7.79,7.78,7.77,7.87,7.88,7.89,7.9,7.91,7.92,7.93,7.94,7.95,7.96,670.34,5070.06,6380.02,5479.41,2102.24,3060.73,4463.33,2137.09,1238.77,488.04,2875.02,3310.3,6111.13,1679.6,3157.96,1037.01,482.15,2006.07,376.57,1038.86
351,7.86,7.85,7.84,7.83,7.82,7.81,7.8,7.79,7.78,7.77,7.87,7.88,7.89,7.9,7.91,7.92,7.93,7.94,7.95,7.96,657.81,4916.41,5595.93,5479.41,2102.24,3060.73,4465.55,2137.09,659.29,488.04,2682.44,3271.01,6151.81,1679.6,3157.96,1037.01,482.15,2006.07,376.57,1038.86
352,7.86,7.85,7.84,7.83,7.82,7.81,7.8,7.79,7.78,7.77,7.87,7.88,7.89,7.9,7.91,7.92,7.93,7.94,7.95,7.96,660.41,5596.71,5595.92,5479.38,2102.24,3060.73,4465.55,2137.09,659.29,488.04,2052.04,3855.46,6151.81,1679.6,3157.96,1037.01,482.15,2006.07,376.57,1038.86
353,7.86,7.85,7.84,7.83,7.82,7.81,7.8,7.79,7.78,7.77,7.87,7.88,7.89,7.9,7.91,7.92,7.93,7.94,7.95,7.96,567.24,3406.02,5633.48,5346.64,2102.24,3060.73,4465.55,2137.09,659.29,488.04,3521.7,3386.22,6111.13,1679.6,3157.96,1037.01,482.15,2006.07,376.57,1038.86
354,7.86,7.85,7.84,7.83,7.82,7.81,7.8,7.79,7.78,7.77,7.87,7.88,7.89,7.9,7.91,7.92,7.93,7.94,7.95,7.96,547.8,3845.11,5746.61,5343.38,2102.24,3060.73,4465.55,2137.09,659.29,488.04,3589.23,3385.94,6111.13,1679.6,3157.96,1037.01,482.15,2006.07,376.57,1038.86
355,7.86,7.85,7.84,7.83,7.82,7.81,7.8,7.79,7.78,7.77,7.87,7.88,7.89,7.9,7.91,7.92,7.93,7.94,7.95,7.96,628.94,3700.76,5052.43,5378.94,2102.24,3060.73,4465.55,2137.09,659.29,488.04,2903.3,3587.71,6151.81,1679.6,3157.96,1037.01,482.15,2006.07,376.57,1038.86
356,7.86,7.85,7.84,7.83,7.82,7.81,7.8,7.79,7.78,7.77,7.87,7.88,7.89,7.9,7.91,7.92,7.93,7.94,7.95,7.96,574.21,3662.86,5528.12,5378.94,2102.24,3060.73,4465.55,2137.09,659.29,488.04,3149.7,3588.39,6151.81,1679.6,3157.96,1037.01,482.15,2006.07,376.57,1038.86
357,7.86,7.85,7.84,7.83,7.82,7.81,7.8,7.79,7.78,7.77,7.87,7.88,7.89,7.9,7.91,7.92,7.93,7.94,7.95,7.96,700.72,3883.82,5490.87,5445.28,2102.24,3060.73,4465.55,2137.09,659.29,488.04,3360.43,2926.9,6151.81,1679.6,3157.96,1037.01,482.15,2006.07,376.57,1038.86
358,7.86,7.85,7.84,7.83,7.82,7.81,7.8,7.79,7.78,7.77,7.87,7.88,7.89,7.9,7.91,7.92,7.93,7.94,7.95,7.96,700.72,4929.88,5471.68,5412.99,2102.24,3060.73,4465.55,2137.09,659.29,488.04,3056.27,2851.26,6151.81,1679.6,3157.96,1037.01,482.15,2006.07,376.57,1038.86
359,7.86,7.85,7.84,7.83,7.82,7.81,7.8,7.79,7.78,7.77,7.87,7.88,7.89,7.9,7.91,7.92,7.93,7.94,7.95,7.96,1425.92,4782.16,5471.62,5346.65,2102.24,2927.35,4465.55,2137.09,659.29,488.04,229.79,4234.85,6456.83,1774.68,3157.96,1037.01,861.79,2006.07,376.57,1038.86
360,7.86,7.85,7.84,7.83,7.82,7.81,7.8,7.79,7.78,7.77,7.87,7.88,7.89,7.9,7.91,7.92,7.93,7.94,7.95,7.96,560.02,3509.15,4707.9,5417.9,2030.9,3036.24,4465.55,2137.09,659.29,488.04,2456.78,3475.05,6112.83,1679.6,3157.96,1037.01,482.15,2006.07,376.57,1038.86
361,7.86,7.85,7.84,7.83,7.82,7.81,7.8,7.79,7.78,7.77,7.87,7.88,7.89,7.9,7.91,7.92,7.93,7.94,7.95,7.96,560.02,3946.85,5566.45,5417.9,2030.9,3036.24,4465.55,2137.09,659.29,488.04,2534.77,3711.09,6112.83,1679.6,3157.96,1037.01,482.15,2006.07,376.57,1038.86
362,7.86,7.85,7.84,7.83,7.82,7.81,7.8,7.79,7.78,7.77,7.87,7.88,7.89,7.9,7.91,7.92,7.93,7.94,7.95,7.96,1131.69,3689.38,5371.6,5417.9,2030.9,3036.24,4465.55,2137.09,659.29,488.04,2094.34,3674.13,6152.24,1679.6,3157.96,1037.01,482.15,2006.07,376.57,1038.86
363,7.86,7.85,7.84,7.83,7.82,7.81,7.8,7.79,7.78,7.77,7.87,7.88,7.89,7.9,7.91,7.92,7.93,7.94,7.95,7.96,1120.46,4945.96,5157.77,5417.9,2030.9,3036.24,4465.55,2137.09,659.29,488.04,1186.82,4452.23,6152.24,1679.6,3157.96,1037.01,482.15,2006.07,376.57,1038.86
364,7.86,7.85,7.84,7.83,7.82,7.81,7.8,7.79,7.78,7.77,7.87,7.88,7.89,7.9,7.91,7.92,7.93,7.94,7.95,7.96,1680.06,4706.74,5077.27,5417.9,2030.9,3035.4,4463.33,2137.09,659.29,488.04,705.09,4297.43,6456.83,1774.33,3157.96,1167.65,482.15,2006.07,376.57,1038.86
365,7.86,7.85,7.84,7.83,7.82,7.81,7.8,7.79,7.78,7.77,7.87,7.88,7.89,7.9,7.91,7.92,7.93,7.94,7.95,7.96,1162.54,5240.81,5625.34,4971.12,2030.9,3035.4,4463.33,2139.31,659.29,488.04,705.09,4564.38,6417.42,1191.71,3157.96,1167.65,482.15,2006.07,376.57,1038.86
366,7.86,7.85,7.84,7.83,7.82,7.81,7.8,7.79,7.78,7.77,7.87,7.88,7.89,7.9,7.91,7.92,7.93,7.94,7.95,7.96,1159.09,5310.57,6549.9,3908.08,2030.9,3035.4,4463.33,2137.09,659.29,488.04,705.09,4564.31,6417.42,1191.71,3157.96,1167.65,482.15,2006.07,376.57,1038.86
367,7.86,7.85,7.84,7.83,7.82,7.81,7.8,7.79,7.78,7.77,7.87,7.88,7.89,7.9,7.91,7.92,7.93,7.94,7.95,7.96,694.45,3348.04,6600.97,3908.08,2030.9,3035.4,4848.97,2137.09,1172.41,488.04,2794.58,3775.52,6112.16,1650.08,3157.96,1035.98,482.15,2006.07,376.57,957.59
368,7.85,7.84,7.83,7.82,7.81,7.8,7.79,7.78,7.77,7.76,7.86,7.87,7.88,7.89,7.9,7.91,7.92,7.93,7.94,7.95,809.13,5198.94,3228.75,5246.35,3239.12,4954.89,2137.09,661.51,1066.02,2027.49,582.51,2904,3648.57,2513.85,4897.37,3032.13,548.03,482.15,2006.07,457.94
369,7.85,7.84,7.83,7.82,7.81,7.8,7.79,7.78,7.77,7.76,7.86,7.87,7.88,7.89,7.9,7.91,7.92,7.93,7.94,7.95,1466.84,6612.44,6705.33,3069.29,3239.12,4846.7,2137.09,661.51,1066.02,2027.49,540.87,2946.83,5383.28,4210.75,1096.98,3032.13,548.03,482.15,2006.07,457.94
370,7.86,7.85,7.84,7.83,7.82,7.81,7.8,7.79,7.78,7.77,7.87,7.88,7.89,7.9,7.91,7.92,7.93,7.94,7.95,7.96,622.31,3422.81,6403.98,6367.89,2104.17,3035.4,4463.33,2137.09,1238.77,488.04,3205.61,4054.2,5860.23,1771.53,3157.92,1057.78,482.15,2006.07,376.57,984.83
371,7.85,7.84,7.83,7.82,7.81,7.8,7.79,7.78,7.77,7.76,7.86,7.87,7.88,7.89,7.9,7.91,7.92,7.93,7.94,7.95,1769.88,6325.08,6987.04,3136.71,3144.79,4846.64,2137.09,661.51,1066.02,2027.49,537.5,3080.86,4978.81,3925.75,1096.98,3032.13,548.03,482.15,2006.07,376.57
372,7.86,7.85,7.84,7.83,7.82,7.81,7.8,7.79,7.78,7.77,7.87,7.88,7.89,7.9,7.91,7.92,7.93,7.94,7.95,7.96,2077.58,5857.09,5034.64,6802.61,2102.25,3035.4,4463.33,2137.09,1238.77,488.04,1700.61,4236.25,6124.86,1671.58,3157.64,1036.93,482.15,2006.07,376.57,984.83
373,7.86,7.85,7.84,7.83,7.82,7.81,7.8,7.79,7.78,7.77,7.87,7.88,7.89,7.9,7.91,7.92,7.93,7.94,7.95,7.96,2087.66,5508.5,4845.95,6802.61,2102.25,3035.4,4463.33,2137.09,661.51,488.04,560.45,4589.34,6151.7,1671.58,3157.64,1036.93,861.82,2006.07,376.57,984.83
374,7.86,7.85,7.84,7.83,7.82,7.81,7.8,7.79,7.78,7.77,7.87,7.88,7.89,7.9,7.91,7.92,7.93,7.94,7.95,7.96,2081.82,5515.43,4845.95,6736.53,2102.25,3035.4,4463.33,2137.09,661.51,488.04,1914.37,3446.03,6511.74,1671.58,3157.64,1036.93,482.15,2006.07,376.57,984.83
375,7.86,7.85,7.84,7.83,7.82,7.81,7.8,7.79,7.78,7.77,7.87,7.88,7.89,7.9,7.91,7.92,7.93,7.94,7.95,7.96,1862.7,4641.08,5022.5,6736.53,2102.25,3035.4,4463.33,2137.09,661.51,488.04,3250.61,3516.28,6409.54,1671.58,3157.64,1036.93,482.15,2006.07,376.57,984.83
376,7.85,7.84,7.83,7.82,7.81,7.8,7.79,7.78,7.77,7.76,7.86,7.87,7.88,7.89,7.9,7.91,7.92,7.93,7.94,7.95,1407.61,5847.38,8123.6,3114.07,3157.19,4956.92,2137.09,661.51,1066.02,2027.49,602.21,2974.03,3498.93,6626.34,1096.98,3032.13,548.03,482.15,2006.07,457.94
377,7.86,7.85,7.84,7.83,7.82,7.81,7.8,7.79,7.78,7.77,7.87,7.88,7.89,7.9,7.91,7.92,7.93,7.94,7.95,7.96,760.65,4067.56,4883.34,6605.42,2102.25,3076.93,4462.29,2137.09,658.13,1033.91,1880.82,4834.25,5627.04,1760.99,3142.32,1033.4,482.15,2006.07,457.94,984.83
378,7.86,7.85,7.84,7.83,7.82,7.81,7.8,7.79,7.78,7.77,7.87,7.88,7.89,7.9,7.91,7.92,7.93,7.94,7.95,7.96,1807.33,5403.84,5617.34,5616.64,2102.25,3076.93,4462.29,2137.09,658.13,488.04,3241.35,4483.25,5575.08,1760.99,3142.32,1033.4,482.15,2006.07,457.94,984.83
379,7.85,7.84,7.83,7.82,7.81,7.8,7.79,7.78,7.77,7.76,7.86,7.87,7.88,7.89,7.9,7.91,7.92,7.93,7.94,7.95,1245.71,4375.59,7630.98,3115.55,3076.93,4969.93,2137.09,658.13,1066.02,2030.88,1048.74,3079.23,5708.69,3830.88,1099.93,3032.13,545.08,482.15,2006.07,457.94
380,7.85,7.84,7.83,7.82,7.81,7.8,7.79,7.78,7.77,7.76,7.86,7.87,7.88,7.89,7.9,7.91,7.92,7.93,7.94,7.95,2179.41,4830.83,7704.01,3149.84,3076.93,4969.93,2137.09,658.13,1066.02,2030.88,623.3,2883.04,5409.29,3926.18,1099.93,3032.13,545.08,482.15,2006.07,457.94
381,7.85,7.84,7.83,7.82,7.81,7.8,7.79,7.78,7.77,7.76,7.86,7.87,7.88,7.89,7.9,7.91,7.92,7.93,7.94,7.95,1774.18,5229.93,7464.65,3149.84,3076.93,4969.93,2137.09,658.13,488.04,2030.88,722.37,3251.32,5299.54,3830.88,1099.93,3032.13,545.08,482.15,2006.07,457.94
382,7.86,7.85,7.84,7.83,7.82,7.81,7.8,7.79,7.78,7.77,7.87,7.88,7.89,7.9,7.91,7.92,7.93,7.94,7.95,7.96,700.73,3528.6,5460.93,5922.3,2136.54,3076.93,4462.29,2137.09,658.13,1066.02,2216.07,4034.47,6387.17,1718.24,3159.82,1057.01,482.15,2006.07,457.94,984.83
383,7.86,7.85,7.84,7.83,7.82,7.81,7.8,7.79,7.78,7.77,7.87,7.88,7.89,7.9,7.91,7.92,7.93,7.94,7.95,7.96,724.18,3577.15,5502.53,5956.51,2102.25,3076.93,4462.29,2137.09,658.13,488.04,1176.13,4560.44,6822.4,1718.24,3159.82,1057.01,482.15,2006.07,457.94,984.83
384,7.87,7.86,7.85,7.84,7.83,7.82,7.81,7.8,7.79,7.78,7.88,7.89,7.9,7.91,7.92,7.93,7.94,7.95,7.96,7.97,2.04,2622.1,3182.93,6523.42,5729.6,963.22,3054.96,4636.45,2124.62,1078.42,4807.92,3698.1,6710.86,3159.82,1024.39,1034.82,2006.07,457.94,984.83,380.47
385,7.86,7.85,7.84,7.83,7.82,7.81,7.8,7.79,7.78,7.77,7.87,7.88,7.89,7.9,7.91,7.92,7.93,7.94,7.95,7.96,601.9,3367.22,6767.78,5697.31,963.22,3164.66,4636.45,2124.62,988.18,648.59,2087.93,4824.95,4582.06,4430.49,3159.82,892.61,655.1,2006.07,457.94,984.83
386,7.86,7.85,7.84,7.83,7.82,7.81,7.8,7.79,7.78,7.77,7.87,7.88,7.89,7.9,7.91,7.92,7.93,7.94,7.95,7.96,837.69,4114.96,7737.4,4075.55,963.22,3164.66,4636.45,1964.47,571.27,488.04,1286.16,4873.14,4806.15,4430.49,3159.82,892.61,655.1,2006.07,457.94,984.83
387,7.86,7.85,7.84,7.83,7.82,7.81,7.8,7.79,7.78,7.77,7.87,7.88,7.89,7.9,7.91,7.92,7.93,7.94,7.95,7.96,752.38,4114.37,7721.9,4072.28,963.22,3164.66,4636.45,1964.47,571.27,488.04,1432.82,4858.09,4784.05,3839.02,3159.82,892.61,655.1,2006.07,457.94,984.83
388,7.86,7.85,7.84,7.83,7.82,7.81,7.8,7.79,7.78,7.77,7.87,7.88,7.89,7.9,7.91,7.92,7.93,7.94,7.95,7.96,838.81,5066.58,7467.62,4070.36,963.22,3164.66,4636.45,1964.47,1052.32,488.04,721.22,4422.78,5504.08,3839.02,3159.82,892.61,655.1,2006.07,457.94,984.83
389,7.87,7.86,7.85,7.84,7.83,7.82,7.81,7.8,7.79,7.78,7.88,7.89,7.9,7.91,7.92,7.93,7.94,7.95,7.96,7.97,758.18,3339.41,4040.61,5778.05,5045.56,835.22,2781.83,4636.45,2092.59,1020.25,3331.34,5073.97,6121.07,3159.82,1011.34,1154.62,2006.07,457.94,984.83,380.47
390,7.87,7.86,7.85,7.84,7.83,7.82,7.81,7.8,7.79,7.78,7.88,7.89,7.9,7.91,7.92,7.93,7.94,7.95,7.96,7.97,842.82,3530.82,3398.63,5597.14,4881.2,927.44,2699,4546.45,2092.59,1018.03,1858.81,5188.11,6122.29,3159.82,1014.29,1087.21,2006.07,376.57,1052.24,461.64
391,7.87,7.86,7.85,7.84,7.83,7.82,7.81,7.8,7.79,7.78,7.88,7.89,7.9,7.91,7.92,7.93,7.94,7.95,7.96,7.97,689.42,4722.62,4954,5212.78,3227.15,927.44,2699,4546.45,1964.47,588.33,1605.64,5193.99,6118.12,3159.82,1014.29,1087.21,2006.07,376.57,1052.24,461.64
392,7.87,7.86,7.85,7.84,7.83,7.82,7.81,7.8,7.79,7.78,7.88,7.89,7.9,7.91,7.92,7.93,7.94,7.95,7.96,7.97,689.42,4844.77,4145.72,6186.12,5411.95,927.44,514.2,4546.45,1964.47,588.33,1295.92,5374.97,5499.67,3159.82,1014.29,1046.04,2006.07,417.74,1052.24,461.64
393,7.86,7.85,7.84,7.83,7.82,7.81,7.8,7.79,7.78,7.77,7.87,7.88,7.89,7.9,7.91,7.92,7.93,7.94,7.95,7.96,1344.91,7092.65,5811.42,5914.84,1040.14,897.08,4546.45,2412.89,716.61,918.31,531.62,4021.85,5788.16,3217.76,3159.82,895.56,546.52,2006.07,417.74,1052.24
