timestamp,bid_price_0,bid_price_1,bid_price_2,bid_price_3,bid_price_4,bid_price_5,bid_price_6,bid_price_7,bid_price_8,bid_price_9,ask_price_0,ask_price_1,ask_price_2,ask_price_3,ask_price_4,ask_price_5,ask_price_6,ask_price_7,ask_price_8,ask_price_9,bid_size_0,bid_size_1,bid_size_2,bid_size_3,bid_size_4,bid_size_5,bid_size_6,bid_size_7,bid_size_8,bid_size_9,ask_size_0,ask_size_1,ask_size_2,ask_size_3,ask_size_4,ask_size_5,ask_size_6,ask_size_7,ask_size_8,ask_size_9
0,7.9,7.89,7.88,7.87,7.86,7.85,7.84,7.83,7.82,7.81,7.91,7.92,7.93,7.94,7.95,7.96,7.97,7.98,7.99,8,240.11,3229.15,4457.46,5660.88,3731.18,3244.77,1577.14,580.03,2710.73,405.83,1983.23,3794.35,4292.25,4628.54,3018.13,1611.59,490.22,1934.2,364.47,742.25
1,7.89,7.88,7.87,7.86,7.85,7.84,7.83,7.82,7.81,7.8,7.9,7.91,7.92,7.93,7.94,7.95,7.96,7.97,7.98,7.99,566.12,5855.45,5463.81,4527.47,3347.35,1689.56,583.4,2710.73,405.83,4875.2,1290.53,3864.57,5672.71,2189.11,2057.07,3084.22,1057.98,381.58,2015.27,364.47
2,7.89,7.88,7.87,7.86,7.85,7.84,7.83,7.82,7.81,7.8,7.9,7.91,7.92,7.93,7.94,7.95,7.96,7.97,7.98,7.99,428.33,5472.11,6558.11,3906.55,3347.35,1689.56,983.13,2168.26,373.88,4318.58,2633.61,2922.05,5853.55,2189.11,1998.1,3088.86,1057.98,376.94,2015.27,364.47
3,7.89,7.88,7.87,7.86,7.85,7.84,7.83,7.82,7.81,7.8,7.9,7.91,7.92,7.93,7.94,7.95,7.96,7.97,7.98,7.99,681.58,5765.77,5912.55,3906.55,3345.14,1755.68,985.35,2168.26,373.88,4318.58,1105.86,4277.62,5756.33,2248.81,1998.1,3088.86,1057.98,376.94,2015.27,364.47
4,7.89,7.88,7.87,7.86,7.85,7.84,7.83,7.82,7.81,7.8,7.9,7.91,7.92,7.93,7.94,7.95,7.96,7.97,7.98,7.99,1309.02,6459.27,6172.53,3631.59,3345.14,1677.25,985.35,2168.26,948.98,4318.58,530.48,4785.68,5609.02,3277.14,905.25,3190.65,1057.98,376.94,2015.27,364.47
5,7.89,7.88,7.87,7.86,7.85,7.84,7.83,7.82,7.81,7.8,7.9,7.91,7.92,7.93,7.94,7.95,7.96,7.97,7.98,7.99,673.24,5792.01,6627.67,3631.59,3345.14,1677.25,985.35,2168.26,373.88,4318.58,1403.51,4993.39,5219.03,3181.62,905.25,3088.86,1057.98,376.94,2015.27,364.47
6,7.88,7.87,7.86,7.85,7.84,7.83,7.82,7.81,7.8,7.79,7.89,7.9,7.91,7.92,7.93,7.94,7.95,7.96,7.97,7.98,1796.65,7273.67,5255.52,5115.91,1799.86,1469.27,2168.26,853.13,4414.55,565.94,547.38,3458.79,6035.97,5855.33,1010.6,852.43,2244.39,953.77,376.94,447.98
7,7.88,7.87,7.86,7.85,7.84,7.83,7.82,7.81,7.8,7.79,7.89,7.9,7.91,7.92,7.93,7.94,7.95,7.96,7.97,7.98,2224.16,7308.69,5255.52,5049.74,1799.86,1193.12,2342.94,373.88,4318.58,72.68,3.4,3642.3,8120.27,4104.53,1071.03,792.73,2623.16,953.77,376.94,447.98
8,7.89,7.88,7.87,7.86,7.85,7.84,7.83,7.82,7.81,7.8,7.9,7.91,7.92,7.93,7.94,7.95,7.96,7.97,7.98,7.99,642.13,3497.11,7104.61,5417.9,4498.03,1677.25,811.21,2342.94,948.98,4318.58,2203.08,5777.34,5972.2,3466.91,792.73,2623.16,953.77,376.94,447.98,532.74
9,7.88,7.87,7.86,7.85,7.84,7.83,7.82,7.81,7.8,7.79,7.89,7.9,7.91,7.92,7.93,7.94,7.95,7.96,7.97,7.98,1026.03,6302.05,6635.5,4564.86,1799.36,1396.98,2342.94,373.88,4894.4,72.68,913.8,3654,6642.11,4285.07,3230.28,761.92,2244.39,953.77,376.94,447.98
10,7.88,7.87,7.86,7.85,7.84,7.83,7.82,7.81,7.8,7.79,7.89,7.9,7.91,7.92,7.93,7.94,7.95,7.96,7.97,7.98,655.82,4417.68,6533.18,6665.04,1581.66,1396.98,2342.94,373.88,4537.4,72.68,2895.2,3209.88,6249.66,4285.07,3008.32,933.41,2069.26,1021.18,376.94,447.98
11,7.88,7.87,7.86,7.85,7.84,7.83,7.82,7.81,7.8,7.79,7.89,7.9,7.91,7.92,7.93,7.94,7.95,7.96,7.97,7.98,507.93,3816.15,6116.44,6193.98,3641.1,1396.98,2425.66,373.88,5113.22,72.68,2649.53,3569.78,5473.94,3829.71,2947.89,912.94,2069.26,1021.18,376.94,447.98
12,7.88,7.87,7.86,7.85,7.84,7.83,7.82,7.81,7.8,7.79,7.89,7.9,7.91,7.92,7.93,7.94,7.95,7.96,7.97,7.98,70.25,2605.88,6152.24,7893.27,3735.04,1396.98,2633.35,547.33,4537.4,649.22,2891.1,3439.09,6975.19,1674.72,2981.91,1039.63,2069.26,1021.18,376.94,447.98
13,7.87,7.86,7.85,7.84,7.83,7.82,7.81,7.8,7.79,7.78,7.88,7.89,7.9,7.91,7.92,7.93,7.94,7.95,7.96,7.97,918,7358.34,7912.5,3804.61,1497.79,2746.69,550.71,4537.4,649.22,510.22,535.53,3050.68,4909.15,5062.49,1735.15,2945.61,544.22,1938.92,1021.18,418.11
14,7.86,7.85,7.84,7.83,7.82,7.81,7.8,7.79,7.78,7.77,7.87,7.88,7.89,7.9,7.91,7.92,7.93,7.94,7.95,7.96,1110.45,8761.98,5697.08,4013.09,1243.02,2583.3,4710.78,553.13,542.29,661.39,599.41,2938.38,2954.52,3850.52,6536.54,818.32,666.85,375.68,1938.92,1099.5
15,7.86,7.85,7.84,7.83,7.82,7.81,7.8,7.79,7.78,7.77,7.87,7.88,7.89,7.9,7.91,7.92,7.93,7.94,7.95,7.96,10.04,4607.61,8949.67,4799.7,1160.3,2585.52,5177.09,72.68,465.32,179.74,3085.39,3269.97,3230.9,3786.66,6581.81,790.4,497.08,372.33,1934.28,1099.5
16,7.85,7.84,7.83,7.82,7.81,7.8,7.79,7.78,7.77,7.76,7.86,7.87,7.88,7.89,7.9,7.91,7.92,7.93,7.94,7.95,180.44,5545.5,8775.54,3525.71,975.86,6822.71,814.76,465.32,757.72,1938.27,2209.04,3046.32,2542.25,3943.67,3393.97,4535.59,367.7,371.45,372.33,1975.45
17,7.85,7.84,7.83,7.82,7.81,7.8,7.79,7.78,7.77,7.76,7.86,7.87,7.88,7.89,7.9,7.91,7.92,7.93,7.94,7.95,865.94,5304.42,7523.36,5707.59,975.86,6712.14,430.89,465.32,179.74,1938.27,588.88,4460.97,3103.93,3418.34,3404.77,4474.42,370.65,371.45,369.38,1975.45
18,7.85,7.84,7.83,7.82,7.81,7.8,7.79,7.78,7.77,7.76,7.86,7.87,7.88,7.89,7.9,7.91,7.92,7.93,7.94,7.95,564.37,5660.45,7206.74,5772.33,973.64,6714.37,430.89,465.32,179.74,1938.27,2203.71,4627.9,3052.48,5500.17,1310.21,3229.17,1937.94,371.45,369.38,408.16
19,7.85,7.84,7.83,7.82,7.81,7.8,7.79,7.78,7.77,7.76,7.86,7.87,7.88,7.89,7.9,7.91,7.92,7.93,7.94,7.95,263.19,3653.67,8289.87,4740.56,3190.44,5223.9,2513.54,465.32,179.74,2517.15,3684.09,5001.58,3598.93,3261.41,1110.81,3205.04,1937.94,371.45,450.85,408.16
20,7.86,7.85,7.84,7.83,7.82,7.81,7.8,7.79,7.78,7.77,7.87,7.88,7.89,7.9,7.91,7.92,7.93,7.94,7.95,7.96,773.47,1384.06,5769.63,6259.55,4709.33,3094.65,4622.57,2129.7,465.32,179.74,2545.43,5113.97,4965.32,1110.81,3306.71,2420.7,371.45,450.85,408.16,1018.23
21,7.86,7.85,7.84,7.83,7.82,7.81,7.8,7.79,7.78,7.77,7.87,7.88,7.89,7.9,7.91,7.92,7.93,7.94,7.95,7.96,716.98,2962.46,5342.96,6209,4313.82,3023.32,4622.57,2129.7,946.37,179.74,2936.93,5346.27,5150.77,1410.01,3306.71,2419.91,371.45,372.33,408.16,1099.5
22,7.86,7.85,7.84,7.83,7.82,7.81,7.8,7.79,7.78,7.77,7.87,7.88,7.89,7.9,7.91,7.92,7.93,7.94,7.95,7.96,635.72,2983.82,4664.11,7275.9,4316.04,3026.7,4620.34,2126.31,465.32,179.74,3272.97,5260.09,5150.83,1429.33,3195.41,2594.81,371.45,372.33,366.99,1099.5
23,7.87,7.86,7.85,7.84,7.83,7.82,7.81,7.8,7.79,7.78,7.88,7.89,7.9,7.91,7.92,7.93,7.94,7.95,7.96,7.97,640.27,2662.4,3370.31,2950.75,6408.51,4296.15,2611.58,4537.4,2065.81,978.44,5131.86,3623,5239.59,3195.41,1128.89,855.61,1939.62,366.99,1099.5,414.15
24,7.87,7.86,7.85,7.84,7.83,7.82,7.81,7.8,7.79,7.78,7.88,7.89,7.9,7.91,7.92,7.93,7.94,7.95,7.96,7.97,639.65,2987.15,8283.72,2670.63,3688.31,2195.97,2611.58,4537.4,2097.84,978.44,5224.12,3521.36,5241.51,3136.77,1190.06,855.61,1939.62,366.99,1099.5,414.15
25,7.87,7.86,7.85,7.84,7.83,7.82,7.81,7.8,7.79,7.78,7.88,7.89,7.9,7.91,7.92,7.93,7.94,7.95,7.96,7.97,517.13,2694.22,3407.83,3787,7441.79,2195.97,2611.58,4537.4,2033.78,465.32,5684.32,3096.35,5241.53,3136.77,1190.06,855.61,1939.62,366.99,1099.5,414.15
26,7.87,7.86,7.85,7.84,7.83,7.82,7.81,7.8,7.79,7.78,7.88,7.89,7.9,7.91,7.92,7.93,7.94,7.95,7.96,7.97,876.21,4038.54,1831.49,3698.54,6942.55,2195.97,2611.58,4711.96,1861.61,465.32,414.6,5301.54,6139.24,3230.61,1015.16,1030.09,1939.62,366.99,1099.5,414.15
27,7.88,7.87,7.86,7.85,7.84,7.83,7.82,7.81,7.8,7.79,7.89,7.9,7.91,7.92,7.93,7.94,7.95,7.96,7.97,7.98,855.67,4152.44,2000.35,2725.32,2713.22,5339.42,1773.48,2607.31,4601.38,2374.09,376.53,4728.54,5584.18,3685.76,994.58,2603.66,371.63,1106.41,414.15,366.91
28,7.89,7.88,7.87,7.86,7.85,7.84,7.83,7.82,7.81,7.8,7.9,7.91,7.92,7.93,7.94,7.95,7.96,7.97,7.98,7.99,676.75,3184.29,2650.81,2392.05,3223.94,3239.49,5337.69,1777.85,437.78,4889.29,1564.67,3163.28,3075.16,5588.38,998.17,1033.31,2673.7,372.98,366.91,573.91
29,7.89,7.88,7.87,7.86,7.85,7.84,7.83,7.82,7.81,7.8,7.9,7.91,7.92,7.93,7.94,7.95,7.96,7.97,7.98,7.99,974.1,4852.67,3538.87,1980.88,2134.02,5339.67,2630.81,573.91,373.88,4537.4,426.25,3056.56,3977.82,5689.56,1057.87,1135.23,2592.43,372.98,447.98,573.91
30,7.91,7.9,7.89,7.88,7.87,7.86,7.85,7.84,7.83,7.82,7.92,7.93,7.94,7.95,7.96,7.97,7.98,7.99,8,8.01,323.81,1614.85,3570.44,3994.51,3421.21,1482.01,1450.22,3109.03,4667.34,2528.78,2491.96,2593.15,1653.18,4099.2,3187.47,3223.07,1937.15,473.05,701.08,296.16
31,7.91,7.9,7.89,7.88,7.87,7.86,7.85,7.84,7.83,7.82,7.92,7.93,7.94,7.95,7.96,7.97,7.98,7.99,8,8.01,629.93,2646.96,4384.99,8249.4,2030.98,1379.89,2627.44,1455.73,425.21,2528.78,761.18,3526.25,2109.09,5265.85,3741.1,1035.79,1937.15,473.05,701.08,296.16
32,7.91,7.9,7.89,7.88,7.87,7.86,7.85,7.84,7.83,7.82,7.92,7.93,7.94,7.95,7.96,7.97,7.98,7.99,8,8.01,655.33,2349.55,3222.33,8072.44,2107.03,1490.83,2525.27,1484.19,788.33,2113.95,1308.45,3425.88,4118.65,2103.1,5314.82,1035.79,4096.4,473.05,705.04,296.16
33,7.9,7.89,7.88,7.87,7.86,7.85,7.84,7.83,7.82,7.81,7.91,7.92,7.93,7.94,7.95,7.96,7.97,7.98,7.99,8,948.27,2492.56,3157.78,3774.93,1581.4,764.2,1484.19,915.81,380.03,1493.92,489.93,2228.01,3142.48,3492.3,1046.01,1822.75,555.06,369.86,472.4,838.39
34,7.9,7.89,7.88,7.87,7.86,7.85,7.84,7.83,7.82,7.81,7.91,7.92,7.93,7.94,7.95,7.96,7.97,7.98,7.99,8,911.48,3918.94,5814.12,5943.29,3723.35,866.97,3058.64,374.02,380.03,373.88,432.85,2933.75,5280.26,7876.88,1073.24,1578.05,2122.35,369.86,472.4,705.04
35,7.91,7.9,7.89,7.88,7.87,7.86,7.85,7.84,7.83,7.82,7.92,7.93,7.94,7.95,7.96,7.97,7.98,7.99,8,8.01,14.08,2103.88,8329.27,3436.77,3138.24,3721.9,764.21,3062.01,405.89,380.03,3379.77,3089.21,8194.57,3575.44,1577.2,2500.09,369.86,472.4,624.18,296.81
36,7.9,7.89,7.88,7.87,7.86,7.85,7.84,7.83,7.82,7.81,7.91,7.92,7.93,7.94,7.95,7.96,7.97,7.98,7.99,8,1517.58,4186.58,8189.39,3579.73,3224.76,865.54,3062.01,852.07,475.76,674.21,173.14,2968.68,5045.97,5718.53,3228.49,1470.2,2500.12,369.86,472.4,624.18
37,7.9,7.89,7.88,7.87,7.86,7.85,7.84,7.83,7.82,7.81,7.91,7.92,7.93,7.94,7.95,7.96,7.97,7.98,7.99,8,1737.83,4713.87,8125.57,3326.45,3215.94,764.21,3062.01,852.07,475.76,674.21,4.08,2670.49,5301.29,5804.43,3228.49,1578.09,2500.11,369.86,472.4,624.18
38,7.91,7.9,7.89,7.88,7.87,7.86,7.85,7.84,7.83,7.82,7.92,7.93,7.94,7.95,7.96,7.97,7.98,7.99,8,8.01,2.72,2468.83,7474.96,5301.39,2764.11,3228.24,764.19,3062.01,820.2,475.76,3380.76,2985.33,8099.33,3628.05,1578.09,2500.11,369.86,472.4,624.18,296.81
39,7.9,7.89,7.88,7.87,7.86,7.85,7.84,7.83,7.82,7.81,7.91,7.92,7.93,7.94,7.95,7.96,7.97,7.98,7.99,8,655.57,6264.42,6898.53,2592.65,3228.24,866.07,3062.01,374.02,954.41,386.66,1320.04,3623.07,5102.53,5669.8,3170.25,1470.2,2122.35,369.86,472.4,705.04
40,7.9,7.89,7.88,7.87,7.86,7.85,7.84,7.83,7.82,7.81,7.91,7.92,7.93,7.94,7.95,7.96,7.97,7.98,7.99,8,573.53,6391.08,4920.15,4775.36,3228.24,866.07,3062.01,374.02,922.5,373.88,1501.58,3581.64,5014.6,5669.8,3170.25,1558.28,2034.82,369.86,472.4,705.04
41,7.9,7.89,7.88,7.87,7.86,7.85,7.84,7.83,7.82,7.81,7.91,7.92,7.93,7.94,7.95,7.96,7.97,7.98,7.99,8,987.76,6595.55,4756.11,5096.95,3228.24,866.07,3062.01,374.02,380.03,373.88,555.29,3060.14,5063.35,5765.08,3170.25,1558.28,2034.82,369.86,472.4,705.04
42,7.9,7.89,7.88,7.87,7.86,7.85,7.84,7.83,7.82,7.81,7.91,7.92,7.93,7.94,7.95,7.96,7.97,7.98,7.99,8,739.18,6070.71,4756.11,5096.95,3228.24,866.07,3062.01,374.02,380.03,373.88,3490.73,2827.66,4520.94,3529.33,3170.25,1558.28,2034.82,369.86,472.4,718.82
43,7.9,7.89,7.88,7.87,7.86,7.85,7.84,7.83,7.82,7.81,7.91,7.92,7.93,7.94,7.95,7.96,7.97,7.98,7.99,8,17.28,3693.2,7709.15,5179.48,3226.03,1037.28,3445.67,374.02,380.03,373.88,5520.8,2853.85,4205.52,3470.36,3117.43,1631.62,1948.26,366.91,472.4,718.82
44,7.89,7.88,7.87,7.86,7.85,7.84,7.83,7.82,7.81,7.8,7.9,7.91,7.92,7.93,7.94,7.95,7.96,7.97,7.98,7.99,738.08,5064.33,9003.34,3543.2,988.87,3371.71,639.85,383.4,948.98,4318.58,603.89,5213.34,6388.25,1587.2,998.98,3101.98,1063.71,1948.26,447.98,472.4
45,7.89,7.88,7.87,7.86,7.85,7.84,7.83,7.82,7.81,7.8,7.9,7.91,7.92,7.93,7.94,7.95,7.96,7.97,7.98,7.99,1066.15,6436.51,7872.44,3575.27,988.87,3371.71,639.85,383.4,373.88,4318.58,901.89,4890.4,6429.87,1587.2,998.98,3101.98,1063.71,1948.26,447.98,473.05
46,7.88,7.87,7.86,7.85,7.84,7.83,7.82,7.81,7.8,7.79,7.89,7.9,7.91,7.92,7.93,7.94,7.95,7.96,7.97,7.98,918.8,7298.53,6612.46,3802.06,1784.18,949.61,2247.21,853.13,4414.55,553.13,846.53,2893.23,5488.71,3214.66,5582.04,896.98,544.09,953.77,1981.44,447.98
47,7.87,7.86,7.85,7.84,7.83,7.82,7.81,7.8,7.79,7.78,7.88,7.89,7.9,7.91,7.92,7.93,7.94,7.95,7.96,7.97,803.2,4520.88,2651.39,7858.6,928.86,4703.35,1025.04,4600.34,72.68,914.3,1380.65,3535.4,2617.02,4259.92,5473.73,3310.25,466.61,375.59,1032.09,1982.09
48,7.87,7.86,7.85,7.84,7.83,7.82,7.81,7.8,7.79,7.78,7.88,7.89,7.9,7.91,7.92,7.93,7.94,7.95,7.96,7.97,132.41,2285.69,9753.35,2925.79,928.92,4688.95,928.8,4504.37,72.68,465.32,2745.7,3231.5,2064.04,8286.27,1211.33,3296.7,379.84,370.95,1032.09,1981.44
49,7.87,7.86,7.85,7.84,7.83,7.82,7.81,7.8,7.79,7.78,7.88,7.89,7.9,7.91,7.92,7.93,7.94,7.95,7.96,7.97,342.86,3946.86,8688.64,4154.03,1054.29,2883.93,2363.01,4855.98,104.71,1010.51,2456.92,2736.69,2402.71,7396.68,1204.13,3397.99,2014.54,412.12,1032.09,373.63
50,7.86,7.85,7.84,7.83,7.82,7.81,7.8,7.79,7.78,7.77,7.87,7.88,7.89,7.9,7.91,7.92,7.93,7.94,7.95,7.96,1157.69,6728.49,7908.19,1598.93,2985.89,2468.37,4855.98,104.71,1010.51,179.74,493.31,2638.78,2240.86,3987.36,5789.28,1083.69,2917.02,2014.54,412.12,1032.09
51,7.86,7.85,7.84,7.83,7.82,7.81,7.8,7.79,7.78,7.77,7.87,7.88,7.89,7.9,7.91,7.92,7.93,7.94,7.95,7.96,878.16,5938.12,7908.19,1598.93,2985.89,2468.37,4855.98,72.68,465.32,179.74,596.01,3010.37,2630.21,3365.35,7935.84,1070.69,757.77,2014.54,412.12,1032.09
52,7.86,7.85,7.84,7.83,7.82,7.81,7.8,7.79,7.78,7.77,7.87,7.88,7.89,7.9,7.91,7.92,7.93,7.94,7.95,7.96,270.07,4287.39,10733.41,1598.93,2985.89,2468.37,5239.31,72.68,465.32,179.74,5098.11,2443.23,3814.09,3851.34,3322.77,991.9,583.85,2089.71,412.12,950.82
53,7.86,7.85,7.84,7.83,7.82,7.81,7.8,7.79,7.78,7.77,7.87,7.88,7.89,7.9,7.91,7.92,7.93,7.94,7.95,7.96,905.05,5124.05,5844.44,5352.41,2985.89,2362.96,4852.6,72.68,468.71,179.74,71.61,4491.66,1976.85,1639.04,1427.02,1142.21,963.52,522.42,545.47,1479.42
54,7.86,7.85,7.84,7.83,7.82,7.81,7.8,7.79,7.78,7.77,7.87,7.88,7.89,7.9,7.91,7.92,7.93,7.94,7.95,7.96,241.13,2590.22,6432.35,4343.79,2946.79,3116.18,6458.88,72.68,468.71,757.72,1523.06,3502.02,5785.86,3638.28,3322.77,2559.19,583.85,522.42,412.12,950.82
55,7.86,7.85,7.84,7.83,7.82,7.81,7.8,7.79,7.78,7.77,7.87,7.88,7.89,7.9,7.91,7.92,7.93,7.94,7.95,7.96,70.33,2722.11,11660.48,1259.69,846.61,3116.18,6842.22,72.68,468.71,179.74,2944.18,2946.75,5785.86,3638.28,3322.77,2559.19,583.85,522.42,412.12,950.82
56,7.86,7.85,7.84,7.83,7.82,7.81,7.8,7.79,7.78,7.77,7.87,7.88,7.89,7.9,7.91,7.92,7.93,7.94,7.95,7.96,399.61,2915.58,10217.57,2771.78,2023.27,3107.92,6284.86,247.37,981.83,243.96,1854.58,4178.13,7125.64,1500.07,3001.13,2591.21,366.18,522.42,581.04,950.82
57,7.86,7.85,7.84,7.83,7.82,7.81,7.8,7.79,7.78,7.77,7.87,7.88,7.89,7.9,7.91,7.92,7.93,7.94,7.95,7.96,114.01,2149.07,5044.56,2625.16,2023.27,965.97,5061.95,248.17,1013.65,3202.78,2821.58,3229.19,4191.21,5307.5,3001.93,2590.33,366.18,522.42,581.84,950.82
58,7.86,7.85,7.84,7.83,7.82,7.81,7.8,7.79,7.78,7.77,7.87,7.88,7.89,7.9,7.91,7.92,7.93,7.94,7.95,7.96,484.62,2905.2,7726.91,6867.29,2023.27,965.97,6284.86,248.17,468.71,482.58,2603.54,3972.38,5228.06,3436.6,3001.93,2590.33,366.18,522.42,581.84,950.82
59,7.85,7.84,7.83,7.82,7.81,7.8,7.79,7.78,7.77,7.76,7.86,7.87,7.88,7.89,7.9,7.91,7.92,7.93,7.94,7.95,1005.45,7336.57,6367.33,2405.6,3107.92,6802.11,248.17,468.71,482.58,368.03,579.47,4094.44,6551.84,4032.55,953.49,2899.39,2109.59,366.18,522.42,581.84
60,7.85,7.84,7.83,7.82,7.81,7.8,7.79,7.78,7.77,7.76,7.86,7.87,7.88,7.89,7.9,7.91,7.92,7.93,7.94,7.95,640.33,4644.68,6513.91,4571.39,3107.92,6802.11,248.17,468.71,644,368.03,687.16,4342.89,4446.77,5242.24,934.22,3068.98,1933.98,407.35,523.29,533.78
61,7.85,7.84,7.83,7.82,7.81,7.8,7.79,7.78,7.77,7.76,7.86,7.87,7.88,7.89,7.9,7.91,7.92,7.93,7.94,7.95,849.03,4207.56,7318.26,4975.91,3198.6,5161.07,248.17,2077.22,932.99,496.67,884.05,4412.5,6284.19,5306.93,802.57,1033.22,1933.98,407.35,523.29,533.78
62,7.84,7.83,7.82,7.81,7.8,7.79,7.78,7.77,7.76,7.75,7.85,7.86,7.87,7.88,7.89,7.9,7.91,7.92,7.93,7.94,2399.47,5921.09,7491.56,3789.4,5274.41,631.98,2077.22,932.99,496.67,1696.55,329.55,2396.99,4340.08,6049.32,5274.88,802.57,652.59,1933.98,407.35,523.29
63,7.84,7.83,7.82,7.81,7.8,7.79,7.78,7.77,7.76,7.75,7.85,7.86,7.87,7.88,7.89,7.9,7.91,7.92,7.93,7.94,1006.15,6202.8,4408.93,3684.38,4880.99,2571.5,2334.31,698.68,593.15,1149.15,2010.15,3861.92,5229.79,3709.82,5253.19,1075.04,480.84,1931.03,407.35,523.29
64,7.84,7.83,7.82,7.81,7.8,7.79,7.78,7.77,7.76,7.75,7.85,7.86,7.87,7.88,7.89,7.9,7.91,7.92,7.93,7.94,1042.25,7050.83,4140.25,3767.54,4880.99,2571.5,2330.92,666.57,1175.43,1149.15,1852.19,5761.71,4805.37,3647.17,3096.63,1075.04,480.84,1931.03,407.35,523.29
65,7.83,7.82,7.81,7.8,7.79,7.78,7.77,7.76,7.75,7.74,7.84,7.85,7.86,7.87,7.88,7.89,7.9,7.91,7.92,7.93,667.03,4444.47,6595.95,7049.65,2693.72,2653.03,759.38,545.89,1632.15,377.04,1083.91,3414.4,4742.64,4133.78,3148.07,2987.82,479.74,368.52,2013.4,408
66,7.83,7.82,7.81,7.8,7.79,7.78,7.77,7.76,7.75,7.74,7.84,7.85,7.86,7.87,7.88,7.89,7.9,7.91,7.92,7.93,817.85,6102.29,5657.35,7049.65,2693.72,2653.03,759.38,545.89,1149.15,377.04,510.66,4830.74,5059.35,3979.38,1056.86,3074.22,392.18,406.34,2013.4,366.83
67,7.83,7.82,7.81,7.8,7.79,7.78,7.77,7.76,7.75,7.74,7.84,7.85,7.86,7.87,7.88,7.89,7.9,7.91,7.92,7.93,2023.4,8471.23,5036.65,5318.04,2673.75,2645.34,756.19,545.89,1149.15,377.04,356.43,2746.06,6635.56,3825.14,1056.86,3185.48,392.18,406.34,2013.4,366.83
68,7.83,7.82,7.81,7.8,7.79,7.78,7.77,7.76,7.75,7.74,7.84,7.85,7.86,7.87,7.88,7.89,7.9,7.91,7.92,7.93,912.95,8085.45,6817.58,5338.09,2673.75,2643.11,758.42,545.89,2147.35,377.04,556.01,4421.1,5482.52,3823.22,1056.86,3074.22,392.18,406.34,2013.4,366.83
69,7.83,7.82,7.81,7.8,7.79,7.78,7.77,7.76,7.75,7.74,7.84,7.85,7.86,7.87,7.88,7.89,7.9,7.91,7.92,7.93,896.74,7778.57,6817.58,5338.09,2673.75,2643.11,758.42,545.89,1149.15,377.04,1056.4,4077.35,5924.23,3729.11,1056.86,3074.22,392.18,406.34,2013.4,366.83
70,7.83,7.82,7.81,7.8,7.79,7.78,7.77,7.76,7.75,7.74,7.84,7.85,7.86,7.87,7.88,7.89,7.9,7.91,7.92,7.93,857.62,7078.91,7125.05,5342.28,2673.75,2643.11,758.42,545.89,1149.15,377.04,2103.08,3651.47,4963.63,3729.11,1056.86,3074.22,392.18,406.34,2013.4,366.83
71,7.82,7.81,7.8,7.79,7.78,7.77,7.76,7.75,7.74,7.73,7.83,7.84,7.85,7.86,7.87,7.88,7.89,7.9,7.91,7.92,1247.79,7694.21,8610.94,3168.03,1154.16,2855.43,545.89,1535.55,538.24,793.14,1097,3669.34,4592.47,7380.44,1455.11,1043.58,2223.42,368.05,410.3,446.11
72,7.82,7.81,7.8,7.79,7.78,7.77,7.76,7.75,7.74,7.73,7.83,7.84,7.85,7.86,7.87,7.88,7.89,7.9,7.91,7.92,616.07,5041.01,12846.68,1109.95,3212.96,2855.43,625.85,1313.56,506,405.78,1823.43,3469.22,4074.15,5285.32,3243.41,1117.37,2051.04,368.05,410.3,446.11
73,7.82,7.81,7.8,7.79,7.78,7.77,7.76,7.75,7.74,7.73,7.83,7.84,7.85,7.86,7.87,7.88,7.89,7.9,7.91,7.92,510.27,4503.8,13314.84,1109.95,3212.96,2855.43,625.85,1152.56,377.04,405.78,1761.37,4016.33,3394.86,4879.13,3036.75,934.74,2051.04,365.1,410.3,446.11
74,7.83,7.82,7.81,7.8,7.79,7.78,7.77,7.76,7.75,7.74,7.84,7.85,7.86,7.87,7.88,7.89,7.9,7.91,7.92,7.93,651.05,2630.31,3675.63,12193.73,688.58,3178.78,2364.7,542.49,1281.36,828.4,2576.2,5298.42,4717.03,3036.75,1037.38,2432.63,365.1,410.3,446.11,366.83
75,7.83,7.82,7.81,7.8,7.79,7.78,7.77,7.76,7.75,7.74,7.84,7.85,7.86,7.87,7.88,7.89,7.9,7.91,7.92,7.93,253.71,1645.95,5907.82,9094.06,4399.26,3178.78,2749.49,542.49,1281.36,828.4,3880.38,3205.14,2628.35,5594.97,3018.13,2607.62,368.05,410.3,446.11,366.83
76,7.82,7.81,7.8,7.79,7.78,7.77,7.76,7.75,7.74,7.73,7.83,7.84,7.85,7.86,7.87,7.88,7.89,7.9,7.91,7.92,897.55,5366.31,12460.82,1315.31,3293.77,2856.63,542.49,1281.36,828.4,779.99,303.61,6771.64,3897.6,2168.56,944.9,3018.13,2226.02,368.05,410.3,446.11
77,7.83,7.82,7.81,7.8,7.79,7.78,7.77,7.76,7.75,7.74,7.84,7.85,7.86,7.87,7.88,7.89,7.9,7.91,7.92,7.93,183.37,1846.33,5727.84,12332.01,710.97,3178.78,2749.47,542.49,1635.56,377.04,4878.08,5446.65,3701.69,1372.67,3018.13,2611.83,368.05,410.3,446.11,366.83
78,7.82,7.81,7.8,7.79,7.78,7.77,7.76,7.75,7.74,7.73,7.83,7.84,7.85,7.86,7.87,7.88,7.89,7.9,7.91,7.92,1798.12,4252.41,11339.51,3221.56,3301.88,2749.47,542.49,1571.16,538.24,405.78,54.58,6127.88,3254.78,3226.52,944.9,3018.13,2607.63,368.05,410.3,446.11
79,7.83,7.82,7.81,7.8,7.79,7.78,7.77,7.76,7.75,7.74,7.84,7.85,7.86,7.87,7.88,7.89,7.9,7.91,7.92,7.93,641.85,2582.22,2785.53,11032.21,2788.11,3178.78,2364.7,542.49,2150.76,473.76,2133.29,6488.92,1046.78,3111.68,3023.2,2607.63,368.05,410.3,446.11,366.83
80,7.83,7.82,7.81,7.8,7.79,7.78,7.77,7.76,7.75,7.74,7.84,7.85,7.86,7.87,7.88,7.89,7.9,7.91,7.92,7.93,828.49,3334.44,6911.78,8547.24,622.74,3178.78,2364.7,542.49,1152.56,377.04,959.38,4990.69,3550.49,3466.97,3023.2,2607.63,368.05,410.3,446.11,366.83
81,7.83,7.82,7.81,7.8,7.79,7.78,7.77,7.76,7.75,7.74,7.84,7.85,7.86,7.87,7.88,7.89,7.9,7.91,7.92,7.93,654.82,3188.72,7707.72,7573.26,2766.73,1036.83,2405.51,542.49,1152.56,377.04,2467.99,4959.27,5608.93,3420.54,863.95,2606.98,368.05,410.3,446.11,528.53
82,7.82,7.81,7.8,7.79,7.78,7.77,7.76,7.75,7.74,7.73,7.83,7.84,7.85,7.86,7.87,7.88,7.89,7.9,7.91,7.92,801.89,3274.97,13568.5,3237.01,1155.73,2878.01,542.49,1635.56,473.76,2326.44,1141.76,4847.43,4270.17,3410.68,3074.74,1034.2,2123.23,368.05,410.3,446.11
83,7.82,7.81,7.8,7.79,7.78,7.77,7.76,7.75,7.74,7.73,7.83,7.84,7.85,7.86,7.87,7.88,7.89,7.9,7.91,7.92,975.47,3509.16,13532.2,3238.19,1155.73,2881.01,542.49,1152.56,377.04,2059.97,1050.17,4842.85,6258.08,3321.78,933.59,2639.62,483.75,368.05,410.3,603.01
84,7.83,7.82,7.81,7.8,7.79,7.78,7.77,7.76,7.75,7.74,7.84,7.85,7.86,7.87,7.88,7.89,7.9,7.91,7.92,7.93,564.9,2753.99,2896.04,11794.41,4883.95,1037.74,2394.01,542.49,1411.22,700.57,2072.1,7409.48,3518.02,3332.1,1034.2,2470.81,368.05,410.3,603.01,366.83
85,7.83,7.82,7.81,7.8,7.79,7.78,7.77,7.76,7.75,7.74,7.84,7.85,7.86,7.87,7.88,7.89,7.9,7.91,7.92,7.93,855.16,4153.83,2219.96,11472.34,4818.76,933.74,2394.01,542.49,1153.62,378.17,598.99,7339.52,1919.75,5481.12,859.75,2642.97,368.05,410.3,603.01,366.83
86,7.83,7.82,7.81,7.8,7.79,7.78,7.77,7.76,7.75,7.74,7.84,7.85,7.86,7.87,7.88,7.89,7.9,7.91,7.92,7.93,918.13,3710.24,2528.17,11066.72,4764.87,933.68,2394.01,542.49,1218.02,378.17,637.1,3443.72,6079.29,3491.64,2948.63,1140.67,1973.47,410.3,603.01,366.83
87,7.83,7.82,7.81,7.8,7.79,7.78,7.77,7.76,7.75,7.74,7.84,7.85,7.86,7.87,7.88,7.89,7.9,7.91,7.92,7.93,554.36,2823.86,3938.1,12076.7,2675.83,1042.33,2394.01,542.49,1668.82,378.17,2313.41,5142.85,3565.54,3487.45,2948.63,1037.55,1973.47,410.3,603.01,366.83
88,7.83,7.82,7.81,7.8,7.79,7.78,7.77,7.76,7.75,7.74,7.84,7.85,7.86,7.87,7.88,7.89,7.9,7.91,7.92,7.93,552.35,2871.49,5220.69,11370.9,2675.83,1042.33,2394.01,542.49,1153.62,378.17,2189.74,5536.13,3642.32,3410.72,2948.63,1037.55,1973.47,410.3,603.01,366.83
89,7.83,7.82,7.81,7.8,7.79,7.78,7.77,7.76,7.75,7.74,7.84,7.85,7.86,7.87,7.88,7.89,7.9,7.91,7.92,7.93,517.61,2844.01,5032.93,11370.9,2675.83,1042.33,2394.01,542.49,1153.62,378.17,2863.12,4878.65,3642.28,3410.72,2948.63,1037.55,1973.47,410.3,603.01,366.83
90,7.83,7.82,7.81,7.8,7.79,7.78,7.77,7.76,7.75,7.74,7.84,7.85,7.86,7.87,7.88,7.89,7.9,7.91,7.92,7.93,717.07,3116.16,4083.06,12712.62,2747.35,1042.33,2394.01,542.49,1411.22,861.77,1792.34,4296.75,6533.63,1360.71,2948.63,1036.37,1973.47,410.3,603.01,366.83
91,7.83,7.82,7.81,7.8,7.79,7.78,7.77,7.76,7.75,7.74,7.84,7.85,7.86,7.87,7.88,7.89,7.9,7.91,7.92,7.93,902.5,3673.3,4512.34,11633.56,2675.83,1042.33,2394.01,542.49,1411.22,700.57,1065.41,6131.05,4925.49,1424.84,2948.63,1036.37,1973.47,410.3,603.01,366.83
92,7.83,7.82,7.81,7.8,7.79,7.78,7.77,7.76,7.75,7.74,7.84,7.85,7.86,7.87,7.88,7.89,7.9,7.91,7.92,7.93,900.9,4949.5,4653.82,10133.72,2672.49,1033.81,2397.41,606.81,1601.01,378.17,279.37,3668.24,5527.49,3680.54,2948.63,1136.81,2354.6,410.3,521.33,366.83
93,7.83,7.82,7.81,7.8,7.79,7.78,7.77,7.76,7.75,7.74,7.84,7.85,7.86,7.87,7.88,7.89,7.9,7.91,7.92,7.93,1714.47,4824.86,6407.73,8564.61,2672.49,1033.81,2397.41,542.49,1150.21,378.17,207.5,4471.39,4848.59,3680.33,2948.63,1136.81,2354.57,410.3,521.33,366.83
94,7.84,7.83,7.82,7.81,7.8,7.79,7.78,7.77,7.76,7.75,7.85,7.86,7.87,7.88,7.89,7.9,7.91,7.92,7.93,7.94,486.88,3114.57,4114.28,6235.52,8470.31,2555.95,549.38,2570.22,946.91,1150.21,2986,4329.94,5794.64,2948.63,1136.81,2503.01,410.3,521.33,366.83,519.13
95,7.84,7.83,7.82,7.81,7.8,7.79,7.78,7.77,7.76,7.75,7.85,7.86,7.87,7.88,7.89,7.9,7.91,7.92,7.93,7.94,563.99,3507.02,4354.68,6211.58,8335.35,2558.18,549.38,2567.99,368.03,1150.21,2351.13,5214.54,5251.84,2948.63,1136.81,2503.01,369.13,521.33,408,519.13
96,7.83,7.82,7.81,7.8,7.79,7.78,7.77,7.76,7.75,7.74,7.84,7.85,7.86,7.87,7.88,7.89,7.9,7.91,7.92,7.93,1474.64,4003.29,6774.11,8430.35,2661.63,1034.04,2567.99,689.63,1407.81,391.06,425.47,5165.89,4354.17,3585.74,2948.63,1136.81,1973.47,369.13,521.33,408
97,7.83,7.82,7.81,7.8,7.79,7.78,7.77,7.76,7.75,7.74,7.84,7.85,7.86,7.87,7.88,7.89,7.9,7.91,7.92,7.93,906.99,4563.68,6709.22,8495.39,2661.63,1034.04,2567.99,368.03,1150.21,378.17,709.36,5116.18,4344.69,3573.12,2948.63,1136.81,1973.47,369.13,521.33,408
98,7.83,7.82,7.81,7.8,7.79,7.78,7.77,7.76,7.75,7.74,7.84,7.85,7.86,7.87,7.88,7.89,7.9,7.91,7.92,7.93,523.55,3358.85,7175.81,8495.39,2661.63,1034.04,2567.99,368.03,1150.21,378.17,2239.86,5221.55,3902.36,3573.12,2948.63,1036.37,1973.47,369.13,521.33,408
99,7.82,7.81,7.8,7.79,7.78,7.77,7.76,7.75,7.74,7.73,7.83,7.84,7.85,7.86,7.87,7.88,7.89,7.9,7.91,7.92,861.18,7490.11,10640.19,3092.86,1136.43,2882.68,542.11,1665.41,442.65,2505.67,1073.64,3929.92,7935.65,1844.67,996.98,3036.19,463.99,1973.47,410.3,603.01
100,7.82,7.81,7.8,7.79,7.78,7.77,7.76,7.75,7.74,7.73,7.83,7.84,7.85,7.86,7.87,7.88,7.89,7.9,7.91,7.92,626.14,5130.9,12569.09,3158.05,1136.43,2879.28,542.11,1150.21,378.17,1976.28,2097.4,3991.9,7892.19,1909.28,933.59,3020.99,378.3,1973.47,410.3,603.01
101,7.82,7.81,7.8,7.79,7.78,7.77,7.76,7.75,7.74,7.73,7.83,7.84,7.85,7.86,7.87,7.88,7.89,7.9,7.91,7.92,881.39,6043.94,11848.54,3229.57,1136.43,2879.28,542.11,1153.62,378.17,1976.28,1317.79,3630.07,7137.56,1909.28,933.59,3020.99,378.3,1973.47,410.3,603.01
102,7.82,7.81,7.8,7.79,7.78,7.77,7.76,7.75,7.74,7.73,7.83,7.84,7.85,7.86,7.87,7.88,7.89,7.9,7.91,7.92,879.03,5439.09,11848.54,3229.57,1136.43,2878.97,542.11,1153.62,378.17,1976.28,1078.96,3742.91,7415.33,1909.28,933.59,3125.99,378.3,1973.47,410.3,603.01
103,7.82,7.81,7.8,7.79,7.78,7.77,7.76,7.75,7.74,7.73,7.83,7.84,7.85,7.86,7.87,7.88,7.89,7.9,7.91,7.92,854.65,5732.94,11915.05,3229.57,1136.43,2878.97,542.11,1153.62,378.17,1976.28,931.86,3910.65,7521.97,1909.28,933.59,3125.99,378.3,1973.47,410.3,603.01
104,7.83,7.82,7.81,7.8,7.79,7.78,7.77,7.76,7.75,7.74,7.84,7.85,7.86,7.87,7.88,7.89,7.9,7.91,7.92,7.93,684.18,2902.38,5169.08,11982.86,2796.11,1034.04,2394.01,542.11,1733.22,378.17,4098.18,4494.36,5046.41,933.59,3125.99,893.8,1973.47,410.3,603.01,366.83
105,7.83,7.82,7.81,7.8,7.79,7.78,7.77,7.76,7.75,7.74,7.84,7.85,7.86,7.87,7.88,7.89,7.9,7.91,7.92,7.93,684.18,3129.51,4347.11,11964.64,2730.92,1034.04,2394.01,542.11,1153.62,378.17,3419.26,4517.75,5132.66,1276.53,2950.99,1067.3,1973.47,410.3,603.01,366.83
106,7.83,7.82,7.81,7.8,7.79,7.78,7.77,7.76,7.75,7.74,7.84,7.85,7.86,7.87,7.88,7.89,7.9,7.91,7.92,7.93,80.15,2060.58,4846.87,8322.04,552.42,1155.87,1147.56,542.11,1729.81,378.17,5492.82,1994.18,1322.58,1340.66,862.11,933.39,368.05,410.3,446.11,366.83
107,7.82,7.81,7.8,7.79,7.78,7.77,7.76,7.75,7.74,7.73,7.83,7.84,7.85,7.86,7.87,7.88,7.89,7.9,7.91,7.92,2357.07,3690.05,13564.83,3099.77,1155.87,2782.17,542.11,1150.21,958.49,1989.19,3.4,5982.77,4438.89,3470.07,3094.72,862.11,2538.85,368.05,410.3,446.11
108,7.83,7.82,7.81,7.8,7.79,7.78,7.77,7.76,7.75,7.74,7.84,7.85,7.86,7.87,7.88,7.89,7.9,7.91,7.92,7.93,181.1,2928.22,4582.09,12528.25,2819.93,1034.04,2782.17,542.11,1150.21,958.49,4952.9,5112.61,5068.36,3352.06,862.11,2642.62,368.05,410.3,446.11,523.73
109,7.83,7.82,7.81,7.8,7.79,7.78,7.77,7.76,7.75,7.74,7.84,7.85,7.86,7.87,7.88,7.89,7.9,7.91,7.92,7.93,606.29,3304.61,4586.31,12593.59,2754.74,1034.04,2397.41,542.11,1150.21,378.17,4036.47,5499.35,5440.65,3287.93,862.11,2642.62,368.05,410.3,446.11,523.73
110,7.83,7.82,7.81,7.8,7.79,7.78,7.77,7.76,7.75,7.74,7.84,7.85,7.86,7.87,7.88,7.89,7.9,7.91,7.92,7.93,537.28,3308.65,5842.46,11216.24,2754.74,1034.04,2397.41,542.11,1729.81,378.17,4205.75,4839.09,5661.95,3287.93,862.11,2642.62,368.05,410.3,446.11,523.73
111,7.83,7.82,7.81,7.8,7.79,7.78,7.77,7.76,7.75,7.74,7.84,7.85,7.86,7.87,7.88,7.89,7.9,7.91,7.92,7.93,748.66,4114.57,4862.63,11178.95,2659.4,1034.04,2397.41,542.11,1150.21,378.17,1841.96,5412.62,5690.03,3287.93,862.11,2642.62,368.05,410.3,446.11,523.73
112,7.83,7.82,7.81,7.8,7.79,7.78,7.77,7.76,7.75,7.74,7.84,7.85,7.86,7.87,7.88,7.89,7.9,7.91,7.92,7.93,915.24,4040.5,4862.62,11178.95,2659.4,1034.04,2397.41,542.11,1697.61,378.17,2439.5,5141.06,5625.9,3352.06,862.11,2642.62,368.05,410.3,446.11,523.73
113,7.83,7.82,7.81,7.8,7.79,7.78,7.77,7.76,7.75,7.74,7.84,7.85,7.86,7.87,7.88,7.89,7.9,7.91,7.92,7.93,598.59,2937.93,5182.55,11300.25,2659.4,1034.04,2397.41,542.11,1150.21,378.17,3806.41,4762.52,5571.06,3337.06,862.11,2642.62,368.05,410.3,446.11,523.73
114,7.83,7.82,7.81,7.8,7.79,7.78,7.77,7.76,7.75,7.74,7.84,7.85,7.86,7.87,7.88,7.89,7.9,7.91,7.92,7.93,1593.47,3825.2,4846.69,11233.7,2659.4,933.65,2397.41,542.11,1150.21,378.17,47.88,5110.94,6239.9,3432.2,862.11,2757.79,749.16,410.3,446.11,523.73
115,7.84,7.83,7.82,7.81,7.8,7.79,7.78,7.77,7.76,7.75,7.85,7.86,7.87,7.88,7.89,7.9,7.91,7.92,7.93,7.94,613.59,4198.45,6695.76,4060.68,7111.58,2686.9,549.38,2569.49,946.91,1150.21,3677.38,3914.67,5077.09,3235.24,1025.43,2468.78,410.3,364.43,523.73,519.13
116,7.83,7.82,7.81,7.8,7.79,7.78,7.77,7.76,7.75,7.74,7.84,7.85,7.86,7.87,7.88,7.89,7.9,7.91,7.92,7.93,751.71,5034.29,7403.65,7270.9,2790.7,1035.06,2569.49,368.03,1182.41,461.75,904.35,4806.93,4700.88,3653.48,2950.99,1025.43,1973.47,410.3,364.43,523.73
117,7.83,7.82,7.81,7.8,7.79,7.78,7.77,7.76,7.75,7.74,7.84,7.85,7.86,7.87,7.88,7.89,7.9,7.91,7.92,7.93,859.88,5018.31,6526.92,8653.08,2790.7,1035.06,2569.49,368.03,1150.21,461.75,803.86,4758.01,4737.53,3653.48,2950.99,1025.43,1973.47,410.3,364.43,523.73
118,7.84,7.83,7.82,7.81,7.8,7.79,7.78,7.77,7.76,7.75,7.85,7.86,7.87,7.88,7.89,7.9,7.91,7.92,7.93,7.94,349.48,2839.72,3732.97,6070.56,8493.76,2686.9,549.38,2569.49,560.99,1150.21,2960.29,5174.67,5166.25,3257.08,1025.43,2456.08,410.3,364.43,523.73,519.13
119,7.84,7.83,7.82,7.81,7.8,7.79,7.78,7.77,7.76,7.75,7.85,7.86,7.87,7.88,7.89,7.9,7.91,7.92,7.93,7.94,685.31,3730.74,3489.11,5598.93,8157.67,2686.9,549.38,2569.49,368.03,1150.21,1295.74,5469.46,5102.86,3320.47,851.93,2630.24,369.13,364.43,564.9,519.13
120,7.85,7.84,7.83,7.82,7.81,7.8,7.79,7.78,7.77,7.76,7.86,7.87,7.88,7.89,7.9,7.91,7.92,7.93,7.94,7.95,611.24,2503.34,5397.66,5507.21,2699.36,6902.19,2202.11,557.5,3056.53,368.03,4027.91,4224.68,5609.03,3434.63,1145.84,2458.65,364.43,564.25,519.13,367.75
121,7.85,7.84,7.83,7.82,7.81,7.8,7.79,7.78,7.77,7.76,7.86,7.87,7.88,7.89,7.9,7.91,7.92,7.93,7.94,7.95,1677.72,3285.1,3532.52,5488.4,2564.99,7046.04,2199.88,643.5,2298.97,368.03,91.41,4698.47,3879.43,5474.3,872.74,2645.04,747.55,407.35,437.66,367.75
122,7.85,7.84,7.83,7.82,7.81,7.8,7.79,7.78,7.77,7.76,7.86,7.87,7.88,7.89,7.9,7.91,7.92,7.93,7.94,7.95,854.17,4137.63,3553.39,4680.36,4651.18,4961.63,2199.88,768.39,2748.51,496.67,459.24,4219.39,6273.17,3626.83,2961.62,1039.62,1972.8,366.18,437.66,408.92
123,7.85,7.84,7.83,7.82,7.81,7.8,7.79,7.78,7.77,7.76,7.86,7.87,7.88,7.89,7.9,7.91,7.92,7.93,7.94,7.95,750.64,3830.13,3924.34,6249.47,3148.51,5073.69,2199.88,736.32,2620.07,368.03,778.56,4953.7,5331,3626.83,2961.62,932.59,1972.8,366.18,437.66,408.92
124,7.85,7.84,7.83,7.82,7.81,7.8,7.79,7.78,7.77,7.76,7.86,7.87,7.88,7.89,7.9,7.91,7.92,7.93,7.94,7.95,1386.06,4333.19,4632.45,5170.41,5189.05,5061.89,92.9,640.11,2298.97,368.03,447.69,4649.44,5724.26,3674.88,2961.62,1047.94,1972.8,366.18,437.66,408.92
125,7.86,7.85,7.84,7.83,7.82,7.81,7.8,7.79,7.78,7.77,7.87,7.88,7.89,7.9,7.91,7.92,7.93,7.94,7.95,7.96,601.73,2578.26,3708.34,3648.18,6154.94,5088.22,4578.32,92.9,640.11,2298.97,2955.13,5152.47,5834.73,2961.62,1045.55,2458.17,366.18,437.66,408.92,1188.99
126,7.86,7.85,7.84,7.83,7.82,7.81,7.8,7.79,7.78,7.77,7.87,7.88,7.89,7.9,7.91,7.92,7.93,7.94,7.95,7.96,833.88,5448.93,2588.85,3247.98,4813.29,5084.11,4577.67,268.21,530.37,2298.97,548.35,5747.31,3544.71,5237.25,871.92,2631.68,366.18,437.66,408.92,1107.72
127,7.87,7.86,7.85,7.84,7.83,7.82,7.81,7.8,7.79,7.78,7.88,7.89,7.9,7.91,7.92,7.93,7.94,7.95,7.96,7.97,556.53,2376.49,5784.94,3304.28,3668.94,3539.37,2637.81,4668.43,92.9,466.23,3745.4,4309.38,3564.63,3478.98,2913.45,1028.82,2046.03,412.23,1107.72,374.35
128,7.87,7.86,7.85,7.84,7.83,7.82,7.81,7.8,7.79,7.78,7.88,7.89,7.9,7.91,7.92,7.93,7.94,7.95,7.96,7.97,545.75,2589.56,5195.92,3983.63,3620.54,3542.75,2637.81,4665.05,669.44,466.23,3700.08,4453.07,5566.26,1334.02,2912.58,1030.88,2046.03,412.23,1107.72,374.35
129,7.86,7.85,7.84,7.83,7.82,7.81,7.8,7.79,7.78,7.77,7.87,7.88,7.89,7.9,7.91,7.92,7.93,7.94,7.95,7.96,869.19,5933.55,5524.06,2636.84,3437.81,3120.84,6299.66,669.44,466.23,1325.6,489.73,4197.67,6149.34,3493.87,966.88,2912.58,544.42,2046.03,412.23,1107.72
130,7.86,7.85,7.84,7.83,7.82,7.81,7.8,7.79,7.78,7.77,7.87,7.88,7.89,7.9,7.91,7.92,7.93,7.94,7.95,7.96,377.58,3961.5,6657.71,4838.9,1345.39,3123.06,6686.34,92.9,466.23,664.36,2175.29,4867.24,4919.08,3243.44,915.62,2986.46,370.82,2046.03,412.23,1107.72
131,7.86,7.85,7.84,7.83,7.82,7.81,7.8,7.79,7.78,7.77,7.87,7.88,7.89,7.9,7.91,7.92,7.93,7.94,7.95,7.96,543.16,3961.5,6659.65,4838.9,1345.39,3123.06,6303.04,92.9,466.23,664.36,2354.17,4765.16,5239.12,3243.44,915.62,2986.46,370.82,2046.03,412.23,1107.72
132,7.86,7.85,7.84,7.83,7.82,7.81,7.8,7.79,7.78,7.77,7.87,7.88,7.89,7.9,7.91,7.92,7.93,7.94,7.95,7.96,694.94,4074.22,6264.19,4755.96,1345.39,3123.06,6303.04,92.9,466.23,664.36,1458.26,4329.15,5494.67,3243.44,915.62,2986.46,370.82,2046.03,412.23,1107.72
133,7.86,7.85,7.84,7.83,7.82,7.81,7.8,7.79,7.78,7.77,7.87,7.88,7.89,7.9,7.91,7.92,7.93,7.94,7.95,7.96,694.94,5042.7,7782,3186.85,1345.39,3123.06,6303.04,92.9,466.23,664.36,1481.84,4855.35,4727.63,3243.44,915.62,2986.46,370.82,2046.03,412.23,1107.72
134,7.86,7.85,7.84,7.83,7.82,7.81,7.8,7.79,7.78,7.77,7.87,7.88,7.89,7.9,7.91,7.92,7.93,7.94,7.95,7.96,626.84,3652.92,8056.45,3186.85,1345.39,3123.06,6303.04,92.9,466.23,664.36,2140.26,4874.44,3983.88,3243.44,915.62,2986.46,370.82,2046.03,412.23,1107.72
135,7.86,7.85,7.84,7.83,7.82,7.81,7.8,7.79,7.78,7.77,7.87,7.88,7.89,7.9,7.91,7.92,7.93,7.94,7.95,7.96,961.54,4407.97,5756.5,4755.96,1345.39,3022.85,6303.04,92.9,466.23,664.36,362.75,4543.64,5032.26,3337.62,915.62,3100.34,370.82,2046.03,412.23,1107.72
136,7.86,7.85,7.84,7.83,7.82,7.81,7.8,7.79,7.78,7.77,7.87,7.88,7.89,7.9,7.91,7.92,7.93,7.94,7.95,7.96,578.18,3956.3,7529.42,3187.77,1357.67,3127.4,6303.04,92.9,1043.49,664.36,2594.16,4893.31,6116.9,1182.36,915.62,2986.46,370.82,2046.03,412.23,1107.72
137,7.85,7.84,7.83,7.82,7.81,7.8,7.79,7.78,7.77,7.76,7.86,7.87,7.88,7.89,7.9,7.91,7.92,7.93,7.94,7.95,1043.92,6033.52,6954.57,2967.88,3232.27,6686.36,92.9,979.35,728.58,882.59,475.82,5191.31,3342.68,5441.45,891.47,862.8,2630.41,370.82,2043.08,412.23
138,7.85,7.84,7.83,7.82,7.81,7.8,7.79,7.78,7.77,7.76,7.86,7.87,7.88,7.89,7.9,7.91,7.92,7.93,7.94,7.95,864.86,5779.13,6839.33,2841.12,3230.05,6691.9,268.56,982.74,728.58,850.43,1035.07,5908.75,4255.81,5443.16,872.15,867.44,541.53,407.35,2043.08,453.08
139,7.85,7.84,7.83,7.82,7.81,7.8,7.79,7.78,7.77,7.76,7.86,7.87,7.88,7.89,7.9,7.91,7.92,7.93,7.94,7.95,1845.8,5344.25,6839.33,2841.12,3230.05,6592.22,268.56,469.62,664.36,368.03,59.65,5006.31,5305.84,5506.55,872.15,867.44,921.68,407.35,2043.08,453.08
140,7.86,7.85,7.84,7.83,7.82,7.81,7.8,7.79,7.78,7.77,7.87,7.88,7.89,7.9,7.91,7.92,7.93,7.94,7.95,7.96,297.69,2773.68,5498.08,6965.11,2355.85,3125.18,6592.2,268.56,1046.88,664.36,3790.88,4846.69,5917.64,3219.96,867.44,1064.15,407.35,2043.08,453.08,1107.72
141,7.86,7.85,7.84,7.83,7.82,7.81,7.8,7.79,7.78,7.77,7.87,7.88,7.89,7.9,7.91,7.92,7.93,7.94,7.95,7.96,282.5,2212.29,5685.32,6918.27,2402.6,3125.18,6592.22,268.56,469.62,664.36,4083.1,5226.79,5599.64,3219.96,867.44,1064.15,407.35,2043.08,453.08,1107.72
142,7.85,7.84,7.83,7.82,7.81,7.8,7.79,7.78,7.77,7.76,7.86,7.87,7.88,7.89,7.9,7.91,7.92,7.93,7.94,7.95,842.11,5271.87,6871.63,3006.08,3228.2,6701.62,268.56,469.62,1242.34,368.03,567.32,4383.44,6683.95,3629.48,2961.03,754.48,541.53,407.35,2043.08,453.08
143,7.85,7.84,7.83,7.82,7.81,7.8,7.79,7.78,7.77,7.76,7.86,7.87,7.88,7.89,7.9,7.91,7.92,7.93,7.94,7.95,1084.82,6126.35,6841.25,3038.44,3228.2,6701.62,268.56,469.62,664.36,368.03,211.65,4306.1,6650.72,3416.52,2961.03,754.48,921.69,407.35,2043.08,453.08
144,7.86,7.85,7.84,7.83,7.82,7.81,7.8,7.79,7.78,7.77,7.87,7.88,7.89,7.9,7.91,7.92,7.93,7.94,7.95,7.96,692.35,3369.17,4617.86,7017.74,2457.96,3125.18,6208.9,268.56,597.9,1113.9,2663.93,5757.12,5042.73,3221.32,872.01,1021.34,407.35,2043.08,453.08,1107.72
145,7.86,7.85,7.84,7.83,7.82,7.81,7.8,7.79,7.78,7.77,7.87,7.88,7.89,7.9,7.91,7.92,7.93,7.94,7.95,7.96,692.35,3670.32,4085.83,7048.12,2425.59,3125.18,6208.9,268.56,469.62,664.36,1761.88,5532.57,5074.74,3221.32,872.01,1021.34,407.35,2043.08,453.08,1107.72
146,7.86,7.85,7.84,7.83,7.82,7.81,7.8,7.79,7.78,7.77,7.87,7.88,7.89,7.9,7.91,7.92,7.93,7.94,7.95,7.96,692.35,3632.2,4083.56,7117.71,2355.85,3125.18,6208.9,268.56,469.62,664.36,1636.53,5286.95,5434.42,3221.32,872.01,1021.34,407.35,2043.08,453.08,1107.72
147,7.86,7.85,7.84,7.83,7.82,7.81,7.8,7.79,7.78,7.77,7.87,7.88,7.89,7.9,7.91,7.92,7.93,7.94,7.95,7.96,692.35,5286.23,5528.22,3631.73,2355.85,3125.18,6208.9,268.56,469.62,664.36,1666.1,5286.91,5434.42,3221.32,872.01,1021.34,407.35,2043.08,453.08,1107.72
148,7.86,7.85,7.84,7.83,7.82,7.81,7.8,7.79,7.78,7.77,7.87,7.88,7.89,7.9,7.91,7.92,7.93,7.94,7.95,7.96,1296.47,4790.9,5342.81,3631.73,2355.85,3125.18,6208.9,268.56,469.62,664.36,786.84,5781.55,5475.1,3221.32,872.01,1021.34,407.35,2043.08,371.71,1107.72
149,7.86,7.85,7.84,7.83,7.82,7.81,7.8,7.79,7.78,7.77,7.87,7.88,7.89,7.9,7.91,7.92,7.93,7.94,7.95,7.96,611.21,4714.51,6813.85,3631.73,2355.85,3125.18,6208.9,268.56,469.62,664.36,2451.9,5155.25,5567.36,3221.32,872.01,1021.34,407.35,2043.08,371.71,1107.72
150,7.86,7.85,7.84,7.83,7.82,7.81,7.8,7.79,7.78,7.77,7.87,7.88,7.89,7.9,7.91,7.92,7.93,7.94,7.95,7.96,613.89,3521.14,7334.51,3631.73,2355.85,3125.18,6208.9,268.56,469.62,664.36,4048.48,4067.42,5167.36,3221.32,872.01,1021.34,407.35,2043.08,371.71,1107.72
151,7.86,7.85,7.84,7.83,7.82,7.81,7.8,7.79,7.78,7.77,7.87,7.88,7.89,7.9,7.91,7.92,7.93,7.94,7.95,7.96,1679.46,3885.42,7131.46,3631.73,2355.85,3125.18,6208.9,268.56,469.62,664.36,387.31,4838.92,6083.32,3316.91,872.01,1021.34,787.03,2043.08,371.71,1107.72
152,7.86,7.85,7.84,7.83,7.82,7.81,7.8,7.79,7.78,7.77,7.87,7.88,7.89,7.9,7.91,7.92,7.93,7.94,7.95,7.96,1295.06,4236.32,5744.81,5200.84,2355.85,3120.33,6208.9,268.56,469.62,664.36,715.59,5787.44,3371.35,5370.34,872.01,1021.34,407.35,2043.08,371.71,1107.72
153,7.87,7.86,7.85,7.84,7.83,7.82,7.81,7.8,7.79,7.78,7.88,7.89,7.9,7.91,7.92,7.93,7.94,7.95,7.96,7.97,556.27,2576.14,4141.79,5507.96,4745.39,2323.18,2637.81,6125.96,268.56,1046.88,4613.87,4533.73,5016.71,3301.93,1142.51,886.62,2043.08,371.06,1107.72,455.52
154,7.86,7.85,7.84,7.83,7.82,7.81,7.8,7.79,7.78,7.77,7.87,7.88,7.89,7.9,7.91,7.92,7.93,7.94,7.95,7.96,1531.46,4328.89,6955.41,3176.33,2434.07,3020.61,6125.96,716.98,597.9,1113.9,461.23,4815.83,5238.18,3976.68,2960.89,1021.34,407.35,2043.08,452.43,1107.72
155,7.86,7.85,7.84,7.83,7.82,7.81,7.8,7.79,7.78,7.77,7.87,7.88,7.89,7.9,7.91,7.92,7.93,7.94,7.95,7.96,664.82,3799.26,6567.95,3650.19,2434.07,3121.41,6125.96,268.56,469.62,664.36,1758.82,4997.73,4906.57,3850.44,2960.89,1021.34,407.35,2043.08,452.43,1107.72
156,7.86,7.85,7.84,7.83,7.82,7.81,7.8,7.79,7.78,7.77,7.87,7.88,7.89,7.9,7.91,7.92,7.93,7.94,7.95,7.96,750.88,3900.12,6494.81,3650.19,2434.07,3121.41,6125.96,268.56,469.62,664.36,721.44,5219.79,4941.25,3348.43,2960.89,1021.34,407.35,2043.08,452.43,1107.72
157,7.87,7.86,7.85,7.84,7.83,7.82,7.81,7.8,7.79,7.78,7.88,7.89,7.9,7.91,7.92,7.93,7.94,7.95,7.96,7.97,628.94,4174.16,2801.04,7483.63,3161.78,1165.87,2637.81,6299.7,95.13,469.62,1573.81,5431.64,5021.78,3297,949.04,1059.04,2043.08,452.43,1107.72,374.35
158,7.87,7.86,7.85,7.84,7.83,7.82,7.81,7.8,7.79,7.78,7.88,7.89,7.9,7.91,7.92,7.93,7.94,7.95,7.96,7.97,588.43,3451.22,8164.87,4672.01,1040.44,953.48,2501.6,6299.7,95.13,469.62,3550.88,4402.51,5542.59,3297,949.04,959.65,2043.08,452.43,1107.72,374.35
159,7.87,7.86,7.85,7.84,7.83,7.82,7.81,7.8,7.79,7.78,7.88,7.89,7.9,7.91,7.92,7.93,7.94,7.95,7.96,7.97,673.67,4243.57,7367.82,3566.05,3076.27,953.48,394.62,6299.7,524.13,469.62,1725.57,5025.3,5542.48,1227.42,3037.92,1074.31,2043.08,452.43,1107.72,374.35
160,7.87,7.86,7.85,7.84,7.83,7.82,7.81,7.8,7.79,7.78,7.88,7.89,7.9,7.91,7.92,7.93,7.94,7.95,7.96,7.97,592.6,5042.97,7675.91,2570.82,3076.27,953.48,394.62,6211.7,75.71,469.62,2077.98,4751.12,5894.89,1227.42,3037.92,988.58,2043.08,452.43,1107.72,374.35
161,7.87,7.86,7.85,7.84,7.83,7.82,7.81,7.8,7.79,7.78,7.88,7.89,7.9,7.91,7.92,7.93,7.94,7.95,7.96,7.97,549.47,4069.21,8442.36,2570.82,3076.27,953.48,394.62,6211.7,75.71,469.62,2030.99,5386.55,5494.89,1227.42,3037.92,973.42,2043.08,452.43,1107.72,374.35
162,7.86,7.85,7.84,7.83,7.82,7.81,7.8,7.79,7.78,7.77,7.87,7.88,7.89,7.9,7.91,7.92,7.93,7.94,7.95,7.96,2105.46,8896.11,3771.58,3482.76,1053.57,777.49,6119.46,460.07,597.9,1049.68,69.57,2716.05,4765.71,5798.59,944.13,3050.8,873.92,2043.08,452.43,1107.72
163,7.86,7.85,7.84,7.83,7.82,7.81,7.8,7.79,7.78,7.77,7.87,7.88,7.89,7.9,7.91,7.92,7.93,7.94,7.95,7.96,2093.16,4343.21,8480.75,3581.22,1053.57,777.49,6119.46,460.07,662.04,953.35,440.78,4501.92,5195.36,3350.87,944.13,2933.12,494.23,2043.08,452.43,1107.72
164,7.86,7.85,7.84,7.83,7.82,7.81,7.8,7.79,7.78,7.77,7.87,7.88,7.89,7.9,7.91,7.92,7.93,7.94,7.95,7.96,1934.92,5604.93,7348.59,3566.74,1059.36,877.34,6119.46,652.25,469.62,664.36,474.34,3166.67,6908.41,3205.8,944.13,3054.35,494.23,2043.08,452.43,1107.72
165,7.86,7.85,7.84,7.83,7.82,7.81,7.8,7.79,7.78,7.77,7.87,7.88,7.89,7.9,7.91,7.92,7.93,7.94,7.95,7.96,1523.33,6193.85,7348.59,3566.74,1059.36,877.34,6119.46,75.71,469.62,664.36,475.02,3394.78,6845.55,3205.8,944.13,3054.35,494.23,2043.08,452.43,1107.72
166,7.85,7.84,7.83,7.82,7.81,7.8,7.79,7.78,7.77,7.76,7.86,7.87,7.88,7.89,7.9,7.91,7.92,7.93,7.94,7.95,1083.16,4514.95,6090.39,2543.24,3249.5,6518.39,245.86,1043.49,664.36,950.31,1711.58,2322,4835.89,7245.37,894.4,754.48,452.23,488.93,2043.08,371.06
167,7.84,7.83,7.82,7.81,7.8,7.79,7.78,7.77,7.76,7.75,7.85,7.86,7.87,7.88,7.89,7.9,7.91,7.92,7.93,7.94,1309.99,2872.56,6617.63,5760.39,4989.76,640.22,2765.18,666.59,950.31,1150.21,931.87,2510.81,2442.41,3739.2,6676.01,754.08,521.74,364.43,447.76,2043.08
168,7.85,7.84,7.83,7.82,7.81,7.8,7.79,7.78,7.77,7.76,7.86,7.87,7.88,7.89,7.9,7.91,7.92,7.93,7.94,7.95,1390.53,4099.91,7523,3983.12,3283.88,4883.78,156.52,2668.97,762.92,753.95,2473.28,3158.79,3879.8,6676.01,869.83,902.37,364.43,447.76,2043.08,371.71
169,7.85,7.84,7.83,7.82,7.81,7.8,7.79,7.78,7.77,7.76,7.86,7.87,7.88,7.89,7.9,7.91,7.92,7.93,7.94,7.95,1570.92,3724.32,7589.4,3983.12,3283.88,4883.78,156.52,2187.92,666.59,368.03,651.6,4132.83,4395.1,6226.62,869.83,1022.59,364.43,447.76,2043.08,371.71
170,7.85,7.84,7.83,7.82,7.81,7.8,7.79,7.78,7.77,7.76,7.86,7.87,7.88,7.89,7.9,7.91,7.92,7.93,7.94,7.95,74.9,2971.69,8324.75,4015.49,3251.43,4883.78,540.35,2187.92,666.59,368.03,3125.57,3759.41,4562.55,6179.06,869.83,1022.59,364.43,447.76,2043.08,371.71
171,7.84,7.83,7.82,7.81,7.8,7.79,7.78,7.77,7.76,7.75,7.85,7.86,7.87,7.88,7.89,7.9,7.91,7.92,7.93,7.94,2109.29,3954.01,8834.13,3628.02,5054.76,457.31,2187.92,1167.28,528.83,1568.81,111,3129.36,4278.21,3247.56,6159.76,858.27,2507.83,364.43,447.76,437.66
172,7.85,7.84,7.83,7.82,7.81,7.8,7.79,7.78,7.77,7.76,7.86,7.87,7.88,7.89,7.9,7.91,7.92,7.93,7.94,7.95,623.13,2961.57,6025.11,6199.66,3284.57,4955.21,73.48,2187.92,1325.6,368.03,1913.21,5209.88,3570.76,6159.76,858.27,2611.53,364.43,447.76,437.66,371.71
173,7.85,7.84,7.83,7.82,7.81,7.8,7.79,7.78,7.77,7.76,7.86,7.87,7.88,7.89,7.9,7.91,7.92,7.93,7.94,7.95,1810.53,3670.2,5306.01,6199.66,3283.88,4853.94,156.52,2187.92,664.36,368.03,72.15,3905.69,4711.48,6206.46,858.27,2611.53,744.58,447.76,437.66,371.71
174,7.86,7.85,7.84,7.83,7.82,7.81,7.8,7.79,7.78,7.77,7.87,7.88,7.89,7.9,7.91,7.92,7.93,7.94,7.95,7.96,1305.46,2632.09,5020.12,4792.77,3735.99,3146.38,4556.38,156.52,2164.98,1178.12,1228.42,4801.11,5574,3324.98,1020.53,2540.26,366.18,437.66,453.08,1107.72
175,7.86,7.85,7.84,7.83,7.82,7.81,7.8,7.79,7.78,7.77,7.87,7.88,7.89,7.9,7.91,7.92,7.93,7.94,7.95,7.96,519.48,2732.97,2940.17,3682.39,7361.77,3247.29,4556.38,156.52,2100.84,666.59,2706.8,4941.42,5903.42,3278.02,1020.53,2437.84,366.18,437.66,453.08,1107.72
176,7.86,7.85,7.84,7.83,7.82,7.81,7.8,7.79,7.78,7.77,7.87,7.88,7.89,7.9,7.91,7.92,7.93,7.94,7.95,7.96,61.84,2563.93,3637.84,3815.15,7361.77,3247.29,4939.68,156.52,2678.1,666.59,3527.66,4699.43,6596.76,3278.02,1020.53,2437.84,366.18,437.66,453.08,1107.72
177,7.85,7.84,7.83,7.82,7.81,7.8,7.79,7.78,7.77,7.76,7.86,7.87,7.88,7.89,7.9,7.91,7.92,7.93,7.94,7.95,1523.07,5947.61,4839.86,4400.01,3247.29,4953.83,242.24,2100.84,1244.57,371.43,216.46,2842.71,6902.85,3891.39,2947.15,918.19,2437.95,447.76,437.66,371.71
178,7.85,7.84,7.83,7.82,7.81,7.8,7.79,7.78,7.77,7.76,7.86,7.87,7.88,7.89,7.9,7.91,7.92,7.93,7.94,7.95,1185.28,6114.6,4452.77,4432.38,3330.36,4953.83,242.24,2100.84,666.59,371.43,171.85,2461.39,7166.71,3878.88,2947.15,918.19,2437.79,447.76,437.66,371.71
179,7.85,7.84,7.83,7.82,7.81,7.8,7.79,7.78,7.77,7.76,7.86,7.87,7.88,7.89,7.9,7.91,7.92,7.93,7.94,7.95,689.63,4008.96,2892.02,2343.53,1140.31,4957.31,242.24,594.51,1116.13,532.23,615.35,2737.14,4603.46,1309.85,858.27,918.19,452.35,447.76,437.66,371.71
180,7.86,7.85,7.84,7.83,7.82,7.81,7.8,7.79,7.78,7.77,7.87,7.88,7.89,7.9,7.91,7.92,7.93,7.94,7.95,7.96,576.85,1538.84,5053.89,2938.86,2295.7,1140.31,4470.54,242.24,1043.49,666.59,2267.06,5135.23,1633.85,1167.61,1036.33,832.5,447.76,437.66,371.71,950.82
181,7.85,7.84,7.83,7.82,7.81,7.8,7.79,7.78,7.77,7.76,7.86,7.87,7.88,7.89,7.9,7.91,7.92,7.93,7.94,7.95,829.61,4428.32,3406.2,2183.37,1223.38,4963.69,242.24,1043.49,666.59,950.31,473.96,2292.79,4540.58,1324.94,858.27,918.19,452.35,447.76,437.66,371.71
182,7.85,7.84,7.83,7.82,7.81,7.8,7.79,7.78,7.77,7.76,7.86,7.87,7.88,7.89,7.9,7.91,7.92,7.93,7.94,7.95,804.54,4852.18,3726.17,2215.74,1140.62,4969.28,242.24,1043.49,666.59,950.31,586.95,2946.42,4471.98,1232.51,858.27,918.19,452.35,447.76,437.66,371.71
183,7.86,7.85,7.84,7.83,7.82,7.81,7.8,7.79,7.78,7.77,7.87,7.88,7.89,7.9,7.91,7.92,7.93,7.94,7.95,7.96,535.66,1907.42,3939.89,8498.47,4225.36,1140.62,6066.43,242.24,466.23,698.7,2179.24,5716.99,5058.45,3159.14,1035.79,2393.89,447.76,437.66,472.63,950.82
184,7.86,7.85,7.84,7.83,7.82,7.81,7.8,7.79,7.78,7.77,7.87,7.88,7.89,7.9,7.91,7.92,7.93,7.94,7.95,7.96,667.85,3912.51,2953.93,8612.09,4395.99,1122.4,6066.43,159.2,562.44,1146.01,796.31,4918.03,6479.39,3279.97,1035.79,2493.46,366.18,437.66,554,950.82
185,7.86,7.85,7.84,7.83,7.82,7.81,7.8,7.79,7.78,7.77,7.87,7.88,7.89,7.9,7.91,7.92,7.93,7.94,7.95,7.96,667.28,3269.96,4036.94,7561.53,4313.03,1122.4,6066.43,159.2,466.23,664.36,1028.82,4992.81,6070.76,3279.97,1035.79,2493.46,366.18,437.66,554,950.82
186,7.86,7.85,7.84,7.83,7.82,7.81,7.8,7.79,7.78,7.77,7.87,7.88,7.89,7.9,7.91,7.92,7.93,7.94,7.95,7.96,673.18,4448.52,3355.1,6489.96,4313.03,1122.4,6066.43,159.2,466.23,664.36,1607.73,3992.73,6469.92,3279.97,1035.79,2493.46,366.18,437.66,554,950.82
187,7.86,7.85,7.84,7.83,7.82,7.81,7.8,7.79,7.78,7.77,7.87,7.88,7.89,7.9,7.91,7.92,7.93,7.94,7.95,7.96,452.14,3472.59,2548.66,2666.97,2150.03,1122.4,4470.54,159.2,996.17,664.36,1631.86,4248.31,2861.06,7063.82,1297.46,2493.46,366.18,437.66,554,950.82
188,7.86,7.85,7.84,7.83,7.82,7.81,7.8,7.79,7.78,7.77,7.87,7.88,7.89,7.9,7.91,7.92,7.93,7.94,7.95,7.96,868.18,3246.02,2685.1,2236.13,2153.31,1022.32,4470.54,159.2,996.17,666.59,427.21,4827.3,2303.05,3957.32,5591.44,1084.23,366.18,1999.11,553.35,950.82
189,7.87,7.86,7.85,7.84,7.83,7.82,7.81,7.8,7.79,7.78,7.88,7.89,7.9,7.91,7.92,7.93,7.94,7.95,7.96,7.97,543.87,1891.32,4007.84,6738.5,5987.57,976.55,639.51,6066.43,735.74,466.23,3857.92,3233.22,4982.03,3169.66,1084.23,847.27,1999.11,553.35,950.82,374.35
190,7.86,7.85,7.84,7.83,7.82,7.81,7.8,7.79,7.78,7.77,7.87,7.88,7.89,7.9,7.91,7.92,7.93,7.94,7.95,7.96,1531.53,4261.08,6704.35,6038.12,976.55,1022.32,6066.43,159.2,1043.49,666.59,198.42,5440.25,4334.13,3666.96,3169.66,962.82,745.86,1999.11,553.35,950.82
191,7.87,7.86,7.85,7.84,7.83,7.82,7.81,7.8,7.79,7.78,7.88,7.89,7.9,7.91,7.92,7.93,7.94,7.95,7.96,7.97,612.47,3295.3,3708.25,6539.43,5715.86,898.07,639.51,6066.43,735.74,466.23,3523.76,4969.48,4969.35,3169.66,1084.23,855.13,1999.11,553.35,950.82,374.35
192,7.87,7.86,7.85,7.84,7.83,7.82,7.81,7.8,7.79,7.78,7.88,7.89,7.9,7.91,7.92,7.93,7.94,7.95,7.96,7.97,675.29,4080.54,3972.68,5361.61,5333.28,898.07,639.51,5995,159.2,466.23,2262.5,4212.46,5540.54,3222.48,1084.23,855.13,1999.11,553.35,950.82,374.35
193,7.87,7.86,7.85,7.84,7.83,7.82,7.81,7.8,7.79,7.78,7.88,7.89,7.9,7.91,7.92,7.93,7.94,7.95,7.96,7.97,411.52,2705.73,4342.11,6139.5,5333.28,905.41,639.51,5995,159.2,1043.49,3173.18,3882.06,5276.12,3541.39,1068.36,745.85,1999.11,553.35,950.82,374.35
194,7.86,7.85,7.84,7.83,7.82,7.81,7.8,7.79,7.78,7.77,7.87,7.88,7.89,7.9,7.91,7.92,7.93,7.94,7.95,7.96,1000.27,3064.73,7335.98,5585.06,990.29,1143.22,5995,159.2,1043.49,669.99,2700.12,4308.62,4142.86,3618.44,3201.6,996.45,447.76,1999.11,471.98,950.82
195,7.85,7.84,7.83,7.82,7.81,7.8,7.79,7.78,7.77,7.76,7.86,7.87,7.88,7.89,7.9,7.91,7.92,7.93,7.94,7.95,801.59,3215.94,6306.72,4599.62,1244.01,6496.04,73.48,1043.49,664.36,963.17,793.64,2979.28,5472.47,3474.78,880.54,3052.06,364.43,447.76,1999.11,471.98
196,7.85,7.84,7.83,7.82,7.81,7.8,7.79,7.78,7.77,7.76,7.86,7.87,7.88,7.89,7.9,7.91,7.92,7.93,7.94,7.95,623.01,3205.7,6297.54,6776.28,3324.18,4971.58,1752.41,1043.49,666.59,959.77,3089.8,4751.58,3372.82,3709.54,873.97,2948.28,364.43,447.76,1999.11,472.63
197,7.84,7.83,7.82,7.81,7.8,7.79,7.78,7.77,7.76,7.75,7.85,7.86,7.87,7.88,7.89,7.9,7.91,7.92,7.93,7.94,809.12,4641.74,8365.21,3982.37,5078.18,2239.27,1043.49,666.59,959.77,1153.61,597.94,3798.05,4086.72,3594.95,5875.49,774.23,433.82,364.43,447.76,1999.11
198,7.84,7.83,7.82,7.81,7.8,7.79,7.78,7.77,7.76,7.75,7.85,7.86,7.87,7.88,7.89,7.9,7.91,7.92,7.93,7.94,224.18,4742.12,8831.95,3922.57,5078.18,2343.09,558.91,666.59,368.03,1153.61,2148.31,3651.41,3712.76,3614.38,5771.24,774.23,433.82,364.43,447.76,1999.11
199,7.84,7.83,7.82,7.81,7.8,7.79,7.78,7.77,7.76,7.75,7.85,7.86,7.87,7.88,7.89,7.9,7.91,7.92,7.93,7.94,607.37,3430,7880.61,5166.03,7241.37,754.15,2154.8,666.59,464.51,1153.61,1336.33,3903.38,3648.35,5774.49,3620.87,878.82,1995.27,364.43,447.76,437.66
200,7.84,7.83,7.82,7.81,7.8,7.79,7.78,7.77,7.76,7.75,7.85,7.86,7.87,7.88,7.89,7.9,7.91,7.92,7.93,7.94,495.35,3448.99,7379.89,5086.24,7241.37,754.15,2154.8,664.36,949.14,1153.61,1643.94,3978.79,5272.05,3855.03,3633.86,879.26,1995.27,364.43,447.76,437.66
201,7.84,7.83,7.82,7.81,7.8,7.79,7.78,7.77,7.76,7.75,7.85,7.86,7.87,7.88,7.89,7.9,7.91,7.92,7.93,7.94,703.87,4826.94,6615.33,5216.32,7241.37,769.78,2154.8,750.54,370.26,1153.61,586.99,4602.99,5846.99,3855.03,3136.03,965.44,1995.27,364.43,447.76,437.66
202,7.85,7.84,7.83,7.82,7.81,7.8,7.79,7.78,7.77,7.76,7.86,7.87,7.88,7.89,7.9,7.91,7.92,7.93,7.94,7.95,1406.76,2674.59,2871.75,8300.66,2367.87,7136.29,159.26,2062.12,795.03,818.27,235.08,3069.2,3643.94,5761.87,3317.13,907.23,744.41,447.76,437.66,472.63
203,7.85,7.84,7.83,7.82,7.81,7.8,7.79,7.78,7.77,7.76,7.86,7.87,7.88,7.89,7.9,7.91,7.92,7.93,7.94,7.95,361.76,2345.75,2804.29,8748.23,2335.42,7249.77,159.26,2062.12,798.42,901.63,2332.73,3860.11,5013.42,3552.07,3049.16,774.05,1925.88,447.76,437.66,472.63
204,7.85,7.84,7.83,7.82,7.81,7.8,7.79,7.78,7.77,7.76,7.86,7.87,7.88,7.89,7.9,7.91,7.92,7.93,7.94,7.95,461.3,2935.66,3828.82,5580.96,4452.13,7239.03,159.26,2062.12,669.98,368.03,1877.97,3387.2,5171.25,3571.44,3017.15,880.6,1925.88,447.76,437.66,472.63
205,7.84,7.83,7.82,7.81,7.8,7.79,7.78,7.77,7.76,7.75,7.85,7.86,7.87,7.88,7.89,7.9,7.91,7.92,7.93,7.94,1842.81,3477.39,6664.5,4915.56,7239.03,712.68,2154.86,669.98,368.03,1150.21,223.94,2470.4,3568.8,4770.51,3267.15,2955.61,774.05,1925.88,447.76,437.66
206,7.85,7.84,7.83,7.82,7.81,7.8,7.79,7.78,7.77,7.76,7.86,7.87,7.88,7.89,7.9,7.91,7.92,7.93,7.94,7.95,119.03,2690.39,4457.3,5534.01,4412.45,7239.03,457.28,2242.51,669.98,946.91,2495.75,5005.59,6237.69,1107.04,2955.61,900.45,1925.88,366.18,437.66,554
207,7.84,7.83,7.82,7.81,7.8,7.79,7.78,7.77,7.76,7.75,7.85,7.86,7.87,7.88,7.89,7.9,7.91,7.92,7.93,7.94,2001.22,3475.63,6747.58,4865.08,7239.03,182.17,2242.51,669.98,946.91,1150.21,132.26,2336.09,4759.66,6224.28,1107.04,2955.61,900.47,1925.88,366.18,437.66
208,7.84,7.83,7.82,7.81,7.8,7.79,7.78,7.77,7.76,7.75,7.85,7.86,7.87,7.88,7.89,7.9,7.91,7.92,7.93,7.94,1468,4326.06,6201.4,4829.21,7239.03,649.26,2242.51,669.98,368.03,1150.21,642.71,2636.86,6185.23,4552.8,1107.04,2955.61,519.8,1925.88,366.18,437.66
209,7.85,7.84,7.83,7.82,7.81,7.8,7.79,7.78,7.77,7.76,7.86,7.87,7.88,7.89,7.9,7.91,7.92,7.93,7.94,7.95,605.96,3026.18,6156.08,5331.98,3062.88,7126.03,156.52,2330.44,669.98,368.03,2661.37,6501.97,4957.74,1107.04,2955.61,1127.55,1925.88,366.18,437.66,554
210,7.85,7.84,7.83,7.82,7.81,7.8,7.79,7.78,7.77,7.76,7.86,7.87,7.88,7.89,7.9,7.91,7.92,7.93,7.94,7.95,556.57,4000.48,6172.08,4249.12,3155.26,7126.03,156.52,2237.7,1247.96,368.03,1064.09,3987.97,5196.24,3604.47,2955.61,1127.55,1925.88,366.18,437.66,554
211,7.85,7.84,7.83,7.82,7.81,7.8,7.79,7.78,7.77,7.76,7.86,7.87,7.88,7.89,7.9,7.91,7.92,7.93,7.94,7.95,1250.81,4173.13,6254.99,4168.03,3236.16,7125.03,73.48,2237.7,667.75,368.03,76.71,4117.7,5460.72,3867.63,2955.61,1127.55,2306.02,366.18,437.66,554
212,7.85,7.84,7.83,7.82,7.81,7.8,7.79,7.78,7.77,7.76,7.86,7.87,7.88,7.89,7.9,7.91,7.92,7.93,7.94,7.95,838.27,3989.02,5138.13,4135.66,3236.16,7125.03,73.48,2239.93,667.75,368.03,274.96,5146.76,2641.98,3666.1,2987.65,1086.38,2305.98,407.35,437.66,554
213,7.86,7.85,7.84,7.83,7.82,7.81,7.8,7.79,7.78,7.77,7.87,7.88,7.89,7.9,7.91,7.92,7.93,7.94,7.95,7.96,910.73,2574.78,2425.01,6100.55,3712.87,3132.09,6670.27,245.85,2160.56,667.75,2646.13,5177.78,5298.59,2987.65,917.11,2586.58,407.35,437.66,554,950.82
214,7.85,7.84,7.83,7.82,7.81,7.8,7.79,7.78,7.77,7.76,7.86,7.87,7.88,7.89,7.9,7.91,7.92,7.93,7.94,7.95,1830.26,3526.63,6021.02,5946.67,1058.47,7055.75,245.85,2062.12,1245.73,368.03,564.34,3163.46,6412.17,3674.17,2987.65,917.11,2099.13,407.35,437.66,554
215,7.85,7.84,7.83,7.82,7.81,7.8,7.79,7.78,7.77,7.76,7.86,7.87,7.88,7.89,7.9,7.91,7.92,7.93,7.94,7.95,511.66,3301.65,6342.08,5990.43,1058.47,7055.75,245.85,2062.12,667.75,368.03,1166.06,3477.67,6313.5,3567.75,2984.7,917.11,2102.08,407.35,437.66,554
216,7.84,7.83,7.82,7.81,7.8,7.79,7.78,7.77,7.76,7.75,7.85,7.86,7.87,7.88,7.89,7.9,7.91,7.92,7.93,7.94,1749.56,6736.55,7330.85,1607.3,7166.01,744.22,2154.86,1213.62,400.19,1710.49,589.29,2632.55,6937.24,3703.48,1070.32,2943.97,571.4,1928.83,407.35,437.66
217,7.84,7.83,7.82,7.81,7.8,7.79,7.78,7.77,7.76,7.75,7.85,7.86,7.87,7.88,7.89,7.9,7.91,7.92,7.93,7.94,672.18,6801.61,7261.28,1602.77,7163.79,571.9,2332.14,667.75,850.43,1163.09,624.56,2446.31,2863.51,8135.97,1102.44,2919.66,571.4,1928.83,407.35,437.66
218,7.84,7.83,7.82,7.81,7.8,7.79,7.78,7.77,7.76,7.75,7.85,7.86,7.87,7.88,7.89,7.9,7.91,7.92,7.93,7.94,684.57,7386.61,7264.55,1519.94,7163.79,654.94,2332.14,667.75,368.03,1163.09,930.86,2920.89,4535.31,5925.16,1083.09,2922.61,571.4,1925.88,407.35,437.66
219,7.84,7.83,7.82,7.81,7.8,7.79,7.78,7.77,7.76,7.75,7.85,7.86,7.87,7.88,7.89,7.9,7.91,7.92,7.93,7.94,727.52,6221.24,8430.37,1519.94,7163.79,654.94,2332.14,667.75,368.03,1150.21,913.12,2550.84,5073.3,5957.32,1050.97,2922.61,571.4,1925.88,407.35,437.66
220,7.84,7.83,7.82,7.81,7.8,7.79,7.78,7.77,7.76,7.75,7.85,7.86,7.87,7.88,7.89,7.9,7.91,7.92,7.93,7.94,760.57,6489.45,8347.41,1519.94,7163.79,654.94,2332.14,667.75,368.03,1150.21,1653.27,3056.41,4711.1,5760.39,1050.97,2922.61,571.4,1925.88,407.35,437.66
221,7.85,7.84,7.83,7.82,7.81,7.8,7.79,7.78,7.77,7.76,7.86,7.87,7.88,7.89,7.9,7.91,7.92,7.93,7.94,7.95,731.1,2786.53,5519.29,7264.29,975.63,7163.79,156.52,2238.11,1245.73,368.03,2739.98,3731.27,7365.28,1485.31,2922.61,949.9,1925.88,407.35,437.66,554
222,7.86,7.85,7.84,7.83,7.82,7.81,7.8,7.79,7.78,7.77,7.87,7.88,7.89,7.9,7.91,7.92,7.93,7.94,7.95,7.96,665.34,2725.34,3301.04,5023.94,6993.85,945.57,6561.11,163.55,2147.77,667.75,3325.1,5087.61,5384.57,3276.11,1184.26,2306.06,407.35,437.66,554,950.82
223,7.86,7.85,7.84,7.83,7.82,7.81,7.8,7.79,7.78,7.77,7.87,7.88,7.89,7.9,7.91,7.92,7.93,7.94,7.95,7.96,1901.4,2469.15,2311.87,3589.51,6989.9,952.64,6647.9,161.9,2639.38,667.75,309.67,4357.83,3945.17,5038.68,3152.87,1163.8,787,1999.11,472.63,950.82
224,7.86,7.85,7.84,7.83,7.82,7.81,7.8,7.79,7.78,7.77,7.87,7.88,7.89,7.9,7.91,7.92,7.93,7.94,7.95,7.96,2132.49,2447.8,2410.43,4233.88,6989.9,952.65,6647.9,165.28,2639.38,677.2,59.65,4701.6,3866.15,5006.67,3184.81,1163.8,787,1999.11,471.98,950.82
225,7.86,7.85,7.84,7.83,7.82,7.81,7.8,7.79,7.78,7.77,7.87,7.88,7.89,7.9,7.91,7.92,7.93,7.94,7.95,7.96,2265.53,2447.8,2792.14,5822.77,5283.74,1059.37,6647.9,165.28,2062.12,664.36,135.54,4667.01,3853.61,5006.67,3184.81,1163.8,787,1999.11,471.98,950.82
226,7.86,7.85,7.84,7.83,7.82,7.81,7.8,7.79,7.78,7.77,7.87,7.88,7.89,7.9,7.91,7.92,7.93,7.94,7.95,7.96,1689.51,4350.96,3755.57,4834.81,4189.27,1059.37,6647.9,165.28,2062.12,664.36,136.65,4719.07,5364.83,3414.77,3152.87,1163.8,787.03,1999.11,471.98,950.82
227,7.86,7.85,7.84,7.83,7.82,7.81,7.8,7.79,7.78,7.77,7.87,7.88,7.89,7.9,7.91,7.92,7.93,7.94,7.95,7.96,1710.34,4870.86,3805.32,4785.65,6352.27,1059.37,4484.9,165.28,2062.12,664.36,69.38,4495.65,5629.86,3414.77,3152.87,1163.8,787.03,1999.11,471.98,950.82
228,7.87,7.86,7.85,7.84,7.83,7.82,7.81,7.8,7.79,7.78,7.88,7.89,7.9,7.91,7.92,7.93,7.94,7.95,7.96,7.97,641.93,3501.06,4513.2,4837.77,3690,5194.96,569.82,4484.9,741.83,2062.12,3201.06,5099.07,5039.19,3152.87,1163.8,915.05,1999.11,553.35,950.82,374.35
229,7.87,7.86,7.85,7.84,7.83,7.82,7.81,7.8,7.79,7.78,7.88,7.89,7.9,7.91,7.92,7.93,7.94,7.95,7.96,7.97,633.8,3919.12,4532.29,4605.31,4755.92,3008.45,657.01,4484.9,79.09,2062.12,3081.95,5268.53,5092.01,3152.87,987.58,1089.61,1999.11,553.35,950.82,374.35
230,7.87,7.86,7.85,7.84,7.83,7.82,7.81,7.8,7.79,7.78,7.88,7.89,7.9,7.91,7.92,7.93,7.94,7.95,7.96,7.97,2075.73,5329.48,6027.02,5158.9,3119.44,3008.45,657.01,4484.9,79.09,2062.12,3759.77,5419.52,5092.01,3152.87,987.58,1089.61,1999.11,553.35,950.82,374.35
231,7.87,7.86,7.85,7.84,7.83,7.82,7.81,7.8,7.79,7.78,7.88,7.89,7.9,7.91,7.92,7.93,7.94,7.95,7.96,7.97,2285.36,5551.12,5455.99,5070.45,3119.44,3008.45,657.01,4484.9,79.09,2062.12,887.53,5850.15,5617.57,3199.66,987.58,1089.61,1999.11,471.98,950.82,455.52
232,7.88,7.87,7.86,7.85,7.84,7.83,7.82,7.81,7.8,7.79,7.89,7.9,7.91,7.92,7.93,7.94,7.95,7.96,7.97,7.98,2180.03,5187.6,4374.74,5705.11,2787.85,3071.28,2732.82,2165.87,4442.69,589.35,483.75,5213.37,6053.97,3550.77,985.66,2598.46,412.23,950.82,522.93,466.57
233,7.89,7.88,7.87,7.86,7.85,7.84,7.83,7.82,7.81,7.8,7.9,7.91,7.92,7.93,7.94,7.95,7.96,7.97,7.98,7.99,2090.32,3877.6,2152.76,4156.65,4554.17,4640.75,565.14,2906.52,1995.86,4441.26,2728.27,3849.47,5764.97,3542.28,1006.47,1097.86,2512.27,441.11,466.57,445.43
234,7.89,7.88,7.87,7.86,7.85,7.84,7.83,7.82,7.81,7.8,7.9,7.91,7.92,7.93,7.94,7.95,7.96,7.97,7.98,7.99,1775.19,3840.95,2190.7,4320.94,6158.5,3004.27,565.14,2906.52,1999.24,4377.28,4436.62,3740.45,5304.62,3494.47,1006.47,1097.86,2512.27,441.11,466.57,445.43
235,7.88,7.87,7.86,7.85,7.84,7.83,7.82,7.81,7.8,7.79,7.89,7.9,7.91,7.92,7.93,7.94,7.95,7.96,7.97,7.98,1911.08,4381.93,5700.86,4551.37,5293.59,1053.21,743.52,1999.24,4953.1,73.48,1840.96,5453.08,4575.5,3581.76,3150.34,977.62,500.35,2512.27,522.28,466.57
236,7.88,7.87,7.86,7.85,7.84,7.83,7.82,7.81,7.8,7.79,7.89,7.9,7.91,7.92,7.93,7.94,7.95,7.96,7.97,7.98,1887.05,4936.44,6154.15,3408.49,5293.59,1053.21,743.52,1999.24,4377.28,73.48,1675.84,5467.63,4594.01,3549.93,3150.34,977.62,500.35,2512.27,522.28,466.57
237,7.88,7.87,7.86,7.85,7.84,7.83,7.82,7.81,7.8,7.79,7.89,7.9,7.91,7.92,7.93,7.94,7.95,7.96,7.97,7.98,1581.53,4330.45,6391.29,3408.49,5293.59,1053.21,1125.84,1999.24,4377.28,73.48,1760.19,5439.78,4622.06,3549.93,3150.34,977.62,500.35,2512.27,522.28,466.57
238,7.88,7.87,7.86,7.85,7.84,7.83,7.82,7.81,7.8,7.79,7.89,7.9,7.91,7.92,7.93,7.94,7.95,7.96,7.97,7.98,2083.54,4739.05,6455.03,3409.05,5293.59,1053.21,656.01,2087.2,4377.28,73.48,911.32,5261.56,4804.74,3549.93,3150.34,1065.58,414.29,2512.27,522.28,466.57
239,7.88,7.87,7.86,7.85,7.84,7.83,7.82,7.81,7.8,7.79,7.89,7.9,7.91,7.92,7.93,7.94,7.95,7.96,7.97,7.98,2126.6,7176.81,5411.85,4974.16,3107.08,1053.21,656.01,2087.2,4377.28,73.48,598,5327.26,4981.54,3549.93,3150.34,1065.58,414.29,2512.27,522.28,466.57
240,7.88,7.87,7.86,7.85,7.84,7.83,7.82,7.81,7.8,7.79,7.89,7.9,7.91,7.92,7.93,7.94,7.95,7.96,7.97,7.98,1837.93,5533.6,5827.2,4974.15,3107.08,1053.21,569.82,2173.62,4377.28,73.48,1805.64,5520.34,4541.01,3549.93,3150.34,1065.01,414.29,2512.27,522.28,466.57
241,7.88,7.87,7.86,7.85,7.84,7.83,7.82,7.81,7.8,7.79,7.89,7.9,7.91,7.92,7.93,7.94,7.95,7.96,7.97,7.98,1985.37,5328.4,7682.41,3337.67,3107.08,1053.21,569.82,2170.24,4377.28,76.87,1163.7,5448.13,4328.27,3549.93,3150.34,1065.01,414.29,2512.27,522.28,466.57
242,7.88,7.87,7.86,7.85,7.84,7.83,7.82,7.81,7.8,7.79,7.89,7.9,7.91,7.92,7.93,7.94,7.95,7.96,7.97,7.98,1774.66,5659.07,7973.84,3337.67,3107.08,1053.21,569.82,2170.24,4377.28,76.87,3660.7,4088.42,4360.17,3549.93,3150.34,1065.01,414.29,2512.27,522.28,466.57
243,7.87,7.86,7.85,7.84,7.83,7.82,7.81,7.8,7.79,7.78,7.88,7.89,7.9,7.91,7.92,7.93,7.94,7.95,7.96,7.97,2592.68,7635.49,4252.5,6961.08,1176.36,952.18,2170.24,4953.1,76.87,1056.32,760.57,4656.88,6736.14,1426.49,1032.59,3043.2,575.06,414.29,2512.27,522.93
244,7.87,7.86,7.85,7.84,7.83,7.82,7.81,7.8,7.79,7.78,7.88,7.89,7.9,7.91,7.92,7.93,7.94,7.95,7.96,7.97,2123.54,8349.25,4220.35,6993.22,1176.36,952.18,2170.24,4377.28,76.87,466.23,1075.91,4738.66,6563.13,1363.31,1035.54,3043.2,572.11,414.29,2512.27,522.93
245,7.87,7.86,7.85,7.84,7.83,7.82,7.81,7.8,7.79,7.78,7.88,7.89,7.9,7.91,7.92,7.93,7.94,7.95,7.96,7.97,2118.48,7631.22,5303.21,6927.26,1176.36,952.18,2170.24,4377.28,76.87,466.23,727.71,5005.04,6562.31,1363.31,1035.54,3043.2,572.11,414.29,2512.27,522.93
246,7.87,7.86,7.85,7.84,7.83,7.82,7.81,7.8,7.79,7.78,7.88,7.89,7.9,7.91,7.92,7.93,7.94,7.95,7.96,7.97,1805.16,6564.13,5700.46,6927.26,1176.36,1083.08,2170.24,4377.28,76.87,466.23,3305.25,3686.34,6153.66,1331.37,1016.27,3043.2,572.11,414.29,2512.27,522.93
247,7.87,7.86,7.85,7.84,7.83,7.82,7.81,7.8,7.79,7.78,7.88,7.89,7.9,7.91,7.92,7.93,7.94,7.95,7.96,7.97,1591.02,5017.73,6725.23,6927.26,1176.36,1083.08,2170.24,4377.28,429.2,466.23,4302.52,3389.4,6591.72,1331.37,963.45,3215.71,397.73,414.29,2512.27,522.28
248,7.87,7.86,7.85,7.84,7.83,7.82,7.81,7.8,7.79,7.78,7.88,7.89,7.9,7.91,7.92,7.93,7.94,7.95,7.96,7.97,2324.59,5579.22,6632.03,6879.19,1176.36,1083.08,2083.82,4377.28,76.87,466.23,2794.1,3698.75,4336.05,3491.48,963.45,3129.15,397.73,414.29,2512.27,522.28
249,7.87,7.86,7.85,7.84,7.83,7.82,7.81,7.8,7.79,7.78,7.88,7.89,7.9,7.91,7.92,7.93,7.94,7.95,7.96,7.97,1641.56,5058.54,4280.85,2529.68,1176.36,1083.08,487.93,4377.28,924.22,4289.22,3822.44,3758.64,2631.05,5376.89,963.45,3129.15,397.73,414.29,2512.27,522.28
250,7.87,7.86,7.85,7.84,7.83,7.82,7.81,7.8,7.79,7.78,7.88,7.89,7.9,7.91,7.92,7.93,7.94,7.95,7.96,7.97,1911.74,5013.22,4635.62,2411.38,1247.52,1083.08,399.97,4377.28,909.64,5372.08,1074,4883.86,2837.69,5407.7,963.45,2991.47,397.73,414.29,2512.27,522.28
251,7.87,7.86,7.85,7.84,7.83,7.82,7.81,7.8,7.79,7.78,7.88,7.89,7.9,7.91,7.92,7.93,7.94,7.95,7.96,7.97,1346.97,4225.6,4766.25,2494.2,1247.52,1083.08,780.57,4377.28,911.86,5372.08,2506.27,4482.22,2437.69,5407.7,963.45,2991.47,397.73,414.29,2512.27,522.28
252,7.87,7.86,7.85,7.84,7.83,7.82,7.81,7.8,7.79,7.78,7.88,7.89,7.9,7.91,7.92,7.93,7.94,7.95,7.96,7.97,1801.58,4955.65,7416.19,6843.71,1317.1,2678.97,397.76,4377.28,381.92,2043.64,1701.79,4596.34,3927.06,3522.29,963.45,2991.47,397.73,414.29,2512.27,522.93
253,7.87,7.86,7.85,7.84,7.83,7.82,7.81,7.8,7.79,7.78,7.88,7.89,7.9,7.91,7.92,7.93,7.94,7.95,7.96,7.97,1378.13,5173.27,7294.17,6843.71,1317.1,2678.97,780.56,4377.28,381.92,2043.64,3297.99,4038.65,3854.45,3526.93,963.45,3028,397.73,373.12,2512.27,522.93
254,7.87,7.86,7.85,7.84,7.83,7.82,7.81,7.8,7.79,7.78,7.88,7.89,7.9,7.91,7.92,7.93,7.94,7.95,7.96,7.97,1718.55,5025,6922.78,6845.63,1234.48,2678.97,480.59,4377.28,378.54,2043.64,2575.71,4390.01,3895.08,3526.93,963.45,3028,397.73,373.12,2512.27,522.93
255,7.87,7.86,7.85,7.84,7.83,7.82,7.81,7.8,7.79,7.78,7.88,7.89,7.9,7.91,7.92,7.93,7.94,7.95,7.96,7.97,1338.3,4621.48,7596.65,6847.15,1237.75,2678.97,863.4,4377.28,378.54,2043.64,3526.55,4514.73,4485.01,3526.93,963.45,2920.9,397.73,454.49,2512.27,441.76
256,7.86,7.85,7.84,7.83,7.82,7.81,7.8,7.79,7.78,7.77,7.87,7.88,7.89,7.9,7.91,7.92,7.93,7.94,7.95,7.96,3086.02,5873.69,8608.1,3631.92,1083.08,2459.29,4555.34,376.32,2045.86,484.63,577.02,3831.1,8600.67,4500.72,1084.12,853.68,2054.66,397.73,454.49,950.82
257,7.86,7.85,7.84,7.83,7.82,7.81,7.8,7.79,7.78,7.77,7.87,7.88,7.89,7.9,7.91,7.92,7.93,7.94,7.95,7.96,2900.52,6796.82,8529.05,3758.46,1083.08,2566.56,4641.54,376.32,2045.86,484.63,621.43,4035.1,8478.93,4368.23,1084.12,964.01,2054.66,373.6,454.49,950.82
258,7.86,7.85,7.84,7.83,7.82,7.81,7.8,7.79,7.78,7.77,7.87,7.88,7.89,7.9,7.91,7.92,7.93,7.94,7.95,7.96,1595.93,4648.35,3304.65,1979.97,2240.39,1100.68,4641.54,906.26,1551.31,2671.14,2003.62,4066.84,4222.44,7739.31,1064.82,1049.62,1968.8,373.6,454.49,950.82
259,7.85,7.84,7.83,7.82,7.81,7.8,7.79,7.78,7.77,7.76,7.86,7.87,7.88,7.89,7.9,7.91,7.92,7.93,7.94,7.95,1847.45,3730.58,4480.09,2745.28,1083.36,6567.81,632.03,1013.64,516.74,927.61,732.52,3186.3,5202.69,2908.25,5447.31,941.26,562.03,1968.8,370.25,455.14
260,7.85,7.84,7.83,7.82,7.81,7.8,7.79,7.78,7.77,7.76,7.86,7.87,7.88,7.89,7.9,7.91,7.92,7.93,7.94,7.95,2676.52,3907.62,7764.35,4893.09,1083.36,6563.15,631.42,468.45,1062.61,368.03,390.06,3233.26,7873.28,2180.73,3287.2,941.26,941.39,1968.8,370.25,455.14
261,7.85,7.84,7.83,7.82,7.81,7.8,7.79,7.78,7.77,7.76,7.86,7.87,7.88,7.89,7.9,7.91,7.92,7.93,7.94,7.95,1835.48,3742.95,7717.16,4711.14,1083.36,6563.15,544.9,651.33,484.63,368.03,693.41,4265.34,7165.74,2118.87,3287.2,941.26,474.76,1968.8,370.25,455.14
262,7.85,7.84,7.83,7.82,7.81,7.8,7.79,7.78,7.77,7.76,7.86,7.87,7.88,7.89,7.9,7.91,7.92,7.93,7.94,7.95,1544.46,2761.35,8235.1,4711.14,1083.36,6563.15,544.9,651.33,484.63,368.03,2051.43,4013.55,7113.55,2118.87,3267.93,930.26,474.76,1968.8,370.25,455.14
263,7.85,7.84,7.83,7.82,7.81,7.8,7.79,7.78,7.77,7.76,7.86,7.87,7.88,7.89,7.9,7.91,7.92,7.93,7.94,7.95,600.07,2688.16,6302.06,6943.45,1082.75,6674.36,543.67,736.41,1061.38,366.8,2958.41,3916.16,6283.17,2085.51,3266.66,907.85,473.49,1967.53,368.98,453.87
264,7.84,7.83,7.82,7.81,7.8,7.79,7.78,7.77,7.76,7.75,7.85,7.86,7.87,7.88,7.89,7.9,7.91,7.92,7.93,7.94,481.83,2986.39,3825,2269.62,4695.16,695.64,640.9,1061.38,366.8,1817.17,2133.11,3414.25,2402.69,3114.14,3329.35,3319.34,371.89,363.16,2116.52,368.98
265,7.83,7.82,7.81,7.8,7.79,7.78,7.77,7.76,7.75,7.74,7.84,7.85,7.86,7.87,7.88,7.89,7.9,7.91,7.92,7.93,593.1,2232.07,4812.37,7067.32,1889.64,2861.72,1150.55,541.93,1308.16,379.17,3897.05,2360.98,1963.23,1727.83,1427.85,3251.87,2579.59,367.86,363.16,1994.42
266,7.84,7.83,7.82,7.81,7.8,7.79,7.78,7.77,7.76,7.75,7.85,7.86,7.87,7.88,7.89,7.9,7.91,7.92,7.93,7.94,222.47,3084.72,5035.61,4084.59,6691.89,2036.86,3012.3,1238.17,637.57,1308.16,3871.58,2444.32,3615.37,3640.78,1867.91,3069.75,367.86,363.16,1994.42,368.98
267,7.85,7.84,7.83,7.82,7.81,7.8,7.79,7.78,7.77,7.76,7.86,7.87,7.88,7.89,7.9,7.91,7.92,7.93,7.94,7.95,513.48,2948.56,3227.22,5639.87,8118.8,5472.67,539.23,465,2281.81,1096.87,3957.76,3685.13,5375.77,4196.08,1227.27,2313.3,363.16,432.32,368.98,367.89
268,7.85,7.84,7.83,7.82,7.81,7.8,7.79,7.78,7.77,7.76,7.86,7.87,7.88,7.89,7.9,7.91,7.92,7.93,7.94,7.95,586.31,2563.69,2526.13,7143.8,6514.46,5417.32,535.95,722.69,2075.9,550.15,2804.82,4045.91,5976.89,3829.74,1052.34,2596.39,363.16,432.32,368.98,368.54
