timestamp,bid_price_0,bid_price_1,bid_price_2,bid_price_3,bid_price_4,bid_price_5,bid_price_6,bid_price_7,bid_price_8,bid_price_9,ask_price_0,ask_price_1,ask_price_2,ask_price_3,ask_price_4,ask_price_5,ask_price_6,ask_price_7,ask_price_8,ask_price_9,bid_size_0,bid_size_1,bid_size_2,bid_size_3,bid_size_4,bid_size_5,bid_size_6,bid_size_7,bid_size_8,bid_size_9,ask_size_0,ask_size_1,ask_size_2,ask_size_3,ask_size_4,ask_size_5,ask_size_6,ask_size_7,ask_size_8,ask_size_9
0,0.005,0.00499,0.00498,0.00497,0.00496,0.00495,0.00494,0.00493,0.00492,0.00491,0.00501,0.00502,0.00503,0.00504,0.00505,0.00506,0.00507,0.00508,0.00509,0.0051,953564.2,1737907.8,920401.5,799541.9,405802.8,517019.2,445761.2,222031.9,484050,145022.4,256332.9,952438,619457.5,564442.1,546869.4,350010,231022.5,301782.4,341493.8,448379.4
1,0.005,0.00499,0.00498,0.00497,0.00496,0.00495,0.00494,0.00493,0.00492,0.00491,0.00501,0.00502,0.00503,0.00504,0.00505,0.00506,0.00507,0.00508,0.00509,0.0051,953634.2,1747897.8,920401.5,753341.6,452093.9,673682.5,288780.7,379330.8,326431.4,145022.4,221521.9,972418,599517.5,564442.1,546869.4,350010,231022.5,301782.4,341493.8,448379.4
2,0.005,0.00499,0.00498,0.00497,0.00496,0.00495,0.00494,0.00493,0.00492,0.00491,0.00501,0.00502,0.00503,0.00504,0.00505,0.00506,0.00507,0.00508,0.00509,0.0051,953609.7,1747897.8,920401.5,743394.8,452075.2,360355.9,602741.7,222031.9,484050,145022.4,221521.9,972418,599517.5,564442.1,546869.4,350010,231022.5,301782.4,341493.8,448379.4
3,0.005,0.00499,0.00498,0.00497,0.00496,0.00495,0.00494,0.00493,0.00492,0.00491,0.00501,0.00502,0.00503,0.00504,0.00505,0.00506,0.00507,0.00508,0.00509,0.0051,805782,1727917.9,803839,951833.6,405121.3,490376.8,602741.7,222031.9,484050,145022.4,258636.9,972418,599517.5,564442.1,546869.4,350010,231022.5,301782.4,341493.8,521020.9
4,0.005,0.00499,0.00498,0.00497,0.00496,0.00495,0.00494,0.00493,0.00492,0.00491,0.00501,0.00502,0.00503,0.00504,0.00505,0.00506,0.00507,0.00508,0.00509,0.0051,805781.3,1727917.9,803839,951833.6,405121.3,490376.8,445761.2,379330.8,484050,145022.4,265589.9,972418,599517.5,564442.1,546869.4,434510.5,231022.5,217281.9,341493.8,521020.9
5,0.005,0.00499,0.00498,0.00497,0.00496,0.00495,0.00494,0.00493,0.00492,0.00491,0.00501,0.00502,0.00503,0.00504,0.00505,0.00506,0.00507,0.00508,0.00509,0.0051,969448.2,1815986.7,943358.4,743394.8,405117.1,490364,445761.2,379330.8,484050,145022.4,205112.1,962350,609631.9,564442.1,546869.4,434510.5,231022.5,217281.9,341493.8,521020.9
6,0.00501,0.005,0.00499,0.00498,0.00497,0.00496,0.00495,0.00494,0.00493,0.00492,0.00502,0.00503,0.00504,0.00505,0.00506,0.00507,0.00508,0.00509,0.0051,0.00511,277903.2,1665985.1,1353447.5,927397.8,509106.4,306191.5,565608.2,445761.2,222031.9,484050,700762.9,847527.8,674919.1,546869.4,518386.2,231022.5,217281.9,341493.8,532141.7,348171.8
7,0.00501,0.005,0.00499,0.00498,0.00497,0.00496,0.00495,0.00494,0.00493,0.00492,0.00502,0.00503,0.00504,0.00505,0.00506,0.00507,0.00508,0.00509,0.0051,0.00511,221813.7,1542521.8,1398405.1,1025676.1,626302.7,306191.5,565608.2,288780.7,379330.8,484050,1018744.3,819283.4,564442.1,546869.4,533517.3,231022.5,217281.9,341493.8,380086.1,348171.8
8,0.00501,0.005,0.00499,0.00498,0.00497,0.00496,0.00495,0.00494,0.00493,0.00492,0.00502,0.00503,0.00504,0.00505,0.00506,0.00507,0.00508,0.00509,0.0051,0.00511,531723,1618229.5,1389377,817655.8,509106.4,222634.4,565608.2,131800.2,536629.7,484050,146324.7,1039045.3,754733.9,444833.9,634157.4,332733.8,217281.9,341493.8,380086.1,348171.8
9,0.00502,0.00501,0.005,0.00499,0.00498,0.00497,0.00496,0.00495,0.00494,0.00493,0.00503,0.00504,0.00505,0.00506,0.00507,0.00508,0.00509,0.0051,0.00511,0.00512,346856.3,1196214.5,1289618.4,1349815,509540.8,412468,435892.6,326087.1,288780.7,455328.7,597994.9,1054297.1,561842.8,684999.4,252522.2,297493.5,341493.8,380086.1,348171.8,143468.8
10,0.00502,0.00501,0.005,0.00499,0.00498,0.00497,0.00496,0.00495,0.00494,0.00493,0.00503,0.00504,0.00505,0.00506,0.00507,0.00508,0.00509,0.0051,0.00511,0.00512,575471.1,1133183.7,1177137.2,1148569.7,610835,225017.8,279545.1,564051.4,288780.7,455328.7,238454.7,1109203.9,799642.9,584359.3,353436,384208.2,155694.7,564706.8,348171.8,143468.8
11,0.00502,0.00501,0.005,0.00499,0.00498,0.00497,0.00496,0.00495,0.00494,0.00493,0.00503,0.00504,0.00505,0.00506,0.00507,0.00508,0.00509,0.0051,0.00511,0.00512,677002.9,1143133.8,1199655.5,1148569.7,610835,225017.8,435892.6,407388.1,288780.7,455328.7,202933.2,1109203.9,799642.9,584359.3,353436,384208.2,155694.7,564706.8,348171.8,143468.8
12,0.00502,0.00501,0.005,0.00499,0.00498,0.00497,0.00496,0.00495,0.00494,0.00493,0.00504,0.00505,0.00506,0.00507,0.00508,0.00509,0.0051,0.00511,0.00512,0.00513,1085448.9,1108615.1,1415560.7,921838.6,600508.4,225017.8,435892.6,564051.4,288780.7,298029.8,1379021.9,809052.7,573467,353436,395100.5,155694.7,564706.8,348171.8,143468.8,160499.2
13,0.00502,0.00501,0.005,0.00499,0.00498,0.00497,0.00496,0.00495,0.00494,0.00493,0.00503,0.00504,0.00505,0.00506,0.00507,0.00508,0.00509,0.0051,0.00511,0.00512,666938.4,1192205.7,1146976.2,1127953.7,595522.5,225017.8,435892.6,564051.4,288780.7,298029.8,180727.4,1113387.1,798931.4,573467,353436,395100.5,155694.7,564706.8,348171.8,143468.8
14,0.00502,0.00501,0.005,0.00499,0.00498,0.00497,0.00496,0.00495,0.00494,0.00493,0.00503,0.00504,0.00505,0.00506,0.00507,0.00508,0.00509,0.0051,0.00511,0.00512,422389.6,1132926.7,1223157.7,1160789.4,595522.5,307988.8,279545.1,482750.4,188710.9,612627.6,543080.1,1113481.4,792467.1,674726.6,252522.2,308385.8,155694.7,564706.8,348171.8,143468.8
15,0.00502,0.00501,0.005,0.00499,0.00498,0.00497,0.00496,0.00495,0.00494,0.00493,0.00503,0.00504,0.00505,0.00506,0.00507,0.00508,0.00509,0.0051,0.00511,0.00512,602863.9,1179396,1217486.2,1127953.7,595522.5,307988.8,279545.1,482750.4,188710.9,612627.6,136647.3,1112763.5,803855,590226.1,252522.2,472013.9,155694.7,485579.2,348171.8,143468.8
16,0.00502,0.00501,0.005,0.00499,0.00498,0.00497,0.00496,0.00495,0.00494,0.00493,0.00503,0.00504,0.00505,0.00506,0.00507,0.00508,0.00509,0.0051,0.00511,0.00512,183004.9,1216430.9,1259385.7,1160789.4,709774.6,307988.8,279545.1,482750.4,188710.9,455328.7,775219.1,1120089.8,636194.6,590226.1,252522.2,531137.3,155694.7,426455.8,348171.8,143468.8
17,0.00501,0.005,0.00499,0.00498,0.00497,0.00496,0.00495,0.00494,0.00493,0.00492,0.00502,0.00503,0.00504,0.00505,0.00506,0.00507,0.00508,0.00509,0.0051,0.00511,265194.1,1489939.1,1158346.1,974697.4,603569.7,362178.9,169423.8,345691.4,298029.8,799287.2,498157.1,922790.6,586651.1,731367.8,632022.5,252522.2,506461.3,155694.7,308075.8,499929.8
18,0.00501,0.005,0.00499,0.00498,0.00497,0.00496,0.00495,0.00494,0.00493,0.00492,0.00502,0.00503,0.00504,0.00505,0.00506,0.00507,0.00508,0.00509,0.0051,0.00511,241923.9,1429856.4,1310826.2,964896.6,603569.7,305268.2,250724.8,131800.2,298029.8,641668.6,849913.9,922796.5,474929.5,731367.8,642914.8,231022.5,415357.4,342978.6,123455.1,499929.8
19,0.00501,0.005,0.00499,0.00498,0.00497,0.00496,0.00495,0.00494,0.00493,0.00492,0.00502,0.00503,0.00504,0.00505,0.00506,0.00507,0.00508,0.00509,0.0051,0.00511,529744,1556642.5,1060168.4,974751.7,495291.9,222634.4,250724.8,288780.7,140730.9,799287.2,168513.8,1006006.2,652422.7,630841.4,743915.7,316154.1,415357.4,342978.6,123455.1,499929.8
20,0.00501,0.005,0.00499,0.00498,0.00497,0.00496,0.00495,0.00494,0.00493,0.00492,0.00502,0.00503,0.00504,0.00505,0.00506,0.00507,0.00508,0.00509,0.0051,0.00511,528254.6,1556642.5,1267771.8,779484.8,495291.9,222634.4,250724.8,288780.7,140730.9,799287.2,137117.2,1056975.2,652422.7,630841.4,743915.7,316154.1,415357.4,342978.6,123455.1,499929.8
21,0.00502,0.00501,0.005,0.00499,0.00498,0.00497,0.00496,0.00495,0.00494,0.00493,0.00503,0.00504,0.00505,0.00506,0.00507,0.00508,0.00509,0.0051,0.00511,0.00512,266768.6,1335025.1,1253046,1265955.7,595422.1,389289.8,222634.4,122391.6,288780.7,140730.9,482147.6,1141860.2,787402.8,743915.7,235942.5,415357.4,342978.6,203666.7,499929.8,143468.8
22,0.00502,0.00501,0.005,0.00499,0.00498,0.00497,0.00496,0.00495,0.00494,0.00493,0.00503,0.00504,0.00505,0.00506,0.00507,0.00508,0.00509,0.0051,0.00511,0.00512,395236.6,1237240.6,1168123.6,1278618.3,595422.1,389289.8,222634.4,326068.2,445761.2,298029.8,493400.6,1231009.6,747586.7,845121.2,332248.7,415357.4,342978.6,203666.7,499929.8,143468.8
23,0.00502,0.00501,0.005,0.00499,0.00498,0.00497,0.00496,0.00495,0.00494,0.00493,0.00503,0.00504,0.00505,0.00506,0.00507,0.00508,0.00509,0.0051,0.00511,0.00512,193893.4,1206891,1281063,1256054.8,728622,307988.8,303935.4,639394.8,445761.2,140730.9,901410,960825.3,747586.7,734217.1,332248.7,415357.4,342978.6,203666.7,499929.8,143468.8
24,0.00502,0.00501,0.005,0.00499,0.00498,0.00497,0.00496,0.00495,0.00494,0.00493,0.00503,0.00504,0.00505,0.00506,0.00507,0.00508,0.00509,0.0051,0.00511,0.00512,464899.4,1311163.8,1207029.4,1127953.7,595422.1,307988.8,303935.4,639394.8,370081.7,298029.8,332601.6,1191249.4,806990.7,847994.5,338776.9,415357.4,342978.6,203666.7,499929.8,143468.8
25,0.00501,0.005,0.00499,0.00498,0.00497,0.00496,0.00495,0.00494,0.00493,0.00492,0.00502,0.00503,0.00504,0.00505,0.00506,0.00507,0.00508,0.00509,0.0051,0.00511,564173,1641837.3,1029542.7,1062124.6,407611.5,387426.5,796058.1,370081.7,140730.9,326431.4,308552.5,1059484.6,782526.2,752939.9,675661.6,246834.8,344412.1,342978.6,333167.5,499929.8
26,0.00501,0.005,0.00499,0.00498,0.00497,0.00496,0.00495,0.00494,0.00493,0.00492,0.00502,0.00503,0.00504,0.00505,0.00506,0.00507,0.00508,0.00509,0.0051,0.00511,564173,1641837.3,1029542.7,948728.7,507049.4,387426.5,639394.8,370081.7,298029.8,326431.4,397680.7,1066032.3,775973.5,752939.9,675661.6,246834.8,344412.1,342978.6,333167.5,499929.8
27,0.00501,0.005,0.00499,0.00498,0.00497,0.00496,0.00495,0.00494,0.00493,0.00492,0.00502,0.00503,0.00504,0.00505,0.00506,0.00507,0.00508,0.00509,0.0051,0.00511,417188.8,1696089.2,1012395.4,1009154.8,507049.4,306125.5,720695.8,288780.7,298029.8,326431.4,404233.4,1059484.6,776082.7,854470.8,573467,161703.2,344412.1,342978.6,333167.5,499929.8
28,0.00502,0.00501,0.005,0.00499,0.00498,0.00497,0.00496,0.00495,0.00494,0.00493,0.00503,0.00504,0.00505,0.00506,0.00507,0.00508,0.00509,0.0051,0.00511,0.00512,244549.3,1444905.4,1342404.2,1160724,619036.4,407426.7,222634.4,877359.1,370081.7,140730.9,599011.5,1274985.9,865432.4,674898.5,344296.9,336549.5,342978.6,341030.1,499929.8,143468.8
29,0.00502,0.00501,0.005,0.00499,0.00498,0.00497,0.00496,0.00495,0.00494,0.00493,0.00503,0.00504,0.00505,0.00506,0.00507,0.00508,0.00509,0.0051,0.00511,0.00512,178017.5,1410352.6,1382682,1160724,708843.8,307988.8,691676.9,326068.2,370081.7,140730.9,830797.1,1264793.9,865432.4,674898.5,329197.6,217281.9,342978.6,460297.7,499929.8,143468.8
30,0.00502,0.00501,0.005,0.00499,0.00498,0.00497,0.00496,0.00495,0.00494,0.00493,0.00503,0.00504,0.00505,0.00506,0.00507,0.00508,0.00509,0.0051,0.00511,0.00512,224406.6,1513755.6,1377540,1160724,703386.3,307988.8,772977.9,482731.5,213101.2,140730.9,816756.5,1224774,865432.4,674898.5,344596.3,217281.9,342978.6,460297.7,499929.8,143468.8
31,0.00502,0.00501,0.005,0.00499,0.00498,0.00497,0.00496,0.00495,0.00494,0.00493,0.00503,0.00504,0.00505,0.00506,0.00507,0.00508,0.00509,0.0051,0.00511,0.00512,653901.6,1374986.4,1083313.2,1188787.3,597156.8,304947.9,772977.9,279054.9,370081.7,140730.9,230067,1147140.3,976376.3,606025.5,435734,425415.3,166587,366485,684170.1,197069.9
32,0.00502,0.00501,0.005,0.00499,0.00498,0.00497,0.00496,0.00495,0.00494,0.00493,0.00503,0.00504,0.00505,0.00506,0.00507,0.00508,0.00509,0.0051,0.00511,0.00512,688310.7,1316379.1,1243652.7,1215866.9,548442.8,377228.9,616630.4,435718.2,213101.2,140730.9,199546.1,1193753.1,986312.3,606025.5,435734,425415.3,166587,366485,684170.1,197069.9
33,0.00503,0.00502,0.00501,0.005,0.00499,0.00498,0.00497,0.00496,0.00495,0.00494,0.00504,0.00505,0.00506,0.00507,0.00508,0.00509,0.0051,0.00511,0.00512,0.00513,49500,1167229.6,1227523.7,1055369.7,1110504.4,456034.9,458529.9,691676.9,279054.9,131800.2,892350.6,1465266.6,842746.6,572060.7,472669.1,246798.6,315364.2,532412.1,208190.7,311665.6
34,0.00502,0.00501,0.005,0.00499,0.00498,0.00497,0.00496,0.00495,0.00494,0.00493,0.00503,0.00504,0.00505,0.00506,0.00507,0.00508,0.00509,0.0051,0.00511,0.00512,847642.4,1254989.3,1055369.7,1250286.1,468280.3,614562.8,535329.4,335965.6,131800.2,140730.9,138125.5,831453.1,1455308.5,842746.6,442412.4,389968.7,246798.6,326826.6,532412.1,208190.7
35,0.00502,0.00501,0.005,0.00499,0.00498,0.00497,0.00496,0.00495,0.00494,0.00493,0.00503,0.00504,0.00505,0.00506,0.00507,0.00508,0.00509,0.0051,0.00511,0.00512,889538.4,1254989.3,1055369.7,1247442.9,458755.3,302497,535329.4,649292.2,131800.2,140730.9,221938.1,831580.5,1455308.5,842746.6,442412.4,389968.7,246798.6,326826.6,532412.1,208190.7
36,0.00502,0.00501,0.005,0.00499,0.00498,0.00497,0.00496,0.00495,0.00494,0.00493,0.00503,0.00504,0.00505,0.00506,0.00507,0.00508,0.00509,0.0051,0.00511,0.00512,888036.4,1254989.3,1055369.7,1247447.8,458755.3,302497,378981.9,805955.5,131800.2,140730.9,221938.1,1091580.5,1195308.5,842746.6,442412.4,389968.7,246798.6,337947.4,532412.1,197069.9
37,0.00502,0.00501,0.005,0.00499,0.00498,0.00497,0.00496,0.00495,0.00494,0.00493,0.00503,0.00504,0.00505,0.00506,0.00507,0.00508,0.00509,0.0051,0.00511,0.00512,888030.4,1254989.3,1055369.7,1247449.1,458755.3,302497,378981.9,805955.5,131800.2,140730.9,191447.5,1091574.5,1195308.5,842746.6,442412.4,389968.7,246798.6,337947.4,532412.1,197069.9
38,0.00502,0.00501,0.005,0.00499,0.00498,0.00497,0.00496,0.00495,0.00494,0.00493,0.00503,0.00504,0.00505,0.00506,0.00507,0.00508,0.00509,0.0051,0.00511,0.00512,888030.4,1160046.5,1150502.4,1247449.1,458755.3,302497,378981.9,805955.5,131800.2,140730.9,191447.5,1091574.5,1195308.5,842746.6,453304.7,389968.7,235906.3,337947.4,532412.1,197069.9
39,0.00503,0.00502,0.00501,0.005,0.00499,0.00498,0.00497,0.00496,0.00495,0.00494,0.00504,0.00505,0.00506,0.00507,0.00508,0.00509,0.0051,0.00511,0.00512,0.00513,158630.8,1213167,1222464.7,982125.6,1110498.7,370526.5,302497,378981.9,805955.5,131800.2,764577.7,1464710,896685.1,584747,473914,235906.3,337947.4,532412.1,197069.9,160499.2
40,0.00503,0.00502,0.00501,0.005,0.00499,0.00498,0.00497,0.00496,0.00495,0.00494,0.00504,0.00505,0.00506,0.00507,0.00508,0.00509,0.0051,0.00511,0.00512,0.00513,860287.6,1180514.6,1082135,1284446.5,898339.9,370526.5,458529.9,222634.4,805955.5,131800.2,771538.4,1454589.3,827118.1,552955.2,385203.7,324928.6,326485,532412.1,197069.9,160499.2
41,0.00503,0.00502,0.00501,0.005,0.00499,0.00498,0.00497,0.00496,0.00495,0.00494,0.00504,0.00505,0.00506,0.00507,0.00508,0.00509,0.0051,0.00511,0.00512,0.00513,829797,1180531,1082135,1189313.8,898339.9,370526.5,458529.9,222634.4,805955.5,131800.2,781526.6,1454589.3,827118.1,552955.2,385203.7,324928.6,380086.1,532412.1,143468.8,160499.2
42,0.00503,0.00502,0.00501,0.005,0.00499,0.00498,0.00497,0.00496,0.00495,0.00494,0.00504,0.00505,0.00506,0.00507,0.00508,0.00509,0.0051,0.00511,0.00512,0.00513,973063.3,1155658,950574.6,1284446.5,898339.9,370526.5,458529.9,222634.4,649292.2,288780.7,632725.3,1523478.3,827118.1,552955.2,484280.8,324928.6,380086.1,532412.1,143468.8,160499.2
43,0.00503,0.00502,0.00501,0.005,0.00499,0.00498,0.00497,0.00496,0.00495,0.00494,0.00504,0.00505,0.00506,0.00507,0.00508,0.00509,0.0051,0.00511,0.00512,0.00513,752779.4,1180489.3,1025517.5,1284446.5,898339.9,370526.5,458529.9,222634.4,492628.9,445761.2,642558,1523478.3,827118.1,552955.2,484280.8,324928.6,380086.1,532412.1,143468.8,160499.2
44,0.00502,0.00501,0.005,0.00499,0.00498,0.00497,0.00496,0.00495,0.00494,0.00493,0.00503,0.00504,0.00505,0.00506,0.00507,0.00508,0.00509,0.0051,0.00511,0.00512,851785.6,1258018.4,1176493.7,1215791,674840.1,377228.9,279545.1,435718.2,502671.9,140730.9,685031.6,1148499,1088106,765868.7,340382.4,385203.7,324928.6,380086.1,532412.1,143468.8
45,0.00502,0.00501,0.005,0.00499,0.00498,0.00497,0.00496,0.00495,0.00494,0.00493,0.00503,0.00504,0.00505,0.00506,0.00507,0.00508,0.00509,0.0051,0.00511,0.00512,468601.6,1411508.2,1155538.3,1248561.3,666862.1,221196,279545.1,435718.2,502671.9,298029.8,808123.5,1149766.9,1068534.7,754406.3,340382.4,389856.6,244717,372223.5,532412.1,294930.4
46,0.00502,0.00501,0.005,0.00499,0.00498,0.00497,0.00496,0.00495,0.00494,0.00493,0.00503,0.00504,0.00505,0.00506,0.00507,0.00508,0.00509,0.0051,0.00511,0.00512,313546.5,1182430.5,993340.2,1077695,666862.1,330424.7,279545.1,435718.2,345691.4,455328.7,523328.4,884720.6,935703.8,647469.5,351274.7,389856.6,233824.7,372223.5,532412.1,294930.4
47,0.00501,0.005,0.00499,0.00498,0.00497,0.00496,0.00495,0.00494,0.00493,0.00492,0.00502,0.00503,0.00504,0.00505,0.00506,0.00507,0.00508,0.00509,0.0051,0.00511,975903,1399480.9,1099445,900844.4,478888.8,375465.8,435718.2,188710.9,612627.6,326431.4,409200.3,1123506.4,889780.5,973398.3,731970,251357.8,435744.5,419443.5,241835.1,348171.8
48,0.00499,0.00498,0.00497,0.00496,0.00495,0.00494,0.00493,0.00492,0.00491,0.0049,0.005,0.00501,0.00502,0.00503,0.00504,0.00505,0.00506,0.00507,0.00508,0.00509,1059195.7,1562302,866054.5,955442.3,509224.8,393496.1,140730.9,799287.2,145022.4,155653,68423.4,1038475.7,897107.5,895121.8,594702.8,578116,466560,168381.6,601998.3,312807
49,0.005,0.00499,0.00498,0.00497,0.00496,0.00495,0.00494,0.00493,0.00492,0.00491,0.00501,0.00502,0.00503,0.00504,0.00505,0.00506,0.00507,0.00508,0.00509,0.0051,231265.1,1479016.2,1217977.6,1070513.3,619098.6,280192.5,213101.2,298029.8,722969.6,145022.4,724218.5,1177024.3,895121.8,755808,578116,550401.2,168381.6,601998.3,312807,123455.1
50,0.005,0.00499,0.00498,0.00497,0.00496,0.00495,0.00494,0.00493,0.00492,0.00491,0.00501,0.00502,0.00503,0.00504,0.00505,0.00506,0.00507,0.00508,0.00509,0.0051,309261.3,1368268.9,1618931.5,814234,773241.3,398463.6,259552.9,298029.8,379315.8,460901.6,836117.4,1096606.8,859462.3,801288.4,480030.5,442203.7,168381.6,541854.1,312807,123455.1
51,0.005,0.00499,0.00498,0.00497,0.00496,0.00495,0.00494,0.00493,0.00492,0.00491,0.00501,0.00502,0.00503,0.00504,0.00505,0.00506,0.00507,0.00508,0.00509,0.0051,499429.7,1584128.3,1243170.1,1022672.8,449961.4,302029.4,259552.9,298029.8,694553,145022.4,729190.2,960317.2,879033.6,892686.8,480030.5,442203.7,168381.6,541854.1,312807,123455.1
52,0.005,0.00499,0.00498,0.00497,0.00496,0.00495,0.00494,0.00493,0.00492,0.00491,0.00501,0.00502,0.00503,0.00504,0.00505,0.00506,0.00507,0.00508,0.00509,0.0051,736406.7,1407470.5,1276071.4,999858.8,449961.4,302029.4,259552.9,298029.8,536934.4,460901.6,228681.5,1179303,919722.5,893355.5,480030.5,585907.7,168381.6,482730.7,312807,123455.1
53,0.005,0.00499,0.00498,0.00497,0.00496,0.00495,0.00494,0.00493,0.00492,0.00491,0.00501,0.00502,0.00503,0.00504,0.00505,0.00506,0.00507,0.00508,0.00509,0.0051,104744,1462789.9,1359204,974017.7,562220.8,434864.7,259552.9,298029.8,379315.8,618841.2,623308.5,1209993.8,859462.3,778362.7,480030.5,509189.7,168381.6,474868.1,312807,123455.1
54,0.00499,0.00498,0.00497,0.00496,0.00495,0.00494,0.00493,0.00492,0.00491,0.0049,0.005,0.00501,0.00502,0.00503,0.00504,0.00505,0.00506,0.00507,0.00508,0.00509,581671.9,1615203,995185.5,851307.7,540395.7,473646,140730.9,536934.4,145022.4,655500.8,408716.3,1142945.3,855812.9,952683.2,623907.7,171092.7,526248.4,310444.6,410146.2,160452.7
55,0.00499,0.00498,0.00497,0.00496,0.00495,0.00494,0.00493,0.00492,0.00491,0.0049,0.005,0.00501,0.00502,0.00503,0.00504,0.00505,0.00506,0.00507,0.00508,0.00509,348127.4,1515683.7,1094725.4,850766,612188,389512.8,187934.9,536934.4,145022.4,497238.9,906814.6,1133410.5,836241.6,843540.5,623907.7,254870.4,526248.4,310444.6,410146.2,160452.7
56,0.00499,0.00498,0.00497,0.00496,0.00495,0.00494,0.00493,0.00492,0.00491,0.0049,0.005,0.00501,0.00502,0.00503,0.00504,0.00505,0.00506,0.00507,0.00508,0.00509,325666.6,1495821.6,1278205.8,850766,616392.6,389512.8,187934.9,536934.4,145022.4,497238.9,700427.9,1132725.5,836241.6,843540.5,623907.7,255595.6,526248.4,310444.6,410146.2,160452.7
57,0.00499,0.00498,0.00497,0.00496,0.00495,0.00494,0.00493,0.00492,0.00491,0.0049,0.005,0.00501,0.00502,0.00503,0.00504,0.00505,0.00506,0.00507,0.00508,0.00509,198254.9,1195920.9,1350384.1,809392.4,825673.6,263958.3,312539,455633.4,226323.4,497238.9,1007848.8,1188197.8,761020.2,768010.8,623907.7,259179.8,510815.7,570621.7,158726.4,160452.7
58,0.00499,0.00498,0.00497,0.00496,0.00495,0.00494,0.00493,0.00492,0.00491,0.0049,0.005,0.00501,0.00502,0.00503,0.00504,0.00505,0.00506,0.00507,0.00508,0.00509,101640.9,1262894.3,1442946.1,1142175.4,616392.6,354379,312539,455633.4,226323.4,497238.9,1142068.7,918078.7,805905.2,726448.5,583958,171092.7,499923.4,570621.7,158726.4,160452.7
59,0.00498,0.00497,0.00496,0.00495,0.00494,0.00493,0.00492,0.00491,0.0049,0.00489,0.00499,0.005,0.00501,0.00502,0.00503,0.00504,0.00505,0.00506,0.00507,0.00508,985424.9,1470269.8,939314.7,722174.7,354379,400208.4,140396.2,384263,497238.9,639299.9,167973.4,1116791.9,918078.7,727278.3,585345.1,583958,171092.7,499923.4,570621.7,158726.4
60,0.00498,0.00497,0.00496,0.00495,0.00494,0.00493,0.00492,0.00491,0.0049,0.00489,0.00499,0.005,0.00501,0.00502,0.00503,0.00504,0.00505,0.00506,0.00507,0.00508,858335.8,1470772.9,939314.7,616392.6,351435.7,312539,298014.8,226323.4,497238.9,480714.3,167824.8,794689.5,1201481.1,742353.5,585345.1,583958,171092.7,499923.4,570621.7,158726.4
61,0.00498,0.00497,0.00496,0.00495,0.00494,0.00493,0.00492,0.00491,0.0049,0.00489,0.00499,0.005,0.00501,0.00502,0.00503,0.00504,0.00505,0.00506,0.00507,0.00508,683114,1378258.6,998996.3,715214.6,451512.4,396939.6,140396.2,384263,497238.9,639299.9,299810.2,1095630.3,987625.6,744659.7,483321.8,442730.3,171092.7,499923.4,570621.7,158726.4
62,0.00498,0.00497,0.00496,0.00495,0.00494,0.00493,0.00492,0.00491,0.0049,0.00489,0.00499,0.005,0.00501,0.00502,0.00503,0.00504,0.00505,0.00506,0.00507,0.00508,426773.7,1270570.4,1202486.3,719333.5,571360.8,315638.6,197306.9,302962,338977,480714.3,553841.4,1094439.1,844378,632809.7,483321.8,357463.5,171092.7,499923.4,570621.7,158726.4
63,0.00498,0.00497,0.00496,0.00495,0.00494,0.00493,0.00492,0.00491,0.0049,0.00489,0.00499,0.005,0.00501,0.00502,0.00503,0.00504,0.00505,0.00506,0.00507,0.00508,536327.1,1184557,1202372.8,719329.5,571480,231245.7,197306.9,302962,338977,639299.9,486226.4,1218955.8,844378,632809.7,483321.8,458670.8,171092.7,499923.4,570621.7,158726.4
64,0.00498,0.00497,0.00496,0.00495,0.00494,0.00493,0.00492,0.00491,0.0049,0.00489,0.00499,0.005,0.00501,0.00502,0.00503,0.00504,0.00505,0.00506,0.00507,0.00508,218675.1,1132383.4,1581339.7,783329.5,543846.1,430469.2,197306.9,302962,236954,480714.3,1033295.2,975000.5,878462.8,738309.9,464575.7,372073.2,356828.6,366407.2,305823.8,158726.4
65,0.00498,0.00497,0.00496,0.00495,0.00494,0.00493,0.00492,0.00491,0.0049,0.00489,0.00499,0.005,0.00501,0.00502,0.00503,0.00504,0.00505,0.00506,0.00507,0.00508,114767.6,1392443.3,1321339.7,783329.5,448310.7,517741.8,243947.4,145022.4,395215.9,480714.3,780339.4,1235000.5,889906.2,738309.9,464575.7,439059.2,356828.6,299421.2,305823.8,158726.4
66,0.00497,0.00496,0.00495,0.00494,0.00493,0.00492,0.00491,0.0049,0.00489,0.00488,0.00498,0.00499,0.005,0.00501,0.00502,0.00503,0.00504,0.00505,0.00506,0.00507,872736,1376859.6,832841.7,837276.8,473904.3,375566.1,145022.4,395215.9,639299.9,503654.1,145967,1059405.7,966971.7,708019.6,678620.6,475468,450180,510389.7,288300.4,152868.5
67,0.00497,0.00496,0.00495,0.00494,0.00493,0.00492,0.00491,0.0049,0.00489,0.00488,0.00498,0.00499,0.005,0.00501,0.00502,0.00503,0.00504,0.00505,0.00506,0.00507,695825.2,1377101,832841.7,837276.8,473904.3,370292.8,145022.4,395215.9,322128.7,662564.7,328906.1,1110988.9,921948.2,708019.6,737176.1,475468,510004.5,510389.7,169920.4,152868.5
68,0.00497,0.00496,0.00495,0.00494,0.00493,0.00492,0.00491,0.0049,0.00489,0.00488,0.00498,0.00499,0.005,0.00501,0.00502,0.00503,0.00504,0.00505,0.00506,0.00507,867607.3,1473032.7,736716.2,837276.8,473904.3,370292.8,145022.4,236954,480714.3,503654.1,359702.7,1110988.9,921948.2,708019.6,737176.1,475468,510004.5,510389.7,169920.4,152868.5
69,0.00498,0.00497,0.00496,0.00495,0.00494,0.00493,0.00492,0.00491,0.0049,0.00489,0.00499,0.005,0.00501,0.00502,0.00503,0.00504,0.00505,0.00506,0.00507,0.00508,267458.2,1380205.5,1138009.8,742469.5,586520.5,430469.2,243947.4,145022.4,236954,480714.3,365043.6,1245481,856559.2,841653,475468,510004.5,510389.7,169920.4,152868.5,158726.4
70,0.00498,0.00497,0.00496,0.00495,0.00494,0.00493,0.00492,0.00491,0.0049,0.00489,0.00499,0.005,0.00501,0.00502,0.00503,0.00504,0.00505,0.00506,0.00507,0.00508,174277.1,1211338.1,1178863.2,732507.9,712714.8,430469.2,243947.4,145022.4,395215.9,480714.3,1113302.2,973431.7,856559.2,725732.7,475468,510004.5,510389.7,169920.4,152868.5,158726.4
71,0.00497,0.00496,0.00495,0.00494,0.00493,0.00492,0.00491,0.0049,0.00489,0.00488,0.00498,0.00499,0.005,0.00501,0.00502,0.00503,0.00504,0.00505,0.00506,0.00507,462118.9,1446018,828633.4,795124.7,523093.5,286828.8,145022.4,236954,480714.3,503654.1,392693.1,1174239.1,780218.9,819347.9,625453.2,334240.3,510004.5,510389.7,169920.4,152868.5
72,0.00496,0.00495,0.00494,0.00493,0.00492,0.00491,0.0049,0.00489,0.00488,0.00487,0.00497,0.00498,0.00499,0.005,0.00501,0.00502,0.00503,0.00504,0.00505,0.00506,1074527.5,1086906.9,998085.7,749573.5,358089.8,268248.6,155653,480714.3,348956,613063.5,164974.3,1258270.8,814810.1,608452.9,668596.2,524060.7,211197.9,466314.3,510389.7,169920.4
73,0.00496,0.00495,0.00494,0.00493,0.00492,0.00491,0.0049,0.00489,0.00488,0.00487,0.00497,0.00498,0.00499,0.005,0.00501,0.00502,0.00503,0.00504,0.00505,0.00506,218835.6,1519552.1,1312698.2,795619.7,624459.1,318415.4,236954,322128.7,748078.2,135352.8,729624.1,1184842.9,854343.7,550862.5,568711.3,327968.3,211197.9,651311.3,324653.8,169920.4
74,0.00496,0.00495,0.00494,0.00493,0.00492,0.00491,0.0049,0.00489,0.00488,0.00487,0.00497,0.00498,0.00499,0.005,0.00501,0.00502,0.00503,0.00504,0.00505,0.00506,684781.5,1463587.5,1121086.4,800457.2,509971.3,234351.6,236954,322128.7,594417.3,453826.6,226226.5,1168430.6,914834.9,670542.9,568711.3,412062.6,211197.9,651311.3,324653.8,169920.4
75,0.00496,0.00495,0.00494,0.00493,0.00492,0.00491,0.0049,0.00489,0.00488,0.00487,0.00497,0.00498,0.00499,0.005,0.00501,0.00502,0.00503,0.00504,0.00505,0.00506,947560.2,1043450.2,1028741.4,794731.1,509851.9,315652.6,155653,403429.7,672026.9,453826.6,208253.4,984991.5,1121204.6,568808.3,671093.7,374915,288345.5,611311.3,324653.8,169920.4
76,0.00496,0.00495,0.00494,0.00493,0.00492,0.00491,0.0049,0.00489,0.00488,0.00487,0.00498,0.00499,0.005,0.00501,0.00502,0.00503,0.00504,0.00505,0.00506,0.00507,1172600,1410139.5,878713.5,862380.1,670048.5,234351.6,395215.9,403429.7,826725,135352.8,1369512.6,947377.6,635205.7,661461.9,371024.3,288345.5,611311.3,324653.8,171027.1,152868.5
77,0.00496,0.00495,0.00494,0.00493,0.00492,0.00491,0.0049,0.00489,0.00488,0.00487,0.00497,0.00498,0.00499,0.005,0.00501,0.00502,0.00503,0.00504,0.00505,0.00506,422215.1,1412436.5,943934.3,844511.9,670048.5,476502.8,236954,562015.3,667814.4,135352.8,349074.5,1258737.2,841527.7,665527.2,561197.3,371024.3,288345.5,611311.3,324653.8,171027.1
78,0.00496,0.00495,0.00494,0.00493,0.00492,0.00491,0.0049,0.00489,0.00488,0.00487,0.00497,0.00498,0.00499,0.005,0.00501,0.00502,0.00503,0.00504,0.00505,0.00506,346132.9,1340516,1080053,844511.9,670048.5,321947.5,236954,720600.9,667814.4,135352.8,550281.7,1259181.3,830065.3,667962.9,561197.3,290250.6,288345.5,611311.3,324653.8,171027.1
79,0.00496,0.00495,0.00494,0.00493,0.00492,0.00491,0.0049,0.00489,0.00488,0.00487,0.00497,0.00498,0.00499,0.005,0.00501,0.00502,0.00503,0.00504,0.00505,0.00506,761056.2,1362383.9,932454.1,850747.8,670048.5,321947.5,236954,720600.9,508903.8,294589.7,110495.3,1230421.7,890467.1,667962.9,561197.3,379438.1,288345.5,611311.3,324653.8,171027.1
80,0.00497,0.00496,0.00495,0.00494,0.00493,0.00492,0.00491,0.0049,0.00489,0.00488,0.00498,0.00499,0.005,0.00501,0.00502,0.00503,0.00504,0.00505,0.00506,0.00507,226087.6,1197413.5,1169199.3,955162.3,762800.9,403805.2,234351.6,313914.9,562015.3,508903.8,791655.1,1360937.1,713556.8,661706.8,468730.6,288345.5,611311.3,324653.8,171027.1,152868.5
81,0.00497,0.00496,0.00495,0.00494,0.00493,0.00492,0.00491,0.0049,0.00489,0.00488,0.00498,0.00499,0.005,0.00501,0.00502,0.00503,0.00504,0.00505,0.00506,0.00507,209147.8,1285772.8,1169199.3,1006094.6,762800.9,271364.9,392291.2,472176.8,403429.7,508903.8,1014204.3,1076879.7,703913.7,661706.8,464068.2,288345.5,611311.3,324653.8,171027.1,152868.5
82,0.00497,0.00496,0.00495,0.00494,0.00493,0.00492,0.00491,0.0049,0.00489,0.00488,0.00498,0.00499,0.005,0.00501,0.00502,0.00503,0.00504,0.00505,0.00506,0.00507,209147.8,1285817.5,1169199.3,1006094.6,762800.9,271364.9,392291.2,472176.8,403429.7,508903.8,1009955.2,1066773.9,703913.7,661706.8,464068.2,288345.5,611311.3,324653.8,171027.1,152868.5
83,0.00496,0.00495,0.00494,0.00493,0.00492,0.00491,0.0049,0.00489,0.00488,0.00487,0.00497,0.00498,0.00499,0.005,0.00501,0.00502,0.00503,0.00504,0.00505,0.00506,951839.9,1176039.6,1055558.3,878667.9,423483.8,473592.2,313914.9,403429.7,667814.4,135352.8,224672.2,1051716.1,1055542.3,565590.9,564844.9,379438.1,288345.5,611311.3,324653.8,171027.1
84,0.00496,0.00495,0.00494,0.00493,0.00492,0.00491,0.0049,0.00489,0.00488,0.00487,0.00497,0.00498,0.00499,0.005,0.00501,0.00502,0.00503,0.00504,0.00505,0.00506,226202.4,1280774.3,1351520.2,831481.7,642878.8,319272.2,236954,720600.9,508903.8,294589.7,961738.2,1050906.2,871827,551251.5,455388,290250.6,288345.5,611311.3,324653.8,171027.1
85,0.00496,0.00495,0.00494,0.00493,0.00492,0.00491,0.0049,0.00489,0.00488,0.00487,0.00497,0.00498,0.00499,0.005,0.00501,0.00502,0.00503,0.00504,0.00505,0.00506,300238.6,1319634.9,1281549.4,836708.1,646750.2,319272.2,236954,562015.3,325548.5,453826.6,809868.7,1217809.2,931422.1,604721.5,467415,356505.9,211197.9,611311.3,324653.8,171027.1
86,0.00496,0.00495,0.00494,0.00493,0.00492,0.00491,0.0049,0.00489,0.00488,0.00487,0.00497,0.00498,0.00499,0.005,0.00501,0.00502,0.00503,0.00504,0.00505,0.00506,697316.5,1365164.5,1152799.1,787518.9,581416.8,319272.2,236954,403429.7,643369.7,294589.7,224672.2,1207604.8,991102,723884.9,467415,356505.9,211197.9,611311.3,324653.8,171027.1
87,0.00496,0.00495,0.00494,0.00493,0.00492,0.00491,0.0049,0.00489,0.00488,0.00487,0.00497,0.00498,0.00499,0.005,0.00501,0.00502,0.00503,0.00504,0.00505,0.00506,692558.2,1255737.3,1152799.1,787518.9,581416.8,319272.2,236954,562015.3,484459.1,294589.7,175172.2,1207604.8,990745.7,621761.3,567628.3,279358.3,288345.5,611311.3,324653.8,171027.1
88,0.00497,0.00496,0.00495,0.00494,0.00493,0.00492,0.00491,0.0049,0.00489,0.00488,0.00498,0.00499,0.005,0.00501,0.00502,0.00503,0.00504,0.00505,0.00506,0.00507,49500,1195758.7,1072844.2,1037458.3,819338.1,653323.3,234703.8,155653,562015.3,484459.1,1043217.6,1251401.6,731547,569821.6,387977.8,288345.5,611311.3,324653.8,171027.1,152868.5
89,0.00497,0.00496,0.00495,0.00494,0.00493,0.00492,0.00491,0.0049,0.00489,0.00488,0.00498,0.00499,0.005,0.00501,0.00502,0.00503,0.00504,0.00505,0.00506,0.00507,292634.6,1300316.2,1173103.4,1116840.2,630997.9,400390.3,234703.8,313914.9,562015.3,484459.1,400378.5,1385334.5,731547,746981.4,370052.6,299237.8,611311.3,324653.8,171027.1,152868.5
90,0.00497,0.00496,0.00495,0.00494,0.00493,0.00492,0.00491,0.0049,0.00489,0.00488,0.00498,0.00499,0.005,0.00501,0.00502,0.00503,0.00504,0.00505,0.00506,0.00507,373145.3,1135858.7,1136733,1149939.9,630997.9,400482.3,234703.8,155653,879186.5,325548.5,550419,1384948.9,731547,746981.4,454587.5,299237.8,611311.3,324653.8,171027.1,152868.5
91,0.00497,0.00496,0.00495,0.00494,0.00493,0.00492,0.00491,0.0049,0.00489,0.00488,0.00498,0.00499,0.005,0.00501,0.00502,0.00503,0.00504,0.00505,0.00506,0.00507,577470.5,1270781.2,1061042.7,1106198.4,632079.1,316062.1,192426.4,155653,720600.9,670283.5,176309.2,1173965.4,841581.8,734077.1,556861.7,278870.6,648458.9,324653.8,171027.1,152868.5
92,0.00497,0.00496,0.00495,0.00494,0.00493,0.00492,0.00491,0.0049,0.00489,0.00488,0.00498,0.00499,0.005,0.00501,0.00502,0.00503,0.00504,0.00505,0.00506,0.00507,718945.2,1305518.2,1071684.5,1157130.7,632079.1,264922.8,192426.4,155653,879186.5,511372.9,115380.7,1173965.4,881726,740384.3,554947.6,278870.6,648458.9,324653.8,211027.1,152868.5
93,0.00498,0.00497,0.00496,0.00495,0.00494,0.00493,0.00492,0.00491,0.0049,0.00489,0.00499,0.005,0.00501,0.00502,0.00503,0.00504,0.00505,0.00506,0.00507,0.00508,357940.3,1300495.3,959156.7,1210287.2,728061.2,441693.1,264922.8,192426.4,395215.9,639299.9,546527.7,966907.6,819059.1,800652.2,336859.2,463461.9,358019.6,211027.1,152868.5,311380.6
94,0.00498,0.00497,0.00496,0.00495,0.00494,0.00493,0.00492,0.00491,0.0049,0.00489,0.00499,0.005,0.00501,0.00502,0.00503,0.00504,0.00505,0.00506,0.00507,0.00508,180527.9,1259363.6,1107030.1,1113228.8,837306.7,433783.7,264922.8,192426.4,553477.8,639299.9,865072.6,967082.6,819059.1,684846.9,336859.2,463461.9,358019.6,211027.1,152868.5,311380.6
95,0.00498,0.00497,0.00496,0.00495,0.00494,0.00493,0.00492,0.00491,0.0049,0.00489,0.00499,0.005,0.00501,0.00502,0.00503,0.00504,0.00505,0.00506,0.00507,0.00508,141962.4,1063909.3,1420191.9,1113443.2,837306.7,433783.2,264922.8,192426.4,553477.8,639299.9,1055243.1,956954.7,834904,605789.6,363156.6,463461.9,358019.6,211027.1,152868.5,311380.6
96,0.00497,0.00496,0.00495,0.00494,0.00493,0.00492,0.00491,0.0049,0.00489,0.00488,0.00498,0.00499,0.005,0.00501,0.00502,0.00503,0.00504,0.00505,0.00506,0.00507,729978.6,1349540.7,904162.2,1103246.4,629472.6,264922.8,192426.4,395215.9,639299.9,511372.9,199218.4,1014583.2,954942.9,780585.4,605789.6,278870.6,463461.9,358019.6,211027.1,152868.5
97,0.00497,0.00496,0.00495,0.00494,0.00493,0.00492,0.00491,0.0049,0.00489,0.00488,0.00498,0.00499,0.005,0.00501,0.00502,0.00503,0.00504,0.00505,0.00506,0.00507,729962.6,1349540.7,904183.5,1103246.4,629472.6,264922.8,192426.4,236954,797885.5,511372.9,188279.5,1014583.2,954942.9,780585.4,605789.6,278870.6,463461.9,358019.6,364284.7,152868.5
98,0.00497,0.00496,0.00495,0.00494,0.00493,0.00492,0.00491,0.0049,0.00489,0.00488,0.00498,0.00499,0.005,0.00501,0.00502,0.00503,0.00504,0.00505,0.00506,0.00507,723368.8,1356155.2,904183.5,1103246.4,629472.6,264922.8,192426.4,236954,639299.9,670283.5,157482.9,1014583.2,954942.9,780585.4,605789.6,222090.2,463461.9,358019.6,364284.7,152868.5
99,0.00497,0.00496,0.00495,0.00494,0.00493,0.00492,0.00491,0.0049,0.00489,0.00488,0.00498,0.00499,0.005,0.00501,0.00502,0.00503,0.00504,0.00505,0.00506,0.00507,723273,1265394,808070.3,1103246.4,629472.6,264922.8,192426.4,236954,639299.9,670283.5,125362,1014583.2,954942.9,780585.4,605789.6,222090.2,463461.9,358019.6,364284.7,152868.5
100,0.00497,0.00496,0.00495,0.00494,0.00493,0.00492,0.00491,0.0049,0.00489,0.00488,0.00498,0.00499,0.005,0.00501,0.00502,0.00503,0.00504,0.00505,0.00506,0.00507,329733.2,1425412,1333221.2,1282215.4,742406.4,277848,269161.9,155653,696210.6,670283.5,789428.9,1048718.8,799404.5,749083.9,417315.6,211197.9,463461.9,358019.6,364284.7,152868.5
101,0.00496,0.00495,0.00494,0.00493,0.00492,0.00491,0.0049,0.00489,0.00488,0.00487,0.00497,0.00498,0.00499,0.005,0.00501,0.00502,0.00503,0.00504,0.00505,0.00506,903129.7,1261720.4,1117923,976766.3,482930.6,269161.9,202483.9,537625,670283.5,294589.7,403301.8,1175497.7,928722.8,835041.8,467415,272005.4,211197.9,580180.1,358019.6,171027.1
102,0.00496,0.00495,0.00494,0.00493,0.00492,0.00491,0.0049,0.00489,0.00488,0.00487,0.00497,0.00498,0.00499,0.005,0.00501,0.00502,0.00503,0.00504,0.00505,0.00506,875198.4,1521720.4,1117923,916862.7,532225.5,269161.9,202483.9,537625,511372.9,453826.6,394197.2,1175497.7,928078.7,835041.8,467415,340012.2,211197.9,512173.3,358019.6,171027.1
103,0.00496,0.00495,0.00494,0.00493,0.00492,0.00491,0.0049,0.00489,0.00488,0.00487,0.00497,0.00498,0.00499,0.005,0.00501,0.00502,0.00503,0.00504,0.00505,0.00506,697646.2,1538765.1,1117923,916862.7,532225.5,361562.8,202483.9,537625,670283.5,294589.7,492110.6,1215764,888311.6,724447.1,467415,340012.2,211197.9,512173.3,358019.6,171027.1
104,0.00496,0.00495,0.00494,0.00493,0.00492,0.00491,0.0049,0.00489,0.00488,0.00487,0.00497,0.00498,0.00499,0.005,0.00501,0.00502,0.00503,0.00504,0.00505,0.00506,817580.6,1528050,1117923,916862.7,532225.5,269161.9,360745.8,537625,352462.3,453826.6,241222.3,1175497.7,929111.7,834703.2,467415,340012.2,211197.9,512173.3,358019.6,171027.1
105,0.00496,0.00495,0.00494,0.00493,0.00492,0.00491,0.0049,0.00489,0.00488,0.00487,0.00497,0.00498,0.00499,0.005,0.00501,0.00502,0.00503,0.00504,0.00505,0.00506,993063.7,1528050,1073575.9,916862.7,532225.5,269161.9,519007.7,379039.4,670283.5,135352.8,244217.8,1175510.5,929111.7,734017.5,568647.9,262864.6,288345.5,512173.3,358019.6,171027.1
106,0.00496,0.00495,0.00494,0.00493,0.00492,0.00491,0.0049,0.00489,0.00488,0.00487,0.00497,0.00498,0.00499,0.005,0.00501,0.00502,0.00503,0.00504,0.00505,0.00506,1006386.6,1528050,1073575.9,916862.7,532225.5,269161.9,519007.7,379039.4,670283.5,135352.8,244217.8,1175510.5,929111.7,734017.5,568647.9,255002,288345.5,520035.9,358019.6,171027.1
107,0.00496,0.00495,0.00494,0.00493,0.00492,0.00491,0.0049,0.00489,0.00488,0.00487,0.00497,0.00498,0.00499,0.005,0.00501,0.00502,0.00503,0.00504,0.00505,0.00506,222487.6,1412748.3,1201804.5,1129493.5,650438.1,445903,519007.7,379039.4,670283.5,135352.8,641373.1,1259426.5,888311.6,673246.2,467415,255002,288345.5,705049.1,171092.7,171027.1
108,0.00496,0.00495,0.00494,0.00493,0.00492,0.00491,0.0049,0.00489,0.00488,0.00487,0.00497,0.00498,0.00499,0.005,0.00501,0.00502,0.00503,0.00504,0.00505,0.00506,679371,1430335.4,1035914.2,1129493.5,532225.5,359959,519007.7,379039.4,511372.9,294589.7,448295.9,1269508.3,891991.6,786668.3,467415,255002,288345.5,705049.1,171092.7,171027.1
109,0.00496,0.00495,0.00494,0.00493,0.00492,0.00491,0.0049,0.00489,0.00488,0.00487,0.00497,0.00498,0.00499,0.005,0.00501,0.00502,0.00503,0.00504,0.00505,0.00506,787903.4,1313930.9,1046651.6,1129493.5,532225.5,359959,360745.8,537625,511372.9,294589.7,213927.7,1223056.4,932052.7,786668.3,467415,332744.6,288345.5,705049.1,171092.7,171027.1
110,0.00496,0.00495,0.00494,0.00493,0.00492,0.00491,0.0049,0.00489,0.00488,0.00487,0.00497,0.00498,0.00499,0.005,0.00501,0.00502,0.00503,0.00504,0.00505,0.00506,752001,1406086.7,1046655.7,1129493.5,532225.5,359959,360745.8,537625,670283.5,135352.8,213927.7,1223056.4,932052.7,687050.5,569750.9,332744.6,288345.5,705049.1,171092.7,171027.1
111,0.00496,0.00495,0.00494,0.00493,0.00492,0.00491,0.0049,0.00489,0.00488,0.00487,0.00497,0.00498,0.00499,0.005,0.00501,0.00502,0.00503,0.00504,0.00505,0.00506,692008.7,1413555.8,1046655.7,1129493.5,532225.5,359959,360745.8,537625,670283.5,135352.8,213927.7,1223056.4,928372.7,687050.5,569750.9,332744.6,288345.5,705049.1,171092.7,171027.1
112,0.00497,0.00496,0.00495,0.00494,0.00493,0.00492,0.00491,0.0049,0.00489,0.00488,0.00498,0.00499,0.005,0.00501,0.00502,0.00503,0.00504,0.00505,0.00506,0.00507,416194.8,1276386.2,1146577.6,1126870.1,728272.7,331641.7,269161.9,360745.8,537625,511372.9,466916.4,1248559,856577.2,813942.4,416989.3,288345.5,551183.3,171092.7,324284.7,152868.5
113,0.00497,0.00496,0.00495,0.00494,0.00493,0.00492,0.00491,0.0049,0.00489,0.00488,0.00498,0.00499,0.005,0.00501,0.00502,0.00503,0.00504,0.00505,0.00506,0.00507,299586.6,1252021.8,1113411.3,1149340.9,845906.9,378282.2,585041.1,313914.9,220453.8,670283.5,871875.6,1151697.1,772076.7,791084.1,449208.2,288345.5,603464.9,171092.7,324284.7,152868.5
114,0.00497,0.00496,0.00495,0.00494,0.00493,0.00492,0.00491,0.0049,0.00489,0.00488,0.00498,0.00499,0.005,0.00501,0.00502,0.00503,0.00504,0.00505,0.00506,0.00507,299586.6,1204157.8,1154343,950331.8,1056036.9,378282.2,427101.5,472176.8,220453.8,670283.5,640244.8,1158310,765460.1,791084.1,449208.2,288345.5,603464.9,171092.7,324284.7,152868.5
115,0.00497,0.00496,0.00495,0.00494,0.00493,0.00492,0.00491,0.0049,0.00489,0.00488,0.00498,0.00499,0.005,0.00501,0.00502,0.00503,0.00504,0.00505,0.00506,0.00507,810207.9,1177952.4,1203232.2,1008236.5,728272.7,293706.8,427101.5,472176.8,220453.8,670283.5,82917.8,1241925.2,863379.6,795351.3,460100.5,373507.8,418451.7,171092.7,324284.7,152868.5
116,0.00498,0.00497,0.00496,0.00495,0.00494,0.00493,0.00492,0.00491,0.0049,0.00489,0.00499,0.005,0.00501,0.00502,0.00503,0.00504,0.00505,0.00506,0.00507,0.00508,254938.2,1226103.6,928453.3,1466000.3,538776.7,567343.9,293706.8,589606.6,313914.9,480714.3,943218.5,1135552,902685.7,668674.7,408914.4,495599.3,171092.7,354944.4,152868.5,311380.6
117,0.00498,0.00497,0.00496,0.00495,0.00494,0.00493,0.00492,0.00491,0.0049,0.00489,0.00499,0.005,0.00501,0.00502,0.00503,0.00504,0.00505,0.00506,0.00507,0.00508,224141.6,1054308.7,1188453.3,1475636.6,538776.7,486042.9,379233,666245.2,155653,480714.3,953386.2,1125391.4,902685.7,668674.7,408914.4,495599.3,171092.7,354944.4,152868.5,311380.6
118,0.00498,0.00497,0.00496,0.00495,0.00494,0.00493,0.00492,0.00491,0.0049,0.00489,0.00499,0.005,0.00501,0.00502,0.00503,0.00504,0.00505,0.00506,0.00507,0.00508,321485,1344766.7,947400,1415600.1,538776.7,486042.9,379233,666245.2,313914.9,322128.7,528345,1084551.2,902685.7,719516.7,408914.4,580269,171092.7,354944.4,152868.5,311380.6
119,0.00498,0.00497,0.00496,0.00495,0.00494,0.00493,0.00492,0.00491,0.0049,0.00489,0.00499,0.005,0.00501,0.00502,0.00503,0.00504,0.00505,0.00506,0.00507,0.00508,826639.8,1236033.5,1112788.2,1239919.5,531395.9,295977.4,379233,666245.2,155653,480714.3,170115.3,1186800.6,1025542.7,845186.9,408914.4,503121.4,208240.3,354944.4,192868.5,311380.6
120,0.00499,0.00498,0.00497,0.00496,0.00495,0.00494,0.00493,0.00492,0.00491,0.0049,0.005,0.00501,0.00502,0.00503,0.00504,0.00505,0.00506,0.00507,0.00508,0.00509,303388.3,1196376.8,858809.1,1267958,978182,498992.1,295977.4,197497.8,747546.2,472176.8,701457.1,1243346.9,875519.8,672158.5,617874,208240.3,354944.4,192868.5,158726.4,155694.7
121,0.00499,0.00498,0.00497,0.00496,0.00495,0.00494,0.00493,0.00492,0.00491,0.0049,0.005,0.00501,0.00502,0.00503,0.00504,0.00505,0.00506,0.00507,0.00508,0.00509,642643.9,1210262.9,953755.6,1095154.4,828445.2,498992.1,295977.4,197497.8,905485.8,497128.9,98204.1,1367023.2,1074195.5,783733,613131.9,315853.6,354944.4,192868.5,158726.4,155694.7
122,0.005,0.00499,0.00498,0.00497,0.00496,0.00495,0.00494,0.00493,0.00492,0.00491,0.00501,0.00502,0.00503,0.00504,0.00505,0.00506,0.00507,0.00508,0.00509,0.0051,299319,1326166.4,1020116,1175349.7,660326.2,346059.3,413285.7,322768.4,308475.9,776780.8,472357.7,1283586,823296.9,905599.3,289598.3,465004.4,152868.5,341136.6,155694.7,275510.7
123,0.005,0.00499,0.00498,0.00497,0.00496,0.00495,0.00494,0.00493,0.00492,0.00491,0.00501,0.00502,0.00503,0.00504,0.00505,0.00506,0.00507,0.00508,0.00509,0.0051,759190.2,1206017.4,994059.4,1142183.4,562941.2,386621.6,410642.1,527279,461869.3,460901.6,62029.4,1235507.4,891965.5,798634.4,390117.7,649050.9,152868.5,341136.6,155694.7,275510.7
124,0.00501,0.005,0.00499,0.00498,0.00497,0.00496,0.00495,0.00494,0.00493,0.00492,0.00502,0.00503,0.00504,0.00505,0.00506,0.00507,0.00508,0.00509,0.0051,0.00511,763867.2,1506875.8,994922.1,1131674.1,727424.8,287508.7,372295.5,353731.4,684244.5,455633.4,122535.4,1098066.2,1006773.1,621106.5,576627.9,230016.1,341136.6,155694.7,123455.1,348171.8
125,0.00502,0.00501,0.005,0.00499,0.00498,0.00497,0.00496,0.00495,0.00494,0.00493,0.00503,0.00504,0.00505,0.00506,0.00507,0.00508,0.00509,0.0051,0.00511,0.00512,283460.7,1304755.6,1246875.8,1382511.1,571282.6,485187.1,287508.7,372295.5,353731.4,403309.5,899250.1,1162291.4,500421.1,875148.2,242093.6,235874,341046.7,123455.1,348171.8,136646.2
126,0.00501,0.005,0.00499,0.00498,0.00497,0.00496,0.00495,0.00494,0.00493,0.00492,0.00502,0.00503,0.00504,0.00505,0.00506,0.00507,0.00508,0.00509,0.0051,0.00511,1294668,1476558.8,1382439.3,731324.5,591654.9,355976.3,295560,323006.6,358547.9,797456.9,100099.8,820355.8,1162399.5,465234.4,834866.2,242093.6,235874,341046.7,123455.1,348171.8
127,0.00502,0.00501,0.005,0.00499,0.00498,0.00497,0.00496,0.00495,0.00494,0.00493,0.00503,0.00504,0.00505,0.00506,0.00507,0.00508,0.00509,0.0051,0.00511,0.00512,385709.9,1480999.5,1246595.7,1353845.5,498116.3,492412.9,355976.3,295560,479987.1,358547.9,684215.7,1155799.2,476677.8,895687.7,242093.6,235874,347608.8,123455.1,348171.8,136646.2
128,0.00502,0.00501,0.005,0.00499,0.00498,0.00497,0.00496,0.00495,0.00494,0.00493,0.00503,0.00504,0.00505,0.00506,0.00507,0.00508,0.00509,0.0051,0.00511,0.00512,811868.1,1420975.2,1361688.5,1213954.6,490273.3,297518,355976.3,376861,335232.4,673145.7,233893.3,1191836.8,862952.3,896238.8,334557.4,195874,347608.8,163455.1,348171.8,143468.8
129,0.00502,0.00501,0.005,0.00499,0.00498,0.00497,0.00496,0.00495,0.00494,0.00493,0.00503,0.00504,0.00505,0.00506,0.00507,0.00508,0.00509,0.0051,0.00511,0.00512,304613.6,1516116.8,1328918.2,1246724.9,604609.8,380368.7,406703.2,376861,649193.4,358547.9,503257.1,1153564,696595.1,842637.7,334557.4,249475.1,347608.8,163455.1,348171.8,143468.8
130,0.00502,0.00501,0.005,0.00499,0.00498,0.00497,0.00496,0.00495,0.00494,0.00493,0.00503,0.00504,0.00505,0.00506,0.00507,0.00508,0.00509,0.0051,0.00511,0.00512,437406.7,1421769.6,1361688.5,1213954.6,604609.8,380368.7,406703.2,295560,492212.9,514810.2,503257.1,1190665.4,821636.2,818629.1,248152.6,249475.1,347608.8,163455.1,348171.8,143468.8
131,0.00502,0.00501,0.005,0.00499,0.00498,0.00497,0.00496,0.00495,0.00494,0.00493,0.00503,0.00504,0.00505,0.00506,0.00507,0.00508,0.00509,0.0051,0.00511,0.00512,434505.3,1429052,1358947.8,1211182.9,601738.4,295617.9,325402.2,327865.1,335232.4,455449.4,412510.8,1161116.7,751066.7,762399.2,532692.7,212327.5,239404.4,123455.1,532530.9,143468.8
132,0.00502,0.00501,0.005,0.00499,0.00498,0.00497,0.00496,0.00495,0.00494,0.00493,0.00503,0.00504,0.00505,0.00506,0.00507,0.00508,0.00509,0.0051,0.00511,0.00512,271012.3,1483400.4,1366847.4,1243953.2,611773.1,384916.7,325402.2,327865.1,335232.4,455449.4,776740.3,1131066.1,696595.1,864586,332656.5,249475.1,162256.8,163455.1,532530.9,143468.8
133,0.00502,0.00501,0.005,0.00499,0.00498,0.00497,0.00496,0.00495,0.00494,0.00493,0.00503,0.00504,0.00505,0.00506,0.00507,0.00508,0.00509,0.0051,0.00511,0.00512,271012.3,1523325.4,1326177.5,1243953.2,611773.1,384916.7,325402.2,327865.1,178251.9,455449.4,577933.2,1131174.4,781095.6,864586,248156,249475.1,155694.7,169987.7,532530.9,143468.8
134,0.00501,0.005,0.00499,0.00498,0.00497,0.00496,0.00495,0.00494,0.00493,0.00492,0.00502,0.00503,0.00504,0.00505,0.00506,0.00507,0.00508,0.00509,0.0051,0.00511,742388.6,1434977.9,1131617.1,891079.9,684814.4,490899.8,246564.1,416533.4,455449.4,482219.7,549322.4,1069262.3,747513.2,768519.9,669271.7,248156,249475.1,162246,350118.5,348171.8
135,0.005,0.00499,0.00498,0.00497,0.00496,0.00495,0.00494,0.00493,0.00492,0.00491,0.00502,0.00503,0.00504,0.00505,0.00506,0.00507,0.00508,0.00509,0.0051,0.00511,1650996.2,1353356.6,940733.6,866752,566769.8,412278.4,225368,363209.7,797456.9,302962,1204209.9,811794.9,675195.9,606432.1,741010.4,227921.5,158726.4,338866.9,123455.1,348171.8
136,0.005,0.00499,0.00498,0.00497,0.00496,0.00495,0.00494,0.00493,0.00492,0.00491,0.00501,0.00502,0.00503,0.00504,0.00505,0.00506,0.00507,0.00508,0.00509,0.0051,1342874.3,1353356.6,913372.7,1075960.7,511305.9,461103.3,225368,363209.7,797456.9,302962,201829.6,1019376.1,811794.9,718235.6,599873.9,594239,227921.5,158726.4,338866.9,275510.7
137,0.00501,0.005,0.00499,0.00498,0.00497,0.00496,0.00495,0.00494,0.00493,0.00492,0.00502,0.00503,0.00504,0.00505,0.00506,0.00507,0.00508,0.00509,0.0051,0.00511,329974.1,1550511.9,1365809,1097119.1,694828.4,409607.7,376869.5,225368,363209.7,324601.1,392717.8,1041788.8,889893.6,641932.8,691221.6,227921.5,158726.4,338866.9,275510.7,348171.8
138,0.005,0.00499,0.00498,0.00497,0.00496,0.00495,0.00494,0.00493,0.00492,0.00491,0.00501,0.00502,0.00503,0.00504,0.00505,0.00506,0.00507,0.00508,0.00509,0.0051,1204160.9,1353077.1,918254.3,1050952.4,494757.8,465058.1,225368,205910.8,482219.7,776780.8,265810.8,773487.6,1126190.7,735725.3,599714.8,594239,227921.5,158726.4,338866.9,275510.7
139,0.005,0.00499,0.00498,0.00497,0.00496,0.00495,0.00494,0.00493,0.00492,0.00491,0.00501,0.00502,0.00503,0.00504,0.00505,0.00506,0.00507,0.00508,0.00509,0.0051,905165.1,1107868.3,1008863.4,1094618.9,707459.5,465058.1,225368,205910.8,482219.7,460901.6,515367.8,1033487.6,758841.8,896332,499533,534094.8,227921.5,158726.4,338866.9,275510.7
140,0.005,0.00499,0.00498,0.00497,0.00496,0.00495,0.00494,0.00493,0.00492,0.00491,0.00501,0.00502,0.00503,0.00504,0.00505,0.00506,0.00507,0.00508,0.00509,0.0051,1011572.2,1101754.4,1008863.4,1102118.7,594452.3,465058.1,225368,205910.8,482219.7,618841.2,265810.8,1033487.6,870236.8,795869.5,600799.8,534094.8,227921.5,158726.4,338866.9,275510.7
141,0.005,0.00499,0.00498,0.00497,0.00496,0.00495,0.00494,0.00493,0.00492,0.00491,0.00501,0.00502,0.00503,0.00504,0.00505,0.00506,0.00507,0.00508,0.00509,0.0051,1164841.6,1101754.4,1033086.5,1102118.7,594452.3,465058.1,225368,205910.8,482219.7,460901.6,265810.8,1033487.6,870236.8,795869.5,600799.8,534094.8,227921.5,158726.4,338866.9,275510.7
142,0.005,0.00499,0.00498,0.00497,0.00496,0.00495,0.00494,0.00493,0.00492,0.00491,0.00501,0.00502,0.00503,0.00504,0.00505,0.00506,0.00507,0.00508,0.00509,0.0051,779470.4,1101754.4,1033099.4,1102118.7,705127,465055.8,131800.2,299672.3,482219.7,460901.6,526558.6,1033487.6,765413.7,789309.8,600799.8,534094.8,227921.5,158726.4,338866.9,275510.7
143,0.005,0.00499,0.00498,0.00497,0.00496,0.00495,0.00494,0.00493,0.00492,0.00491,0.00501,0.00502,0.00503,0.00504,0.00505,0.00506,0.00507,0.00508,0.00509,0.0051,486295.3,1354833.3,1092377.7,1121294.1,705127,383754.8,213101.2,234613.1,482219.7,460901.6,526558.6,1073600.3,780706.6,876711.4,499533,474971.4,227921.5,158726.4,338866.9,275510.7
144,0.005,0.00499,0.00498,0.00497,0.00496,0.00495,0.00494,0.00493,0.00492,0.00491,0.00501,0.00502,0.00503,0.00504,0.00505,0.00506,0.00507,0.00508,0.00509,0.0051,369068.3,1430161.1,1092378.1,1145489.8,705127,383754.8,213101.2,315914.1,324601.1,460901.6,526558.6,1033487.6,821401.9,876711.4,499533,474971.4,227921.5,158726.4,338866.9,275510.7
145,0.00501,0.005,0.00499,0.00498,0.00497,0.00496,0.00495,0.00494,0.00493,0.00492,0.00502,0.00503,0.00504,0.00505,0.00506,0.00507,0.00508,0.00509,0.0051,0.00511,267021.1,1360051.7,1125017,1333299.7,834183.5,490908.7,295566.2,131800.2,315914.1,482219.7,548307.5,1166046.6,994506.6,641818.3,566770,227921.5,158726.4,338866.9,275510.7,348171.8
146,0.00501,0.005,0.00499,0.00498,0.00497,0.00496,0.00495,0.00494,0.00493,0.00492,0.00502,0.00503,0.00504,0.00505,0.00506,0.00507,0.00508,0.00509,0.0051,0.00511,689215.3,1501050.5,1190471,1160095.6,720048.7,490908.7,295566.2,131800.2,473213,324601.1,282929,1166046.6,1128085.8,541591.9,667260,312047.8,158726.4,338866.9,275510.7,348171.8
147,0.00502,0.00501,0.005,0.00499,0.00498,0.00497,0.00496,0.00495,0.00494,0.00493,0.00503,0.00504,0.00505,0.00506,0.00507,0.00508,0.00509,0.0051,0.00511,0.00512,235751,1218019.4,1297987.6,1452581.7,621008.7,490619.3,406712.1,295566.2,213101.2,345365.8,751224.2,1402508,817833.5,739392.6,320563.3,195874,338866.9,163455.1,348171.8,294930.4
148,0.00502,0.00501,0.005,0.00499,0.00498,0.00497,0.00496,0.00495,0.00494,0.00493,0.00503,0.00504,0.00505,0.00506,0.00507,0.00508,0.00509,0.0051,0.00511,0.00512,234578.4,1267934.9,1263597.4,1458653.1,621008.7,490619.3,406712.1,295566.2,213101.2,345365.8,734602.1,1403297.9,823210.6,724520,320563.3,195874,338866.9,163455.1,348171.8,143468.8
149,0.00502,0.00501,0.005,0.00499,0.00498,0.00497,0.00496,0.00495,0.00494,0.00493,0.00503,0.00504,0.00505,0.00506,0.00507,0.00508,0.00509,0.0051,0.00511,0.00512,173476,1274501,1257026,1458653.1,621008.7,490619.3,355976.3,246564.1,213101.2,298150.5,535795,1403393.5,823210.6,724520,320563.3,195874,338866.9,163455.1,348171.8,294930.4
150,0.00501,0.005,0.00499,0.00498,0.00497,0.00496,0.00495,0.00494,0.00493,0.00492,0.00502,0.00503,0.00504,0.00505,0.00506,0.00507,0.00508,0.00509,0.0051,0.00511,503547.4,1566733.5,1251049.7,1082729.9,576069.4,359437,327865.1,131800.2,355061.2,324601.1,156223.1,1231049.2,1010018,579493.1,667260,234900.2,195874,338866.9,163455.1,348171.8
151,0.00501,0.005,0.00499,0.00498,0.00497,0.00496,0.00495,0.00494,0.00493,0.00492,0.00502,0.00503,0.00504,0.00505,0.00506,0.00507,0.00508,0.00509,0.0051,0.00511,104524.6,1422341.2,1358526.3,1082729.9,683822.9,445128.1,427705.5,225371.9,197762.3,482219.7,524208.4,1198173.2,949024.8,679794.6,566770,234900.2,195874,338866.9,163455.1,348171.8
152,0.00501,0.005,0.00499,0.00498,0.00497,0.00496,0.00495,0.00494,0.00493,0.00492,0.00502,0.00503,0.00504,0.00505,0.00506,0.00507,0.00508,0.00509,0.0051,0.00511,190945.5,1477504.8,1314363.5,1082729.9,683822.9,445128.1,427705.5,225371.9,197762.3,482219.7,368533.1,1157324.8,1003393.7,679794.6,566770,150773.9,195874,338866.9,163455.1,348171.8
153,0.00501,0.005,0.00499,0.00498,0.00497,0.00496,0.00495,0.00494,0.00493,0.00492,0.00502,0.00503,0.00504,0.00505,0.00506,0.00507,0.00508,0.00509,0.0051,0.00511,170804.7,1443201,1365094.6,1082729.9,683822.9,445128.1,427705.5,225371.9,197762.3,482219.7,530776.7,1190911.1,949024.8,679794.6,566770,150773.9,195874,338866.9,163455.1,348171.8
154,0.00501,0.005,0.00499,0.00498,0.00497,0.00496,0.00495,0.00494,0.00493,0.00492,0.00502,0.00503,0.00504,0.00505,0.00506,0.00507,0.00508,0.00509,0.0051,0.00511,131084.3,1369486.4,1406034.3,1082729.9,683822.9,445128.1,427705.5,225371.9,197762.3,482219.7,530776.7,1190911.1,949024.8,679794.6,566770,150773.9,195874,338866.9,163455.1,348171.8
155,0.00501,0.005,0.00499,0.00498,0.00497,0.00496,0.00495,0.00494,0.00493,0.00492,0.00502,0.00503,0.00504,0.00505,0.00506,0.00507,0.00508,0.00509,0.0051,0.00511,100502.6,1376121,1399466,1082729.9,683822.9,445128.1,427705.5,225371.9,197762.3,482219.7,557662.9,1136392.2,941162.2,724295.1,566770,187921.5,158726.4,378866.9,123455.1,348171.8
156,0.005,0.00499,0.00498,0.00497,0.00496,0.00495,0.00494,0.00493,0.00492,0.00491,0.00501,0.00502,0.00503,0.00504,0.00505,0.00506,0.00507,0.00508,0.00509,0.0051,255023.5,1372014,1008356.8,1100952.7,661346.8,518942.1,225371.9,197762.3,482219.7,460901.6,724456.9,1072910.1,745228.7,904782.4,499533,474971.4,187921.5,158726.4,531221.2,123455.1
157,0.005,0.00499,0.00498,0.00497,0.00496,0.00495,0.00494,0.00493,0.00492,0.00491,0.00501,0.00502,0.00503,0.00504,0.00505,0.00506,0.00507,0.00508,0.00509,0.0051,377418.9,1457436.3,1077076.3,1100952.7,661346.8,518942.1,225371.9,197762.3,324601.1,460901.6,704760.1,1072433.5,759676.3,1023162.4,499533,356591.4,187921.5,158726.4,531221.2,123455.1
158,0.005,0.00499,0.00498,0.00497,0.00496,0.00495,0.00494,0.00493,0.00492,0.00491,0.00501,0.00502,0.00503,0.00504,0.00505,0.00506,0.00507,0.00508,0.00509,0.0051,850666.6,1372605.6,1132917.3,1068051.4,547097,427705.5,225371.9,197762.3,324601.1,460901.6,201663.1,1025684,919269.3,920893.7,600170.6,356591.4,187921.5,158726.4,531221.2,123455.1
159,0.005,0.00499,0.00498,0.00497,0.00496,0.00495,0.00494,0.00493,0.00492,0.00491,0.00502,0.00503,0.00504,0.00505,0.00506,0.00507,0.00508,0.00509,0.0051,0.00511,1128038.8,1435213.6,1347512.3,928301.2,560211.4,427705.5,225371.9,355061.2,482219.7,302962,974646.3,1179269.3,917493.2,600170.6,453363.8,187921.5,158726.4,378866.9,123455.1,348171.8
160,0.005,0.00499,0.00498,0.00497,0.00496,0.00495,0.00494,0.00493,0.00492,0.00491,0.00501,0.00502,0.00503,0.00504,0.00505,0.00506,0.00507,0.00508,0.00509,0.0051,919320.7,1372681.5,1115366.5,1127467.4,563273.2,513592.1,225371.9,197762.3,324601.1,618841.2,209795.5,1030042.1,919269.3,1017337.7,600170.6,356591.4,187921.5,158726.4,531221.2,123455.1
161,0.00499,0.00498,0.00497,0.00496,0.00495,0.00494,0.00493,0.00492,0.00491,0.0049,0.005,0.00501,0.00502,0.00503,0.00504,0.00505,0.00506,0.00507,0.00508,0.00509,1229534.2,1166721.1,1031427.7,1040986,533033.5,400152.4,140851.6,405902.1,460901.6,313914.9,264159.1,1046311,847038.9,741224.7,925980.7,415191.6,343882.4,150773.9,343947.1,308049
162,0.005,0.00499,0.00498,0.00497,0.00496,0.00495,0.00494,0.00493,0.00492,0.00491,0.00501,0.00502,0.00503,0.00504,0.00505,0.00506,0.00507,0.00508,0.00509,0.0051,255601.9,1483378.4,1127367.5,1215668.5,673016.4,432291.1,306672.9,140851.6,221697.2,460901.6,969402.8,851042.9,741224.7,1049915.4,499382.8,343882.4,150773.9,343947.1,308049,123455.1
163,0.005,0.00499,0.00498,0.00497,0.00496,0.00495,0.00494,0.00493,0.00492,0.00491,0.00501,0.00502,0.00503,0.00504,0.00505,0.00506,0.00507,0.00508,0.00509,0.0051,257074.4,1476583.2,1126651.5,1007229.7,881875.5,432291.1,306672.9,140851.6,221697.2,460901.6,605243.2,1126431.3,741224.7,1049915.4,499382.8,431042.4,150773.9,343947.1,308049,123455.1
164,0.00499,0.00498,0.00497,0.00496,0.00495,0.00494,0.00493,0.00492,0.00491,0.0049,0.005,0.00501,0.00502,0.00503,0.00504,0.00505,0.00506,0.00507,0.00508,0.00509,1362156,1172709.5,1038948.9,1041134.6,533531.3,306672.9,140851.6,221697.2,460901.6,818000.8,219373.9,701208.5,1112204.2,741224.7,925980.7,415191.6,343882.4,303729.2,343947.1,155694.7
165,0.005,0.00499,0.00498,0.00497,0.00496,0.00495,0.00494,0.00493,0.00492,0.00491,0.00501,0.00502,0.00503,0.00504,0.00505,0.00506,0.00507,0.00508,0.00509,0.0051,360987.6,1349917.5,1080317.8,1241750.7,673016.4,383289,355779.6,140851.6,221697.2,460901.6,682013.1,1132914.3,741224.7,1072129.1,499447.2,343882.4,150773.9,343947.1,308049,123455.1
166,0.005,0.00499,0.00498,0.00497,0.00496,0.00495,0.00494,0.00493,0.00492,0.00491,0.00501,0.00502,0.00503,0.00504,0.00505,0.00506,0.00507,0.00508,0.00509,0.0051,165465.7,1435008.5,1080317.8,1228188.6,673016.4,332450.7,355780.7,140851.6,221697.2,460901.6,682013.1,1132906.6,741224.7,1072129.1,499447.2,343882.4,150773.9,343947.1,308049,123455.1
167,0.00498,0.00497,0.00496,0.00495,0.00494,0.00493,0.00492,0.00491,0.0049,0.00489,0.00499,0.005,0.00501,0.00502,0.00503,0.00504,0.00505,0.00506,0.00507,0.00508,582209.7,1510647.8,1122433.3,986264.9,453141.5,309742.6,140396.2,302962,659738.9,322128.7,258204.3,990943.1,824790.9,672188.8,505506.4,724012.8,171092.7,292990.1,491409,158726.4
168,0.00497,0.00496,0.00495,0.00494,0.00493,0.00492,0.00491,0.0049,0.00489,0.00488,0.00498,0.00499,0.005,0.00501,0.00502,0.00503,0.00504,0.00505,0.00506,0.00507,1338859.6,1316185.6,1195859.4,572506.3,364743.1,268338,192430,343215.1,322128.7,320298.8,149175,763150.7,995855,703334.9,788311.2,479440.4,320292.3,324653.8,395557.1,152868.5
169,0.00498,0.00497,0.00496,0.00495,0.00494,0.00493,0.00492,0.00491,0.0049,0.00489,0.00499,0.005,0.00501,0.00502,0.00503,0.00504,0.00505,0.00506,0.00507,0.00508,221776.4,1377401.8,1196084.2,1142785.3,572506.3,277652.8,268338,192430,424516.1,322128.7,735778.9,1016729.2,725221.9,945065.2,479440.4,266691.2,324653.8,395557.1,152868.5,158726.4
170,0.00497,0.00496,0.00495,0.00494,0.00493,0.00492,0.00491,0.0049,0.00489,0.00488,0.00498,0.00499,0.005,0.00501,0.00502,0.00503,0.00504,0.00505,0.00506,0.00507,1043095.7,1258074.3,1258206.8,685786.1,379496.9,353074.3,192430,424516.1,322128.7,161388.2,151307,799637.5,996111.1,710774.3,812844.5,484175.5,255798.9,324653.8,395557.1,152868.5
171,0.00498,0.00497,0.00496,0.00495,0.00494,0.00493,0.00492,0.00491,0.0049,0.00489,0.00499,0.005,0.00501,0.00502,0.00503,0.00504,0.00505,0.00506,0.00507,0.00508,609180,1307637.7,1191632,1072237.7,461210.1,277652.8,268338,192430,424516.1,322128.7,264801,994593.6,885137.2,830160.4,594998.2,348017,324653.8,395557.1,152868.5,158726.4
172,0.00498,0.00497,0.00496,0.00495,0.00494,0.00493,0.00492,0.00491,0.0049,0.00489,0.00499,0.005,0.00501,0.00502,0.00503,0.00504,0.00505,0.00506,0.00507,0.00508,582677.1,1270593.6,1202319.7,1072237.7,461210.1,277652.8,268338,192430,424516.1,322128.7,264801,1002456.2,948412.3,986856.5,495067.8,283238.1,324653.8,395557.1,152868.5,158726.4
173,0.00498,0.00497,0.00496,0.00495,0.00494,0.00493,0.00492,0.00491,0.0049,0.00489,0.005,0.00501,0.00502,0.00503,0.00504,0.00505,0.00506,0.00507,0.00508,0.00509,1188550.2,1013713,770634.9,1037292.3,470140.1,273206.1,187037,192430,343215.1,322128.7,1104888.7,1197413.1,887399.3,683471.9,347080.3,406536.5,358409.5,152868.5,158726.4,155694.7
174,0.00499,0.00498,0.00497,0.00496,0.00495,0.00494,0.00493,0.00492,0.00491,0.0049,0.005,0.00501,0.00502,0.00503,0.00504,0.00505,0.00506,0.00507,0.00508,0.00509,358309.1,1181012.4,1033240.3,1046487.9,735227.4,368502.8,273206.1,234341.8,226323.4,343215.1,735970.8,1206997.4,887399.3,685309.9,347080.3,339937.2,358409.5,305823.8,158726.4,155694.7
175,0.00499,0.00498,0.00497,0.00496,0.00495,0.00494,0.00493,0.00492,0.00491,0.0049,0.005,0.00501,0.00502,0.00503,0.00504,0.00505,0.00506,0.00507,0.00508,0.00509,755588.3,1373785.4,956303.2,907655.2,721326.7,131800.2,322406.8,187704,226323.4,501477,140264.9,1166656.8,1072526,583043.9,449342.4,339939.2,171027.1,493363.3,158726.4,155694.7
176,0.00499,0.00498,0.00497,0.00496,0.00495,0.00494,0.00493,0.00492,0.00491,0.0049,0.005,0.00501,0.00502,0.00503,0.00504,0.00505,0.00506,0.00507,0.00508,0.00509,291170.8,1323605.5,1020807.6,907655.2,835224.5,216311.2,322406.8,234341.7,226323.4,501477,511766.1,1156749.2,948653.1,684695.2,349880.3,339939.2,171027.1,493363.3,158726.4,155694.7
177,0.00499,0.00498,0.00497,0.00496,0.00495,0.00494,0.00493,0.00492,0.00491,0.0049,0.005,0.00501,0.00502,0.00503,0.00504,0.00505,0.00506,0.00507,0.00508,0.00509,139377.2,1234147.7,1105926.7,936328.3,835224.5,216311.2,322406.8,234341.7,226323.4,501477,602365.3,1156777.7,948653.1,684695.2,349880.3,252975.4,171027.1,493363.3,158726.4,155694.7
178,0.00499,0.00498,0.00497,0.00496,0.00495,0.00494,0.00493,0.00492,0.00491,0.0049,0.005,0.00501,0.00502,0.00503,0.00504,0.00505,0.00506,0.00507,0.00508,0.00509,237617.3,1025890.8,1307372.3,912063.5,835224.5,216311.2,322406.8,234341.7,384263,343215.1,971766.1,896874.7,948653.1,685418.7,349504.1,252975.4,171027.1,493363.3,158726.4,155694.7
179,0.00499,0.00498,0.00497,0.00496,0.00495,0.00494,0.00493,0.00492,0.00491,0.0049,0.005,0.00501,0.00502,0.00503,0.00504,0.00505,0.00506,0.00507,0.00508,0.00509,211908.5,1031105.4,1306973.4,936327.9,835224.5,216311.2,322406.8,234341.7,226323.4,343215.1,944065.2,903536.5,948653.1,685406.6,349463.6,252975.4,171027.1,493363.3,158726.4,155694.7
180,0.00499,0.00498,0.00497,0.00496,0.00495,0.00494,0.00493,0.00492,0.00491,0.0049,0.005,0.00501,0.00502,0.00503,0.00504,0.00505,0.00506,0.00507,0.00508,0.00509,425093.3,1454581.6,873484.4,935945.4,721326.7,216311.2,322406.8,234341.7,234419.3,501477,219498.9,1123240.3,1095414.2,696850,349463.6,338077.1,171027.1,493363.3,158726.4,155694.7
181,0.005,0.00499,0.00498,0.00497,0.00496,0.00495,0.00494,0.00493,0.00492,0.00491,0.00501,0.00502,0.00503,0.00504,0.00505,0.00506,0.00507,0.00508,0.00509,0.0051,49500,945109.4,1095354,828998.4,911662.7,705492.5,131800.2,322406.8,234341.7,245949.1,1197332.4,1095414.2,688156,571553.2,375312.7,208174.7,493363.3,198726.4,155694.7,123455.1
182,0.00499,0.00498,0.00497,0.00496,0.00495,0.00494,0.00493,0.00492,0.00491,0.0049,0.005,0.00501,0.00502,0.00503,0.00504,0.00505,0.00506,0.00507,0.00508,0.00509,637885.4,1317349.8,1095804.4,911662.7,576770.8,131800.2,322406.8,234341.7,245949.1,659738.9,273761.8,1126567.1,1095414.2,688156,439778.2,271821.8,208174.7,493363.3,198726.4,155694.7
183,0.00499,0.00498,0.00497,0.00496,0.00495,0.00494,0.00493,0.00492,0.00491,0.0049,0.005,0.00501,0.00502,0.00503,0.00504,0.00505,0.00506,0.00507,0.00508,0.00509,379860.4,1380955.1,1073198.3,907654.8,576770.8,218822.8,322406.8,234341.7,245949.1,501477,429437.1,1166971,1040849.9,736208.4,338571.3,271821.8,208174.7,493363.3,198726.4,155694.7
184,0.00499,0.00498,0.00497,0.00496,0.00495,0.00494,0.00493,0.00492,0.00491,0.0049,0.005,0.00501,0.00502,0.00503,0.00504,0.00505,0.00506,0.00507,0.00508,0.00509,514822.2,1285101.5,1073198.3,931978.4,576770.8,218822.8,322406.8,234341.7,245949.1,501477,273761.8,1119966.4,1088972.9,736208.4,338571.3,272426.3,208174.7,493363.3,198726.4,155694.7
185,0.005,0.00499,0.00498,0.00497,0.00496,0.00495,0.00494,0.00493,0.00492,0.00491,0.00501,0.00502,0.00503,0.00504,0.00505,0.00506,0.00507,0.00508,0.00509,0.0051,136625.3,933657.1,1188413.9,883340.6,874914,568639.7,213101.2,241097,234341.7,164648.1,778511.6,1399011.2,635198.7,550129.9,375325,208174.7,340408,198726.4,308049,123455.1
186,0.00499,0.00498,0.00497,0.00496,0.00495,0.00494,0.00493,0.00492,0.00491,0.0049,0.005,0.00501,0.00502,0.00503,0.00504,0.00505,0.00506,0.00507,0.00508,0.00509,576303.6,1322129.7,1014942,887191.9,568639.7,350229.3,190043.5,315642.7,164648.1,501477,150957.5,1197941.7,1139011.2,635198.7,438099.1,272438.6,208174.7,340408,198726.4,308049
187,0.00499,0.00498,0.00497,0.00496,0.00495,0.00494,0.00493,0.00492,0.00491,0.0049,0.005,0.00501,0.00502,0.00503,0.00504,0.00505,0.00506,0.00507,0.00508,0.00509,615240,1328730.4,1014942,862868.3,568639.7,349634.5,190043.5,315642.7,164648.1,659738.9,150957.5,1197941.7,1139011.2,635198.7,438099.1,272438.6,208174.7,340408,198726.4,308049
188,0.00499,0.00498,0.00497,0.00496,0.00495,0.00494,0.00493,0.00492,0.00491,0.0049,0.005,0.00501,0.00502,0.00503,0.00504,0.00505,0.00506,0.00507,0.00508,0.00509,615239.9,1328730.4,1014942,862868.3,568639.7,349634.5,190043.5,315642.7,164648.1,659738.9,150957.5,1197941.7,1139011.2,635198.7,438099.1,272438.6,208174.7,340408,198726.4,308049
189,0.00499,0.00498,0.00497,0.00496,0.00495,0.00494,0.00493,0.00492,0.00491,0.0049,0.005,0.00501,0.00502,0.00503,0.00504,0.00505,0.00506,0.00507,0.00508,0.00509,666730.9,1324373.1,1028643.4,862868.3,466394,349634.5,201526.5,315642.7,153118.3,472176.8,148595.7,1262225.7,1098776,635198.7,338571.3,272438.6,208174.7,152868.5,198726.4,308049
190,0.00499,0.00498,0.00497,0.00496,0.00495,0.00494,0.00493,0.00492,0.00491,0.0049,0.005,0.00501,0.00502,0.00503,0.00504,0.00505,0.00506,0.00507,0.00508,0.00509,605285.9,1326242.1,1035454.7,865702.6,459075.8,350985.3,201526.5,315642.7,153118.3,472176.8,252014.8,1158729.6,1033997.1,635198.7,403350.2,272438.6,208174.7,152868.5,198726.4,308049
191,0.00499,0.00498,0.00497,0.00496,0.00495,0.00494,0.00493,0.00492,0.00491,0.0049,0.005,0.00501,0.00502,0.00503,0.00504,0.00505,0.00506,0.00507,0.00508,0.00509,625305.9,1325460.2,1011126.9,865702.6,558920.2,350985.3,201526.5,315642.7,153118.3,655224.9,166593.1,1087810.5,1020333.8,683750.9,556795.7,272438.6,208174.7,335916.6,198726.4,308049
192,0.00499,0.00498,0.00497,0.00496,0.00495,0.00494,0.00493,0.00492,0.00491,0.0049,0.005,0.00501,0.00502,0.00503,0.00504,0.00505,0.00506,0.00507,0.00508,0.00509,500327.5,1212976.1,1037778,950469.4,558920.2,269684.3,282827.5,234341.7,153118.3,1130010.6,392834.4,1087810.5,1020307.6,784169,456951.3,272438.6,208174.7,335916.6,198726.4,308049
193,0.00499,0.00498,0.00497,0.00496,0.00495,0.00494,0.00493,0.00492,0.00491,0.0049,0.005,0.00501,0.00502,0.00503,0.00504,0.00505,0.00506,0.00507,0.00508,0.00509,624255.9,1294010.5,1002422,858007.2,558920.2,269684.3,282827.5,234341.7,153118.3,1130010.6,291584.2,1087980.5,1020307.6,683750.9,558433.8,272438.6,208174.7,335916.6,198726.4,308049
194,0.00499,0.00498,0.00497,0.00496,0.00495,0.00494,0.00493,0.00492,0.00491,0.0049,0.005,0.00501,0.00502,0.00503,0.00504,0.00505,0.00506,0.00507,0.00508,0.00509,634189.5,1346293.1,1007622.9,815941.5,559997.5,348978.2,201526.5,315642.7,153118.3,971748.7,141422.6,1150547.9,1026895.9,683750.9,558433.8,272438.6,208174.7,335916.6,198726.4,308049
195,0.00498,0.00497,0.00496,0.00495,0.00494,0.00493,0.00492,0.00491,0.0049,0.00489,0.00499,0.005,0.00501,0.00502,0.00503,0.00504,0.00505,0.00506,0.00507,0.00508,1000025.9,1232257.6,915077.6,785908.2,454557.2,282827.5,234341.7,392358.9,971748.7,163543.1,141227.7,1079307.3,852769.1,814297.2,726575.7,361618.1,186732.4,171027.1,528871.9,158726.4
196,0.00498,0.00497,0.00496,0.00495,0.00494,0.00493,0.00492,0.00491,0.0049,0.00489,0.00499,0.005,0.00501,0.00502,0.00503,0.00504,0.00505,0.00506,0.00507,0.00508,392824.4,1394374.7,1135895.2,931587.6,454557.2,367754.8,391960.3,234419.3,813486.8,322128.7,204503.3,1034738.5,768226.6,910091.8,501776.1,361618.1,175840.1,171027.1,488871.9,158726.4
197,0.00498,0.00497,0.00496,0.00495,0.00494,0.00493,0.00492,0.00491,0.0049,0.00489,0.00499,0.005,0.00501,0.00502,0.00503,0.00504,0.00505,0.00506,0.00507,0.00508,193358,1352401.3,1266892.7,917074.8,569915.9,286453.8,315642.7,468997.5,313914.9,480714.3,348097.9,1024645.5,735046.4,859958.8,501776.1,306547.6,175840.1,394431.1,305823.8,158726.4
198,0.00498,0.00497,0.00496,0.00495,0.00494,0.00493,0.00492,0.00491,0.0049,0.00489,0.00499,0.005,0.00501,0.00502,0.00503,0.00504,0.00505,0.00506,0.00507,0.00508,386659.6,1390856,1226746.4,917074.8,454557.2,286453.8,315642.7,468997.5,313914.9,480714.3,204503.3,1085605.7,866504.4,859958.8,501776.1,393011.9,175840.1,394431.1,305823.8,158726.4
199,0.00498,0.00497,0.00496,0.00495,0.00494,0.00493,0.00492,0.00491,0.0049,0.00489,0.00499,0.005,0.00501,0.00502,0.00503,0.00504,0.00505,0.00506,0.00507,0.00508,528872.8,1288119,1322805.6,917074.8,454557.2,286453.8,315642.7,311057.9,472176.8,480714.3,333920.9,1042008.7,906985.5,913559.9,501776.1,339410.8,175840.1,394431.1,305823.8,158726.4
200,0.00498,0.00497,0.00496,0.00495,0.00494,0.00493,0.00492,0.00491,0.0049,0.00489,0.00499,0.005,0.00501,0.00502,0.00503,0.00504,0.00505,0.00506,0.00507,0.00508,743197.9,1399690.6,1267233.5,917074.8,454557.2,286453.8,315642.7,468997.5,472176.8,322128.7,192723.8,1042008.7,906985.5,811177,601509.4,339410.8,175840.1,394431.1,305823.8,158726.4
201,0.00498,0.00497,0.00496,0.00495,0.00494,0.00493,0.00492,0.00491,0.0049,0.00489,0.00499,0.005,0.00501,0.00502,0.00503,0.00504,0.00505,0.00506,0.00507,0.00508,693065.1,1399690.6,1253617,917074.8,454557.2,286453.8,315642.7,468997.5,472176.8,322128.7,192723.8,1038328.7,906985.5,811177,601509.4,339410.8,175840.1,394431.1,305823.8,158726.4
202,0.00498,0.00497,0.00496,0.00495,0.00494,0.00493,0.00492,0.00491,0.0049,0.00489,0.00499,0.005,0.00501,0.00502,0.00503,0.00504,0.00505,0.00506,0.00507,0.00508,772683.2,1399690.6,1267233.5,917074.8,454557.2,286453.8,315642.7,468997.5,630438.7,163543.1,192723.8,1038328.7,906985.5,811177,601509.4,339410.8,175840.1,394431.1,305823.8,158726.4
203,0.00499,0.00498,0.00497,0.00496,0.00495,0.00494,0.00493,0.00492,0.00491,0.0049,0.005,0.00501,0.00502,0.00503,0.00504,0.00505,0.00506,0.00507,0.00508,0.00509,1029094.7,1446964,1013176.3,868082.2,560127.3,264038.3,201526.5,448871,311057.9,815798.4,136595,920394.9,1301570.8,670957.8,498902.5,186732.4,171027.1,305823.8,343899.2,155694.7
204,0.00499,0.00498,0.00497,0.00496,0.00495,0.00494,0.00493,0.00492,0.00491,0.0049,0.005,0.00501,0.00502,0.00503,0.00504,0.00505,0.00506,0.00507,0.00508,0.00509,836697.6,1460118.4,1105449.5,837492.4,560127.3,264038.3,358825.4,448871,468997.5,499274.6,377722.8,1123236.3,987875.4,813244.9,451766.7,186732.4,208174.7,305823.8,383899.2,155694.7
205,0.00499,0.00498,0.00497,0.00496,0.00495,0.00494,0.00493,0.00492,0.00491,0.0049,0.005,0.00501,0.00502,0.00503,0.00504,0.00505,0.00506,0.00507,0.00508,0.00509,880242.8,1460118.4,1110373.9,837492.4,560127.3,264038.3,201526.5,606489.6,468997.5,499274.6,277822.7,1123236.3,987875.4,813244.9,451766.7,186732.4,208174.7,305823.8,383899.2,155694.7
206,0.00499,0.00498,0.00497,0.00496,0.00495,0.00494,0.00493,0.00492,0.00491,0.0049,0.005,0.00501,0.00502,0.00503,0.00504,0.00505,0.00506,0.00507,0.00508,0.00509,349490.3,1405460.2,1447681.1,784693.8,676744.1,316813.3,241698.7,549578.6,460901.6,499274.6,629299.2,1163951.6,864288.9,763111.9,451766.7,186732.4,208174.7,305823.8,383899.2,155694.7
207,0.00498,0.00497,0.00496,0.00495,0.00494,0.00493,0.00492,0.00491,0.0049,0.00489,0.00499,0.005,0.00501,0.00502,0.00503,0.00504,0.00505,0.00506,0.00507,0.00508,1292850.4,1708888.5,646829.4,901487.7,412884.3,241698.7,391960,384263,815798.4,163543.1,187993.3,737195.9,1164069.2,897692,593170.9,269400,223880,356986.5,345823.8,158726.4
208,0.00498,0.00497,0.00496,0.00495,0.00494,0.00493,0.00492,0.00491,0.0049,0.00489,0.00499,0.005,0.00501,0.00502,0.00503,0.00504,0.00505,0.00506,0.00507,0.00508,779009.5,1550307.5,688484.6,1063315.5,411775.9,325714.1,234341.4,226323.4,974060.3,322128.7,237888.7,1077240.3,893972.3,897692,593170.9,378270.9,223880,356986.5,345823.8,158726.4
209,0.00498,0.00497,0.00496,0.00495,0.00494,0.00493,0.00492,0.00491,0.0049,0.00489,0.00499,0.005,0.00501,0.00502,0.00503,0.00504,0.00505,0.00506,0.00507,0.00508,687437.9,1550307.5,681515.6,932675.8,513329.9,325714.1,234341.4,226323.4,1132322.2,163543.1,379116.4,1077240.3,893293.9,999044,490883.8,378270.9,223880,356986.5,345823.8,158726.4
210,0.00498,0.00497,0.00496,0.00495,0.00494,0.00493,0.00492,0.00491,0.0049,0.00489,0.00499,0.005,0.00501,0.00502,0.00503,0.00504,0.00505,0.00506,0.00507,0.00508,687442.2,1550307.5,681515.6,932675.8,513329.9,325714.1,234341.4,384263,815798.4,322128.7,379116.4,1077240.3,893206.7,999044,490883.8,378270.9,223880,356986.5,345823.8,158726.4
211,0.00498,0.00497,0.00496,0.00495,0.00494,0.00493,0.00492,0.00491,0.0049,0.00489,0.00499,0.005,0.00501,0.00502,0.00503,0.00504,0.00505,0.00506,0.00507,0.00508,684856.7,1550307.5,777574.8,932675.8,513329.9,241698.7,234341.4,384263,974060.3,163543.1,348381.4,1077240.3,893206.7,999044,490883.8,378270.9,223880,356986.5,345823.8,158726.4
212,0.00499,0.00498,0.00497,0.00496,0.00495,0.00494,0.00493,0.00492,0.00491,0.0049,0.005,0.00501,0.00502,0.00503,0.00504,0.00505,0.00506,0.00507,0.00508,0.00509,800335.9,1295890.1,1004791,890063.9,710599.4,316813.3,241698.7,234341.4,384263,974060.3,243083.4,1123434.4,1064606.3,703273.3,378270.9,307531.3,356986.5,192868.5,158726.4,308049
213,0.00499,0.00498,0.00497,0.00496,0.00495,0.00494,0.00493,0.00492,0.00491,0.0049,0.005,0.00501,0.00502,0.00503,0.00504,0.00505,0.00506,0.00507,0.00508,0.00509,799775.6,1218107.4,1094068.6,774798.7,710599.4,316813.3,241698.7,549578.6,542202.6,499274.6,284411,1123434.4,1064368.9,703273.3,378270.9,307531.3,356986.5,192868.5,158726.4,308049
214,0.00499,0.00498,0.00497,0.00496,0.00495,0.00494,0.00493,0.00492,0.00491,0.0049,0.005,0.00501,0.00502,0.00503,0.00504,0.00505,0.00506,0.00507,0.00508,0.00509,923705.3,1218107.4,1106081.7,769004.1,704901.1,231821.1,241698.7,549578.6,542202.6,499274.6,148107.2,1197567.6,1064368.9,603797.7,478732.2,307531.3,171027.1,192868.5,343641.2,308049
215,0.00499,0.00498,0.00497,0.00496,0.00495,0.00494,0.00493,0.00492,0.00491,0.0049,0.005,0.00501,0.00502,0.00503,0.00504,0.00505,0.00506,0.00507,0.00508,0.00509,923699.2,1218107.4,1094068.6,769004.1,704901.1,231829,398997.6,864815.8,226323.4,341012.7,389235,1197567.6,945101.3,654950.9,597999.8,307531.3,171027.1,192868.5,343641.2,308049
216,0.00499,0.00498,0.00497,0.00496,0.00495,0.00494,0.00493,0.00492,0.00491,0.0049,0.005,0.00501,0.00502,0.00503,0.00504,0.00505,0.00506,0.00507,0.00508,0.00509,799846.3,1177415.4,1010218.4,769004.1,704901.1,231829,241698.7,864815.8,384263,341012.7,389235,1164163.4,905075.6,754975.6,497538.5,307531.3,171027.1,192868.5,343641.2,308049
217,0.00498,0.00497,0.00496,0.00495,0.00494,0.00493,0.00492,0.00491,0.0049,0.00489,0.00499,0.005,0.00501,0.00502,0.00503,0.00504,0.00505,0.00506,0.00507,0.00508,1054523,1221487.5,1144523.5,755050.6,507462.6,249884.8,788498.2,460901.6,341012.7,163543.1,49500,1049387.9,828363.7,728441.3,601800.8,497538.5,212987.7,171027.1,380062.9,158726.4
218,0.00498,0.00497,0.00496,0.00495,0.00494,0.00493,0.00492,0.00491,0.0049,0.00489,0.00499,0.005,0.00501,0.00502,0.00503,0.00504,0.00505,0.00506,0.00507,0.00508,182205.5,1316748.7,1234220.3,964331.6,617469.3,331092.6,473261,460901.6,657536.5,163543.1,798043,1096286.5,698355.6,777874,501776.1,388667.6,212987.7,357098.9,345823.8,158726.4
219,0.00497,0.00496,0.00495,0.00494,0.00493,0.00492,0.00491,0.0049,0.00489,0.00488,0.00498,0.00499,0.005,0.00501,0.00502,0.00503,0.00504,0.00505,0.00506,0.00507,1005740.8,1089102.2,1034080.6,741643.2,432503.8,557407.1,145022.4,711739.7,322128.7,345084.7,353664.4,1126486,826021.7,798723.1,509575.1,360548.4,465815.2,175840.1,357098.9,305823.8
220,0.00497,0.00496,0.00495,0.00494,0.00493,0.00492,0.00491,0.0049,0.00489,0.00488,0.00498,0.00499,0.005,0.00501,0.00502,0.00503,0.00504,0.00505,0.00506,0.00507,1093620.1,1099174.9,1034080.6,741643.2,432503.8,399788.5,145022.4,236954,797885.5,503995.3,667284.4,1133824.5,704657.2,798723.1,569719.3,360548.4,405671,175840.1,357098.9,305823.8
221,0.00497,0.00496,0.00495,0.00494,0.00493,0.00492,0.00491,0.0049,0.00489,0.00488,0.00498,0.00499,0.005,0.00501,0.00502,0.00503,0.00504,0.00505,0.00506,0.00507,1251792.8,1180515.1,1031698.4,843490.8,447889.7,315642.4,145022.4,553477.8,639299.9,345084.7,141227.7,1047978.9,862939.5,698355.6,669251,245710.3,405671,175840.1,357098.9,305823.8
222,0.00498,0.00497,0.00496,0.00495,0.00494,0.00493,0.00492,0.00491,0.0049,0.00489,0.00499,0.005,0.00501,0.00502,0.00503,0.00504,0.00505,0.00506,0.00507,0.00508,108542.8,1548771.4,1222974,1051538.8,528768.4,348678.7,315642.4,145022.4,553477.8,639299.9,877565,1122939.5,712803.2,771176.3,430461.9,405671,171092.7,357098.9,305823.8,158726.4
223,0.00497,0.00496,0.00495,0.00494,0.00493,0.00492,0.00491,0.0049,0.00489,0.00488,0.00498,0.00499,0.005,0.00501,0.00502,0.00503,0.00504,0.00505,0.00506,0.00507,1493022.1,1175070.9,1069599.2,733312.3,447889.7,315642.4,460901.6,395215.9,480714.3,345084.7,184441.5,867622,1133160.5,712803.2,669251,245710.3,405671,171092.7,357098.9,305823.8
224,0.00498,0.00497,0.00496,0.00495,0.00494,0.00493,0.00492,0.00491,0.0049,0.00489,0.00499,0.005,0.00501,0.00502,0.00503,0.00504,0.00505,0.00506,0.00507,0.00508,506674.9,1685344.4,1008033.3,1103847.2,514043.9,227721.4,473261,460901.6,553477.8,163543.1,391288.7,1092284.9,863701.9,710558,424764.2,465815.2,171092.7,357098.9,305823.8,158726.4
225,0.00498,0.00497,0.00496,0.00495,0.00494,0.00493,0.00492,0.00491,0.0049,0.00489,0.00499,0.005,0.00501,0.00502,0.00503,0.00504,0.00505,0.00506,0.00507,0.00508,332381.7,1570054,1086538.7,1079453.6,624488.8,227721.4,630879.6,460901.6,395215.9,163543.1,837760.1,1139246.1,712803.2,710558,424764.2,465815.2,171092.7,357098.9,305823.8,158726.4
226,0.00498,0.00497,0.00496,0.00495,0.00494,0.00493,0.00492,0.00491,0.0049,0.00489,0.00499,0.005,0.00501,0.00502,0.00503,0.00504,0.00505,0.00506,0.00507,0.00508,286254.5,1562685.2,1219730.7,1079453.6,624488.8,227721.4,630879.6,460901.6,395215.9,163543.1,646462.3,1139246.1,712803.2,710558,424764.2,465815.2,171092.7,357098.9,305823.8,158726.4
227,0.00498,0.00497,0.00496,0.00495,0.00494,0.00493,0.00492,0.00491,0.0049,0.00489,0.00499,0.005,0.00501,0.00502,0.00503,0.00504,0.00505,0.00506,0.00507,0.00508,286254.5,1562720.7,1219730.7,1103845.4,624488.8,227721.4,473261,618841.2,395215.9,163543.1,646462.3,1139268.6,712803.2,710558,424764.2,465815.2,171092.7,357098.9,305823.8,158726.4
228,0.00498,0.00497,0.00496,0.00495,0.00494,0.00493,0.00492,0.00491,0.0049,0.00489,0.00499,0.005,0.00501,0.00502,0.00503,0.00504,0.00505,0.00506,0.00507,0.00508,145026.8,1562723.1,1218896.6,1079453.6,635264.1,227721.4,315642.4,776780.8,395215.9,163543.1,646462.3,1139333.4,712803.2,710558,424764.2,465815.2,171092.7,357098.9,305823.8,158726.4
229,0.00498,0.00497,0.00496,0.00495,0.00494,0.00493,0.00492,0.00491,0.0049,0.00489,0.00499,0.005,0.00501,0.00502,0.00503,0.00504,0.00505,0.00506,0.00507,0.00508,397842.5,1553898.5,1177248.2,1090253.5,624488.8,227721.4,630879.6,460901.6,395215.9,163543.1,842311.6,1139065.8,712803.2,710558,432165.1,465815.2,171092.7,357098.9,305823.8,158726.4
230,0.00498,0.00497,0.00496,0.00495,0.00494,0.00493,0.00492,0.00491,0.0049,0.00489,0.00499,0.005,0.00501,0.00502,0.00503,0.00504,0.00505,0.00506,0.00507,0.00508,463700.9,1633267.5,1007884.8,1103870,514043.9,227721.4,630879.6,460901.6,395215.9,163543.1,362036.8,1092104.6,861465.9,710558,432165.1,551462.9,171092.7,357098.9,305823.8,158726.4
231,0.00498,0.00497,0.00496,0.00495,0.00494,0.00493,0.00492,0.00491,0.0049,0.00489,0.00499,0.005,0.00501,0.00502,0.00503,0.00504,0.00505,0.00506,0.00507,0.00508,587873.4,1452540.8,1236017.1,971661.6,514043.9,227721.4,630879.6,618841.2,236954,163543.1,207327.3,1052104.6,861465.9,695841.3,533455.8,474315.3,248240.3,357098.9,305823.8,158726.4
232,0.00499,0.00498,0.00497,0.00496,0.00495,0.00494,0.00493,0.00492,0.00491,0.0049,0.005,0.00501,0.00502,0.00503,0.00504,0.00505,0.00506,0.00507,0.00508,0.00509,399580.5,1278516.4,1026870.1,1203368.4,827574.7,323036.8,222152.6,630879.6,618841.2,155653,716568.5,1131650.4,702432.6,705219.9,575424,248240.3,357098.9,152868.5,158726.4,308049
233,0.00499,0.00498,0.00497,0.00496,0.00495,0.00494,0.00493,0.00492,0.00491,0.0049,0.005,0.00501,0.00502,0.00503,0.00504,0.00505,0.00506,0.00507,0.00508,0.00509,363215.7,1284585.2,1050532.6,1110872.2,826778.2,322514.1,694049.3,473261,302962,155653,547299.7,1131880.7,702432.6,705219.9,575424,248240.3,357098.9,152868.5,158726.4,308049
234,0.00499,0.00498,0.00497,0.00496,0.00495,0.00494,0.00493,0.00492,0.00491,0.0049,0.005,0.00501,0.00502,0.00503,0.00504,0.00505,0.00506,0.00507,0.00508,0.00509,473690.4,1268632.4,972217.7,1124487.1,826778.2,322515.4,694049.3,473261,302962,155653,491699.4,1091207.2,798098.8,705219.9,575424,248240.3,357098.9,152868.5,158726.4,308049
235,0.00499,0.00498,0.00497,0.00496,0.00495,0.00494,0.00493,0.00492,0.00491,0.0049,0.005,0.00501,0.00502,0.00503,0.00504,0.00505,0.00506,0.00507,0.00508,0.00509,455700.6,1343952.7,972223.5,1100093.9,711589.4,322515.4,851348.2,473261,145022.4,155653,438247,1091207.2,855260.9,705219.9,575424,333255.5,357098.9,152868.5,158726.4,308049
236,0.00498,0.00497,0.00496,0.00495,0.00494,0.00493,0.00492,0.00491,0.0049,0.00489,0.00499,0.005,0.00501,0.00502,0.00503,0.00504,0.00505,0.00506,0.00507,0.00508,862698.6,1333579.5,902060.4,1035112,417991,625544.9,707197.2,226323.4,155653,163543.1,423684.8,1131433.8,861715.1,695841.3,533455.8,474315.3,248240.3,357098.9,305823.8,158726.4
237,0.00498,0.00497,0.00496,0.00495,0.00494,0.00493,0.00492,0.00491,0.0049,0.00489,0.00499,0.005,0.00501,0.00502,0.00503,0.00504,0.00505,0.00506,0.00507,0.00508,862698.6,1333605.4,917353.5,1035112,417991,468246,549578.6,384263,313914.9,163543.1,282457.1,1131433.8,861715.1,695841.3,533455.8,474315.3,248240.3,357098.9,305823.8,158726.4
238,0.00498,0.00497,0.00496,0.00495,0.00494,0.00493,0.00492,0.00491,0.0049,0.00489,0.00499,0.005,0.00501,0.00502,0.00503,0.00504,0.00505,0.00506,0.00507,0.00508,868309.5,1333387.1,903737,935718.5,520187.5,468246,549578.6,542202.6,155653,350903.3,282457.1,1131479.1,862037.1,695841.3,534361.6,474315.3,248240.3,358387.3,305823.8,158726.4
239,0.00499,0.00498,0.00497,0.00496,0.00495,0.00494,0.00493,0.00492,0.00491,0.0049,0.005,0.00501,0.00502,0.00503,0.00504,0.00505,0.00506,0.00507,0.00508,0.00509,411999.2,1114727,1087154.5,1113235.6,727563.2,424711.9,379451.5,549578.6,384263,313914.9,559531.2,1091253.7,735865.3,706466.6,576566,248240.3,358387.3,152868.5,158726.4,308049
240,0.00498,0.00497,0.00496,0.00495,0.00494,0.00493,0.00492,0.00491,0.0049,0.00489,0.00499,0.005,0.00501,0.00502,0.00503,0.00504,0.00505,0.00506,0.00507,0.00508,387588.7,1429022.4,1142949.7,952410.1,650346.3,383948,630879.6,460901.6,236954,350903.3,1212026.7,862720.2,698355.6,738798.2,433608.7,425815.2,171092.7,398387.3,152868.5,158726.4
241,0.00497,0.00496,0.00495,0.00494,0.00493,0.00492,0.00491,0.0049,0.00489,0.00488,0.00498,0.00499,0.005,0.00501,0.00502,0.00503,0.00504,0.00505,0.00506,0.00507,970800.7,1473537.4,733852.9,858067,328078,473261,460901.6,395215.9,509488.9,161388.2,165849.1,1245061.5,859272.3,698355.6,609366,328426.6,425815.2,171092.7,398387.3,305823.8
242,0.00497,0.00496,0.00495,0.00494,0.00493,0.00492,0.00491,0.0049,0.00489,0.00488,0.00498,0.00499,0.005,0.00501,0.00502,0.00503,0.00504,0.00505,0.00506,0.00507,874559.3,1473828.1,741859.2,871714.4,328078,315642.4,618841.2,553477.8,350903.3,161388.2,201355.8,1251614.4,864097.1,698355.6,609366,234266.9,425815.2,171092.7,398387.3,305823.8
243,0.00497,0.00496,0.00495,0.00494,0.00493,0.00492,0.00491,0.0049,0.00489,0.00488,0.00498,0.00499,0.005,0.00501,0.00502,0.00503,0.00504,0.00505,0.00506,0.00507,890405.8,1472183.1,719038.1,771826.3,428519.3,315642.4,618841.2,395215.9,509488.9,161388.2,342583.5,1251614.4,864097.1,698355.6,609366,234266.9,425815.2,171092.7,398387.3,305823.8
244,0.00497,0.00496,0.00495,0.00494,0.00493,0.00492,0.00491,0.0049,0.00489,0.00488,0.00498,0.00499,0.005,0.00501,0.00502,0.00503,0.00504,0.00505,0.00506,0.00507,646452.2,1352647,719038.1,771826.3,540360,405105.9,618841.2,395215.9,509488.9,161388.2,457799.2,1222715.5,760953.6,799955.2,509575.1,234266.9,425815.2,171092.7,398387.3,305823.8
245,0.00497,0.00496,0.00495,0.00494,0.00493,0.00492,0.00491,0.0049,0.00489,0.00488,0.00498,0.00499,0.005,0.00501,0.00502,0.00503,0.00504,0.00505,0.00506,0.00507,646641.9,1245294.5,914903.9,561793.6,757774.7,405105.9,618841.2,395215.9,509488.9,161388.2,513399.5,1222042.8,744042.9,749822.2,521018.5,234266.9,425815.2,171092.7,398387.3,305823.8
246,0.00497,0.00496,0.00495,0.00494,0.00493,0.00492,0.00491,0.0049,0.00489,0.00488,0.00498,0.00499,0.005,0.00501,0.00502,0.00503,0.00504,0.00505,0.00506,0.00507,765612.7,1399782.3,916910.1,713941.3,435804,405105.9,464917.5,553477.8,509488.9,161388.2,342583.5,1241679.2,961290,648222.6,610983.6,234266.9,425815.2,171092.7,398387.3,305823.8
247,0.00497,0.00496,0.00495,0.00494,0.00493,0.00492,0.00491,0.0049,0.00489,0.00488,0.00499,0.005,0.00501,0.00502,0.00503,0.00504,0.00505,0.00506,0.00507,0.00508,1062207.9,1313360.3,916910.1,764895.4,435804,315642.4,464917.5,553477.8,509488.9,161388.2,1241679.2,949846.6,659666,708740.6,327494,425815.2,171092.7,398387.3,305823.8,158726.4
248,0.00497,0.00496,0.00495,0.00494,0.00493,0.00492,0.00491,0.0049,0.00489,0.00488,0.00498,0.00499,0.005,0.00501,0.00502,0.00503,0.00504,0.00505,0.00506,0.00507,1167764.7,1247143.5,941434.3,863662.9,336034.7,315642.4,464917.5,553477.8,509488.9,161388.2,204438.2,1334512.8,971278.2,648222.6,610983.6,327494,425815.2,171092.7,398387.3,305823.8
249,0.00497,0.00496,0.00495,0.00494,0.00493,0.00492,0.00491,0.0049,0.00489,0.00488,0.00498,0.00499,0.005,0.00501,0.00502,0.00503,0.00504,0.00505,0.00506,0.00507,996556.7,1161708.8,937166.5,912668.7,334917.3,234341.4,542202.6,472176.8,509488.9,161388.2,258735.4,1260227.9,938892.7,659666,610983.6,364641.6,388667.6,211092.7,358387.3,305823.8
250,0.00497,0.00496,0.00495,0.00494,0.00493,0.00492,0.00491,0.0049,0.00489,0.00488,0.00498,0.00499,0.005,0.00501,0.00502,0.00503,0.00504,0.00505,0.00506,0.00507,890043.6,1248043.7,912634.1,861714.6,385975.1,272742.9,431668.3,630438.7,509488.9,161388.2,369166.5,1260227.9,938892.7,659666,610983.6,364641.6,388667.6,211092.7,358387.3,305823.8
251,0.00497,0.00496,0.00495,0.00494,0.00493,0.00492,0.00491,0.0049,0.00489,0.00488,0.00498,0.00499,0.005,0.00501,0.00502,0.00503,0.00504,0.00505,0.00506,0.00507,417881.3,1302967.9,1095513.4,785325,600328.2,272742.9,431668.3,472176.8,668074.5,161388.2,860638.1,965404.6,733539.8,761488.1,509575.1,364641.6,388667.6,211092.7,358387.3,305823.8
252,0.00497,0.00496,0.00495,0.00494,0.00493,0.00492,0.00491,0.0049,0.00489,0.00488,0.00498,0.00499,0.005,0.00501,0.00502,0.00503,0.00504,0.00505,0.00506,0.00507,387053.7,1262543.1,1131867.5,789742.5,600328.2,272742.9,431668.3,472176.8,509488.9,320298.8,850648.1,965404.6,733539.8,761488.1,569719.3,364641.6,328523.4,211092.7,358387.3,305823.8
253,0.00497,0.00496,0.00495,0.00494,0.00493,0.00492,0.00491,0.0049,0.00489,0.00488,0.00498,0.00499,0.005,0.00501,0.00502,0.00503,0.00504,0.00505,0.00506,0.00507,325398.5,1207484,1187879.8,789742.5,601364.1,272742.9,431668.3,313914.9,668074.5,320298.8,877035.5,965404.6,735751.4,761488.1,569719.3,364641.6,328523.4,211092.7,358387.3,305823.8
254,0.00497,0.00496,0.00495,0.00494,0.00493,0.00492,0.00491,0.0049,0.00489,0.00488,0.00498,0.00499,0.005,0.00501,0.00502,0.00503,0.00504,0.00505,0.00506,0.00507,247868.3,1153778.8,1107753.4,553341.4,977511.4,322034.3,431668.3,155653,907961.1,320298.8,1057818.7,881515,786593.4,761488.1,578000.7,271414.5,269400,393765.3,171027.1,305823.8
255,0.00497,0.00496,0.00495,0.00494,0.00493,0.00492,0.00491,0.0049,0.00489,0.00488,0.00498,0.00499,0.005,0.00501,0.00502,0.00503,0.00504,0.00505,0.00506,0.00507,462839.7,1225331.3,913435.1,709570.9,656145,322034.3,273728.7,155653,590789.9,638120,218645.2,1168910,942387.7,756720.1,578000.7,260522.2,269400,393765.3,171027.1,305823.8
256,0.00497,0.00496,0.00495,0.00494,0.00493,0.00492,0.00491,0.0049,0.00489,0.00488,0.00498,0.00499,0.005,0.00501,0.00502,0.00503,0.00504,0.00505,0.00506,0.00507,451905,1328911.5,884681.9,734112.5,656975.6,236325,273728.7,313914.9,432204.3,320298.8,459374.5,1213741.5,849655.5,644005.7,680087,376849.8,269400,547326.4,171027.1,152868.5
257,0.00497,0.00496,0.00495,0.00494,0.00493,0.00492,0.00491,0.0049,0.00489,0.00488,0.00498,0.00499,0.005,0.00501,0.00502,0.00503,0.00504,0.00505,0.00506,0.00507,151338.8,1254034.1,970407.4,557507.6,987330,323838.8,273728.7,155653,590789.9,320298.8,823300.4,1213648.1,740929.9,744107.9,578000.7,278534.7,269400,547326.4,171027.1,152868.5
258,0.00497,0.00496,0.00495,0.00494,0.00493,0.00492,0.00491,0.0049,0.00489,0.00488,0.00498,0.00499,0.005,0.00501,0.00502,0.00503,0.00504,0.00505,0.00506,0.00507,140394.6,1134552.5,1095720.2,694218.3,982056,323838.8,273728.7,155653,403429.7,325548.5,870666.3,1197043.1,735543.8,751566.4,571188.3,267642.4,215798.9,547326.4,171027.1,152868.5
259,0.00496,0.00495,0.00494,0.00493,0.00492,0.00491,0.0049,0.00489,0.00488,0.00487,0.00497,0.00498,0.00499,0.005,0.00501,0.00502,0.00503,0.00504,0.00505,0.00506,1001679.7,1188951.5,635805.5,894754.8,513281.7,273728.7,155653,403429.7,325548.5,637517.9,307076.8,1092582.8,936476.7,835689.2,480964.5,460318.2,267642.4,151020,547326.4,171027.1
260,0.00496,0.00495,0.00494,0.00493,0.00492,0.00491,0.0049,0.00489,0.00488,0.00487,0.00497,0.00498,0.00499,0.005,0.00501,0.00502,0.00503,0.00504,0.00505,0.00506,901177.1,1330206.9,635805.5,919361.5,513281.7,273728.7,155653,244844.1,484459.1,478281,350576,1085962.8,936476.7,735543.8,581872.3,460318.2,267642.4,151020,547326.4,171027.1
261,0.00496,0.00495,0.00494,0.00493,0.00492,0.00491,0.0049,0.00489,0.00488,0.00487,0.00497,0.00498,0.00499,0.005,0.00501,0.00502,0.00503,0.00504,0.00505,0.00506,726029.4,1233298.3,885050.1,905688.8,466644.3,358706.6,202480.8,244844.1,484459.1,319044.1,340576,1069693.4,1022808.5,806329,364938.1,401762.7,267642.4,151020,547326.4,171027.1
262,0.00496,0.00495,0.00494,0.00493,0.00492,0.00491,0.0049,0.00489,0.00488,0.00487,0.00497,0.00498,0.00499,0.005,0.00501,0.00502,0.00503,0.00504,0.00505,0.00506,536765.8,1169151.3,1027874.8,905688.8,581340.5,358706.6,202480.8,244844.1,484459.1,319044.1,506930.8,1069693.4,857168.6,806329,364938.1,401762.7,267642.4,151020,547326.4,171027.1
263,0.00495,0.00494,0.00493,0.00492,0.00491,0.0049,0.00489,0.00488,0.00487,0.00486,0.00496,0.00497,0.00498,0.00499,0.005,0.00501,0.00502,0.00503,0.00504,0.00505,942830.7,1584263.8,692248.9,705436.8,470187.4,369445.4,163543.1,565760.1,319044.1,615405.1,438024.9,1066887.6,888654.3,952843.4,594038,111343.5,428018,413381.8,191020,324653.8
264,0.00495,0.00494,0.00493,0.00492,0.00491,0.0049,0.00489,0.00488,0.00487,0.00486,0.00496,0.00497,0.00498,0.00499,0.005,0.00501,0.00502,0.00503,0.00504,0.00505,4950.9,1350422.1,1047242.3,532642.8,795403.6,463947.5,211142.3,247938.9,478281,136711.6,928744.5,1092910.5,870695.5,786083,435659.2,111343.5,428018,494181.5,191020,171092.7
265,0.00494,0.00493,0.00492,0.00491,0.0049,0.00489,0.00488,0.00487,0.00486,0.00485,0.00495,0.00496,0.00497,0.00498,0.00499,0.005,0.00501,0.00502,0.00503,0.00504,1334077.9,1031968,517779.5,809539.2,471624.3,211142.3,247938.9,478281,136711.6,791115.5,88225.3,1149413.6,1091933,870695.5,685723.4,294431.5,111343.5,428018,494181.5,191020
266,0.00495,0.00494,0.00493,0.00492,0.00491,0.0049,0.00489,0.00488,0.00487,0.00486,0.00496,0.00497,0.00498,0.00499,0.005,0.00501,0.00502,0.00503,0.00504,0.00505,257636.1,1296579.2,954883.4,593412.4,873552.3,519738.8,211142.3,247938.9,294589.7,136711.6,1086135,888275.5,865309.4,818785.7,532079.1,266130.6,190370.4,340009.8,191020,171092.7
267,0.00494,0.00493,0.00492,0.00491,0.0049,0.00489,0.00488,0.00487,0.00486,0.00485,0.00495,0.00496,0.00497,0.00498,0.00499,0.005,0.00501,0.00502,0.00503,0.00504,1217497.8,1030490.2,598634.1,877271.5,608166.4,219271.3,247938.9,135352.8,296276.1,657070.3,410856.4,1196208.1,888326.6,1025422,579419.8,473523.6,266130.6,190370.4,340009.8,191020
268,0.00495,0.00494,0.00493,0.00492,0.00491,0.0049,0.00489,0.00488,0.00487,0.00486,0.00496,0.00497,0.00498,0.00499,0.005,0.00501,0.00502,0.00503,0.00504,0.00505,377559.6,1172888.8,916078.1,820157.3,655270.9,372110.2,219271.3,294958.6,135352.8,296276.1,581730.3,1208866.7,915109.2,760740.5,638433.8,266130.6,190370.4,340009.8,191020,171092.7
269,0.00495,0.00494,0.00493,0.00492,0.00491,0.0049,0.00489,0.00488,0.00487,0.00486,0.00496,0.00497,0.00498,0.00499,0.005,0.00501,0.00502,0.00503,0.00504,0.00505,1028064.8,1173495.9,864768.7,776024.9,648335.8,372110.2,219271.3,294958.6,135352.8,296276.1,526130,1208866.7,971164.6,760740.5,638433.8,266130.6,190370.4,340009.8,191020,171092.7
270,0.00494,0.00493,0.00492,0.00491,0.0049,0.00489,0.00488,0.00487,0.00486,0.00485,0.00495,0.00496,0.00497,0.00498,0.00499,0.005,0.00501,0.00502,0.00503,0.00504,644467.6,1181361.2,787396.5,856642.7,481851.4,314985.3,294958.6,135352.8,296276.1,497176.8,233002.5,1223028.9,984097.6,939519.4,491023.4,550671.2,254687.2,339763.6,150002.6,151020
271,0.00494,0.00493,0.00492,0.00491,0.0049,0.00489,0.00488,0.00487,0.00486,0.00485,0.00495,0.00496,0.00497,0.00498,0.00499,0.005,0.00501,0.00502,0.00503,0.00504,1201201.2,921541.4,787396.5,856642.7,481851.4,219271.3,294958.6,135352.8,136711.6,657070.3,29506.6,1172895.9,1033722.7,837946.7,588524.8,480701.4,331834.8,339763.6,150002.6,151020
272,0.00494,0.00493,0.00492,0.00491,0.0049,0.00489,0.00488,0.00487,0.00486,0.00485,0.00495,0.00496,0.00497,0.00498,0.00499,0.005,0.00501,0.00502,0.00503,0.00504,799659.6,1181541.4,787396.5,856642.7,477740.5,300572.3,213657.6,216653.8,296276.1,497176.8,173779.1,1203282.4,1028161.1,837946.7,588524.8,589241.4,331834.8,339763.6,150002.6,151020
273,0.00495,0.00494,0.00493,0.00492,0.00491,0.0049,0.00489,0.00488,0.00487,0.00486,0.00496,0.00497,0.00498,0.00499,0.005,0.00501,0.00502,0.00503,0.00504,0.00505,273864.2,818910.2,1141366.1,966571.9,644583.2,290809.2,244844.1,213657.6,216653.8,296276.1,747412.6,1032619,932613.8,874771.8,582063.6,177047.7,339763.6,304174.3,151020,171092.7
274,0.00495,0.00494,0.00493,0.00492,0.00491,0.0049,0.00489,0.00488,0.00487,0.00486,0.00496,0.00497,0.00498,0.00499,0.005,0.00501,0.00502,0.00503,0.00504,0.00505,220443.9,785619.6,1181491.2,780721.3,855569.1,290809,292442.9,213657.6,216653.8,296276.1,865118.9,1031917.8,837946.7,760426,572074,177047.7,339763.6,304174.3,151020,171092.7
275,0.00495,0.00494,0.00493,0.00492,0.00491,0.0049,0.00489,0.00488,0.00487,0.00486,0.00496,0.00497,0.00498,0.00499,0.005,0.00501,0.00502,0.00503,0.00504,0.00505,346925.7,728822.1,1166072.6,966571.9,644583.2,290809,292442.9,213657.6,216653.8,296276.1,754068.9,970974.4,799890.1,824179.4,522574,177047.7,290263.6,254674.3,101520,121592.7
276,0.00495,0.00494,0.00493,0.00492,0.00491,0.0049,0.00489,0.00488,0.00487,0.00486,0.00496,0.00497,0.00498,0.00499,0.005,0.00501,0.00502,0.00503,0.00504,0.00505,336793,785471.4,1181950.3,991278.4,644583.2,290809,292442.9,213657.6,216653.8,296276.1,754068.9,976012.4,799890.1,824179.4,522574,177047.7,290263.6,254674.3,101520,121592.7
277,0.00495,0.00494,0.00493,0.00492,0.00491,0.0049,0.00489,0.00488,0.00487,0.00486,0.00496,0.00497,0.00498,0.00499,0.005,0.00501,0.00502,0.00503,0.00504,0.00505,702520.4,988704.1,928751,825083.1,644583.2,205145.4,244844.1,213657.6,216653.8,296276.1,104761.4,1149805.8,934395.6,716528.1,724407.5,99900.1,180870.4,440029.1,101520,121592.7
278,0.00495,0.00494,0.00493,0.00492,0.00491,0.0049,0.00489,0.00488,0.00487,0.00486,0.00496,0.00497,0.00498,0.00499,0.005,0.00501,0.00502,0.00503,0.00504,0.00505,333409.9,1111966.7,1036825.1,809789.6,644583.2,372907.7,211141.5,213657.6,135352.8,455840.6,505038.4,1189697.8,838579.7,827379.9,617737.2,107063.4,180870.4,440029.1,101520,121592.7
279,0.00495,0.00494,0.00493,0.00492,0.00491,0.0049,0.00489,0.00488,0.00487,0.00486,0.00496,0.00497,0.00498,0.00499,0.005,0.00501,0.00502,0.00503,0.00504,0.00505,223146.6,811650.6,1303816.8,843022.9,754536.1,372907.7,211141.5,213657.6,135352.8,296276.1,870921.3,937052.4,838579.7,710002.7,527333.6,107063.4,180870.4,440029.1,101520,121592.7
280,0.00495,0.00494,0.00493,0.00492,0.00491,0.0049,0.00489,0.00488,0.00487,0.00486,0.00496,0.00497,0.00498,0.00499,0.005,0.00501,0.00502,0.00503,0.00504,0.00505,386651.8,811623,1304086,842999.7,755712.3,372907.7,211141.5,213657.6,135352.8,296276.1,885913.8,926932.9,838579.7,710002.7,527333.6,107063.4,180870.4,440029.1,101520,121592.7
281,0.00495,0.00494,0.00493,0.00492,0.00491,0.0049,0.00489,0.00488,0.00487,0.00486,0.00496,0.00497,0.00498,0.00499,0.005,0.00501,0.00502,0.00503,0.00504,0.00505,526425.6,811585.3,1304086,818316.4,644583.2,372907.7,211141.5,213657.6,135352.8,296276.1,885913.8,926932.9,838579.7,710002.7,617737.2,107063.4,180870.4,440029.1,101520,121592.7
282,0.00495,0.00494,0.00493,0.00492,0.00491,0.0049,0.00489,0.00488,0.00487,0.00486,0.00496,0.00497,0.00498,0.00499,0.005,0.00501,0.00502,0.00503,0.00504,0.00505,342813.1,762136.4,1254586,768816.4,711952.4,323407.7,161641.5,164157.6,85852.8,246776.1,885913.8,926932.9,838579.7,710002.7,617737.2,107063.4,180870.4,440029.1,101520,121592.7
283,0.00495,0.00494,0.00493,0.00492,0.00491,0.0049,0.00489,0.00488,0.00487,0.00486,0.00496,0.00497,0.00498,0.00499,0.005,0.00501,0.00502,0.00503,0.00504,0.00505,342813.1,762117.4,1254586,793499.7,710764.8,242106.7,242942.5,164157.6,85852.8,246776.1,769501.2,926932.9,838579.7,710002.7,617737.2,107063.4,180870.4,440029.1,101520,121592.7
284,0.00494,0.00493,0.00492,0.00491,0.0049,0.00489,0.00488,0.00487,0.00486,0.00485,0.00495,0.00496,0.00497,0.00498,0.00499,0.005,0.00501,0.00502,0.00503,0.00504,703098.2,1440286.3,747460.5,926567.1,344599.4,328898,164157.6,85852.8,246776.1,767463.8,362606,1186586.9,920283.8,838579.7,545261.2,527333.6,107063.4,180870.4,440029.1,101520
285,0.00495,0.00494,0.00493,0.00492,0.00491,0.0049,0.00489,0.00488,0.00487,0.00486,0.00496,0.00497,0.00498,0.00499,0.005,0.00501,0.00502,0.00503,0.00504,0.00505,116349.1,1015127.3,1373528.7,534914.4,926567.1,329585.5,242942.5,164157.6,167153.8,246776.1,1306020.1,915557.2,838579.7,702670.3,527333.6,107063.4,180870.4,440029.1,101520,121592.7
286,0.00494,0.00493,0.00492,0.00491,0.0049,0.00489,0.00488,0.00487,0.00486,0.00485,0.00496,0.00497,0.00498,0.00499,0.005,0.00501,0.00502,0.00503,0.00504,0.00505,1146294.3,1329211.8,534914.4,955186.2,342535.3,242942.5,164157.6,167153.8,87211.6,927357.3,1447846,910967.8,838579.7,682373.1,428783.2,107063.4,180870.4,440029.1,101520,121592.7
287,0.00494,0.00493,0.00492,0.00491,0.0049,0.00489,0.00488,0.00487,0.00486,0.00485,0.00495,0.00496,0.00497,0.00498,0.00499,0.005,0.00501,0.00502,0.00503,0.00504,524313,1389655,763441.2,875569,446073.6,247730.4,221068.3,85852.8,246776.1,767463.8,433588,1221895.6,933518.3,856087.3,359971.8,428783.2,184211,103722.8,440029.1,101520
288,0.00494,0.00493,0.00492,0.00491,0.0049,0.00489,0.00488,0.00487,0.00486,0.00485,0.00495,0.00496,0.00497,0.00498,0.00499,0.005,0.00501,0.00502,0.00503,0.00504,824853.9,1389655,763441.2,900305.8,446073.6,161641.5,221068.3,85852.8,246776.1,767463.8,116349.1,1166369.4,970091.5,856087.3,450062.5,910684,184211,103722.8,440029.1,101520
