timestamp,bid_price_0,bid_price_1,bid_price_2,bid_price_3,bid_price_4,bid_price_5,bid_price_6,bid_price_7,bid_price_8,bid_price_9,ask_price_0,ask_price_1,ask_price_2,ask_price_3,ask_price_4,ask_price_5,ask_price_6,ask_price_7,ask_price_8,ask_price_9,bid_size_0,bid_size_1,bid_size_2,bid_size_3,bid_size_4,bid_size_5,bid_size_6,bid_size_7,bid_size_8,bid_size_9,ask_size_0,ask_size_1,ask_size_2,ask_size_3,ask_size_4,ask_size_5,ask_size_6,ask_size_7,ask_size_8,ask_size_9
0,0.00248,0.002479,0.002478,0.002477,0.002476,0.002475,0.002474,0.002473,0.002472,0.00247,0.002481,0.002483,0.002485,0.002486,0.002487,0.002488,0.002489,0.002491,0.002492,0.002493,49562.5,6233.4,94872.3,33287.7,13021.4,22008.8,214804.4,431746.1,258433.1,13021.4,554.6,26311.7,13021.4,2363.6,13021.4,20231.2,22135,214228,403683.7,13021.4
1,0.00248,0.002479,0.002478,0.002477,0.002476,0.002475,0.002474,0.002473,0.002472,0.00247,0.002481,0.002484,0.002485,0.002486,0.002487,0.002488,0.002489,0.002492,0.002493,0.002494,42774.5,6233.4,21359.5,33287.7,13021.4,22008.8,217463,632538,258433.1,13021.4,554.6,13021.4,13021.4,2363.6,13021.4,20231.2,22135,204441.6,13021.4,13021.4
2,0.002492,0.002491,0.00249,0.002489,0.002488,0.002486,0.002484,0.002482,0.002481,0.00248,0.002494,0.002495,0.002496,0.002498,0.0025,0.002501,0.002502,0.002503,0.002505,0.002506,13242.3,19481,26274.4,2363.6,181363.6,22017.2,13021.4,306326.4,13021.4,29468.1,6133.4,26247.8,26242.5,15385,339656.3,166419.4,13021.4,185022,13021.4,62516.4
3,0.002482,0.002481,0.00248,0.002479,0.002478,0.002477,0.002474,0.002473,0.002472,0.002471,0.002485,0.002486,0.002487,0.00249,0.002491,0.002492,0.002493,0.002498,0.002499,0.0025,15385,13021.4,288739.5,420639.8,313845.3,197542.5,13021.4,1085030.2,68348,22588.5,26301,26295.7,26290.3,13021.4,932243,13021.4,15356.3,13021.4,324262.8,20231.2
4,0.002478,0.002477,0.002476,0.002475,0.002474,0.002473,0.002472,0.00247,0.002469,0.002468,0.002479,0.002481,0.002482,0.002483,0.002484,0.002485,0.002486,0.002487,0.00249,0.002491,13021.4,39098.4,13021.4,208928.1,13021.4,21885.2,68348,2363.6,13021.4,590666.9,2363.6,13021.4,22044.7,7151.4,6133.4,26301,26295.7,26290.3,159264.1,149045.6
5,0.002476,0.002475,0.002474,0.002473,0.002472,0.00247,0.002469,0.002468,0.002467,0.002466,0.002479,0.00248,0.002481,0.002482,0.002483,0.002487,0.002489,0.00249,0.002491,0.002492,7737.8,235282.8,13338.7,13021.4,68348,104264.9,297755.1,590666.9,341790.5,13021.4,28232.6,13306.4,13021.4,926409.7,20172.8,13021.4,13021.4,156333.4,13021.4,378166.8
6,0.002476,0.002475,0.002473,0.002472,0.00247,0.002469,0.002468,0.002467,0.002466,0.002465,0.002479,0.00248,0.002481,0.002482,0.002483,0.002491,0.002492,0.002493,0.002502,0.002503,6233.4,217742.4,13021.4,68348,104264.9,457052.3,1087221.5,9166.8,13021.4,236228.7,15675.4,13306.4,13021.4,926409.7,20172.8,13021.4,191913.2,511477.4,13021.4,15121.4
7,0.002477,0.002476,0.002473,0.002472,0.00247,0.002469,0.002468,0.002467,0.002466,0.002465,0.002479,0.00248,0.002481,0.002482,0.002483,0.002489,0.00249,0.002491,0.002492,0.002493,13322.5,26349.3,6233.4,68348,15385,633640,590666.9,9166.8,13021.4,236228.7,899840.6,13021.4,9044.5,13021.4,20172.8,36008.3,169354.8,177485.8,184441.9,182922
8,0.002474,0.002473,0.002472,0.002471,0.00247,0.002469,0.002468,0.002467,0.002466,0.002465,0.002477,0.002478,0.002479,0.00248,0.002481,0.002482,0.002483,0.002488,0.002491,0.002492,7874.1,28535.8,70711.6,13021.4,104607.3,530166.7,754889.5,179517.7,175144.6,851416.1,19455.9,20346.9,13311.8,13021.4,28686,13021.4,22243.6,332414.7,13021.4,13021.4
9,0.002473,0.002472,0.002471,0.00247,0.002469,0.002468,0.002467,0.002466,0.002465,0.002464,0.002475,0.002476,0.002477,0.002478,0.002479,0.00248,0.002482,0.002483,0.002486,0.002487,6556.1,84061.1,13021.4,101731.9,443493.6,590666.9,190444.9,551373.6,851416.1,9246.4,13021.4,13327.9,12567.9,20346.9,13311.8,15385,13021.4,22243.6,190444.9,397431.4
10,0.002478,0.002477,0.002476,0.002474,0.002471,0.00247,0.002469,0.002468,0.002467,0.002466,0.002479,0.00248,0.002481,0.002482,0.002483,0.002486,0.00249,0.002491,0.002492,0.002502,13317.1,26343.9,26349.3,13021.4,15385,13021.4,457151.7,618821.4,13021.4,200016.9,13021.4,15385,13021.4,57108.4,22018,710817.1,13021.4,35962.7,182922,13021.4
11,0.002479,0.002478,0.002477,0.002476,0.002474,0.002472,0.002471,0.00247,0.002469,0.002468,0.00248,0.002482,0.002483,0.002484,0.002485,0.002486,0.002487,0.00249,0.002491,0.002492,17545.8,18462.2,19555.9,19561.3,6233.4,2363.6,13021.4,13021.4,457245.5,618821.4,2363.6,13021.4,66316,57099.5,120118.2,358783.1,202426.9,13021.4,192296.1,182922
12,0.002478,0.002477,0.002476,0.002474,0.002473,0.002471,0.00247,0.002469,0.002468,0.002466,0.00248,0.002481,0.002482,0.002483,0.002484,0.002485,0.002486,0.002489,0.00249,0.002491,16051,13322.5,6233.4,12863.7,25573.6,13021.4,50060,420363.2,590666.9,13021.4,13021.4,8497,26317.1,22233,57099.5,13021.4,156356.2,392579.8,13021.4,192296.1
13,0.002488,0.002487,0.002486,0.002484,0.002483,0.002482,0.00248,0.002479,0.002477,0.002476,0.002491,0.002492,0.002495,0.002497,0.002499,0.0025,0.002501,0.002502,0.002503,0.002504,26285,26290.3,15385,13021.4,29211.7,2544.4,13021.4,20231.2,13021.4,6233.4,41766.4,13021.4,15385,13021.4,22097.1,169354.8,206832,182922,15121.4,35577.3
14,0.002488,0.002487,0.002486,0.002484,0.002483,0.002482,0.00248,0.002479,0.002477,0.002475,0.002489,0.002492,0.002495,0.002496,0.002497,0.002498,0.002499,0.0025,0.002501,0.002502,26285,19502.3,28659.3,13021.4,29269.3,2544.4,13021.4,20231.2,32123.8,13021.4,15434.3,13021.4,13021.4,2363.6,22092.3,185141.7,13021.4,169354.8,13021.4,182922
15,0.002485,0.002484,0.002483,0.002482,0.002481,0.00248,0.002479,0.002477,0.002475,0.002474,0.002488,0.002489,0.00249,0.002492,0.002493,0.002495,0.002497,0.002498,0.002499,0.0025,2363.6,26306.4,33359.6,2544.4,9088.4,13021.4,20231.2,45145.2,205926.5,188402.7,26285,36078.2,19386.4,13021.4,2363.6,408349.8,13021.4,20231.2,13021.4,169354.8
16,0.002483,0.002482,0.002481,0.00248,0.002479,0.002477,0.002476,0.002475,0.002474,0.002473,0.002486,0.002487,0.002488,0.002489,0.002491,0.002492,0.002495,0.002496,0.002497,0.002498,25068,28861.5,22109.8,83435.5,20231.2,45145.2,205493.1,205521.1,12863.7,36231.4,26295.7,26290.3,19397,19391.7,2363.6,13021.4,215168.4,192499.7,13021.4,20231.2
17,0.002486,0.002485,0.002481,0.00248,0.002479,0.002478,0.002477,0.002476,0.002475,0.002474,0.002489,0.002491,0.002492,0.002495,0.002496,0.002497,0.002498,0.002499,0.0025,0.002501,13021.4,26301,15385,230084.3,491285.7,22070,45145.2,13021.4,411045.4,12863.7,22987.7,13021.4,9112.4,13021.4,91855.5,207159.2,13021.4,35464.3,13021.4,182922
18,0.002485,0.002484,0.002481,0.00248,0.002479,0.002478,0.002477,0.002476,0.002475,0.002474,0.002488,0.002489,0.002491,0.002492,0.002495,0.002496,0.002497,0.002498,0.002499,0.0025,4883.4,13285,15385,230084.3,491285.7,393369.6,140351,389172.3,13021.4,12863.7,6133.4,39438.1,13021.4,9112.4,13021.4,91855.5,377119.3,13021.4,35464.3,13021.4
19,0.002484,0.002481,0.00248,0.002479,0.002478,0.002477,0.002476,0.002475,0.002474,0.002473,0.002487,0.002488,0.002489,0.002491,0.002492,0.002495,0.002496,0.002497,0.002498,0.002499,19976.7,15385,230084.3,491285.7,393369.6,140351,189826.4,13021.4,12863.7,36231.4,13021.4,19397,52696.4,13021.4,9112.4,13021.4,91855.5,189659.5,13021.4,35464.3
20,0.002485,0.002484,0.002483,0.002482,0.002481,0.00248,0.002479,0.002478,0.002477,0.002476,0.002487,0.002488,0.002489,0.002491,0.002492,0.002495,0.002496,0.002497,0.002498,0.002499,17237.1,29241.6,13021.4,15059.2,15385,230084.3,491285.7,393369.6,326314.1,377406.1,13021.4,25530.4,52696.4,13021.4,22133.8,198984.5,91855.5,189659.5,13021.4,35464.3
21,0.002486,0.002485,0.002484,0.002483,0.002482,0.002481,0.00248,0.002479,0.002478,0.002477,0.002488,0.002489,0.002491,0.002492,0.002495,0.002496,0.002498,0.002499,0.0025,0.002501,21078.6,26301,26306.4,22966.2,38849.1,13021.4,150052.2,500432.5,384321,140351,11754.4,28643.3,22247.4,13021.4,196485.3,279304.2,13021.4,35464.3,13021.4,182922
22,0.002494,0.002493,0.002492,0.00249,0.002489,0.002488,0.002487,0.002486,0.002485,0.002484,0.002498,0.002499,0.002501,0.002502,0.002503,0.002504,0.002505,0.002506,0.002508,0.002509,13021.4,14830.4,26263.7,13021.4,27681.8,13021.4,128636.8,365609.7,189097.1,26306.4,6133.4,66442.1,13021.4,15385,15121.4,22059,192971,13021.4,194204.2,169354.8
23,0.002495,0.002494,0.002493,0.002492,0.002491,0.00249,0.002489,0.002487,0.002486,0.002485,0.002498,0.002499,0.0025,0.002501,0.002502,0.002503,0.002504,0.002505,0.002508,0.002509,13226.4,22201.8,14830.4,26263.7,9023.8,13021.4,20231.2,6233.4,1016.3,178834.7,13021.4,55594.2,13200,13021.4,15385,15121.4,22059,192971,13021.4,169354.8
24,0.002492,0.00249,0.002489,0.002485,0.002484,0.002483,0.002482,0.002478,0.002477,0.002475,0.002495,0.002496,0.002497,0.002498,0.002499,0.002501,0.002502,0.002503,0.002504,0.002505,15605.9,13021.4,29472.1,13021.4,177590.3,1198273.1,36027,13021.4,45145.2,13021.4,6133.4,26242.5,26237.2,26231.9,37074.5,15385,13021.4,179690.3,13021.4,183704.3
25,0.002497,0.002496,0.002495,0.002494,0.002493,0.002492,0.002491,0.00249,0.002489,0.002485,0.002499,0.0025,0.002502,0.002503,0.002504,0.002505,0.002509,0.00251,0.002511,0.002512,13021.4,25887.6,19756.5,13021.4,46093.2,13021.4,9169.5,13021.4,20231.2,13021.4,31022.7,26221.4,15385,15121.4,190026.4,183704.3,169354.8,62456,182922,35856.7
26,0.002493,0.002492,0.00249,0.002489,0.002487,0.002486,0.002485,0.002484,0.002483,0.002482,0.002495,0.002496,0.002497,0.002498,0.002499,0.0025,0.002501,0.002502,0.002503,0.002504,46093.2,13021.4,22224.6,20231.2,295715.9,344467.4,13021.4,177590.3,917618.4,36027,6526.1,26242.5,36514.3,26231.9,13021.4,13021.4,2363.6,13021.4,24117.2,13021.4
27,0.002493,0.002492,0.00249,0.002489,0.002487,0.002486,0.002485,0.002484,0.002483,0.002482,0.002494,0.002496,0.002497,0.002498,0.0025,0.002501,0.002502,0.002503,0.002508,0.002509,33334.9,13021.4,22224.6,20231.2,186779.5,13021.4,172736.3,13021.4,917618.4,36027,554.6,13021.4,19349.2,26231.9,13021.4,2363.6,13021.4,24117.2,173758.1,13021.4
28,0.002495,0.002494,0.002493,0.002492,0.00249,0.002489,0.002487,0.002485,0.002484,0.002483,0.002497,0.002498,0.002499,0.0025,0.002501,0.002502,0.002503,0.002505,0.002508,0.002509,15089,19465.1,23201.2,13021.4,22224.6,20231.2,185784.5,174884.9,13021.4,1476157.6,15420.9,13021.4,18194.8,13021.4,2363.6,13021.4,24117.2,360811.3,13021.4,169354.8
29,0.002497,0.002495,0.002494,0.002493,0.002492,0.00249,0.002489,0.002488,0.002487,0.002486,0.002498,0.002499,0.0025,0.002501,0.002502,0.002503,0.002504,0.002505,0.002508,0.002509,754.6,15383.6,19465.1,23201.2,13021.4,22224.6,20231.2,31011.5,13021.4,184270.1,24206.2,31400,13021.4,2363.6,13021.4,24117.2,184542.9,187906.3,13021.4,169354.8
30,0.002496,0.002495,0.002494,0.002493,0.002492,0.00249,0.002489,0.002488,0.002487,0.002484,0.002498,0.002499,0.0025,0.002501,0.002502,0.002503,0.002505,0.002508,0.002509,0.00251,6233.4,25575.7,19465.1,9964.2,13021.4,22224.6,20231.2,44032.9,347539.2,13021.4,23451.6,31400,13021.4,2363.6,13021.4,24117.2,348135.3,13021.4,169354.8,62456
31,0.002496,0.002495,0.002494,0.002493,0.002492,0.00249,0.002489,0.002488,0.002487,0.002484,0.002498,0.002499,0.0025,0.002501,0.002502,0.002503,0.002506,0.002507,0.002508,0.002509,13021.4,15264.6,19465.1,9964.2,13021.4,22224.6,20231.2,44032.9,338627.5,13021.4,16563.6,28205,13021.4,2363.6,13021.4,24117.2,181063.6,169759.9,13021.4,169354.8
32,0.002492,0.002491,0.00249,0.002489,0.002488,0.002487,0.002484,0.002483,0.002482,0.002475,0.002493,0.002495,0.002496,0.002497,0.002499,0.0025,0.002502,0.002503,0.002506,0.002507,74815.6,15611.2,13021.4,20231.2,262883.9,503000.1,13021.4,1446317.6,36027,13021.4,1504.1,19359.8,26242.5,6133.4,2363.6,13021.4,53117.6,64181.3,181063.6,182781.3
33,0.002494,0.002493,0.002492,0.002491,0.00249,0.002489,0.002488,0.002487,0.002486,0.002485,0.002496,0.002497,0.0025,0.002502,0.002503,0.002505,0.002509,0.00251,0.002511,0.002512,6233.4,24202,62681.6,13247.6,13021.4,29369.7,84129.1,172571,13021.4,172895,19354.5,6133.4,15385,62163.9,55185.5,358572.4,13021.4,169354.8,182922,35856.7
34,0.002489,0.002488,0.002487,0.002486,0.002484,0.002483,0.002482,0.002481,0.00248,0.002478,0.002491,0.002492,0.002493,0.002494,0.002495,0.002496,0.002497,0.002499,0.0025,0.002502,13907.2,42015.5,43313.6,13021.4,183028,601912.6,15385,170387.1,9017.6,13021.4,6133.4,15385,13021.4,28479.7,26247.8,427439.5,6133.4,53133.7,182922,13021.4
35,0.002485,0.002483,0.002482,0.002481,0.00248,0.002479,0.002478,0.002477,0.002476,0.002475,0.002487,0.002488,0.002489,0.00249,0.002491,0.002492,0.002493,0.002494,0.002495,0.002497,22029.5,212507.9,13021.4,130274.8,15385,53182,22256.5,199583.4,557288,13021.4,26290.3,13263.6,13021.4,15385,13021.4,22039.9,13021.4,46294,53182,6133.4
36,0.002488,0.002487,0.002485,0.002483,0.002482,0.002481,0.00248,0.002479,0.002478,0.002477,0.002489,0.00249,0.002493,0.002494,0.002495,0.002498,0.002499,0.0025,0.002502,0.002503,26285,26290.3,2666.1,214871.5,13021.4,170459.6,22188,242786.9,195942.9,199583.4,3159.9,2363.6,13021.4,15201.4,53182,13021.4,199743.2,182922,13021.4,38027.5
37,0.002486,0.002485,0.002484,0.002483,0.002482,0.002481,0.00248,0.002479,0.002476,0.002475,0.002488,0.002489,0.00249,0.002491,0.002493,0.002494,0.002499,0.0025,0.002502,0.002503,13021.4,26301,26306.4,212507.9,15385,130274.8,22188,53182,184082.8,13021.4,19397,19391.7,21750,26269,22101.7,46334.4,13021.4,367004.8,13021.4,38027.5
38,0.002487,0.002484,0.002483,0.002482,0.002481,0.00248,0.002479,0.002477,0.002475,0.002474,0.002489,0.00249,0.002491,0.002493,0.002494,0.002496,0.002497,0.002498,0.002499,0.0025,13268.9,6233.4,212507.9,15385,170491.9,22188,53182,635836.9,13021.4,12863.7,13021.4,17829.5,28632.6,22101.7,6133.4,53238.5,13021.4,393766,13021.4,182922
39,0.002489,0.002488,0.002484,0.002483,0.002482,0.002481,0.00248,0.002479,0.002477,0.002475,0.00249,0.002491,0.002493,0.002494,0.002496,0.002498,0.002499,0.0025,0.002502,0.002503,3549,13263.6,6233.4,212507.9,15385,170491.9,22188,53182,635974.5,13021.4,17074.9,28632.6,22101.7,6133.4,53238.5,190841.4,13021.4,182922,13021.4,38027.5
40,0.002484,0.002483,0.002482,0.002481,0.00248,0.002479,0.002478,0.002477,0.002475,0.002474,0.002487,0.002488,0.002489,0.00249,0.002491,0.002493,0.002494,0.002496,0.002498,0.002499,6233.4,225798.2,15385,130274.8,22188,53182,196016,810232,13021.4,12863.7,26290.3,13021.4,19391.7,19438.5,26269,22101.7,6133.4,53238.5,366848.6,13021.4
41,0.002482,0.002481,0.00248,0.002479,0.002478,0.002477,0.002476,0.002475,0.002474,0.002473,0.002484,0.002486,0.002487,0.002489,0.00249,0.002493,0.002494,0.002496,0.002497,0.002498,33542.2,13301,13021.4,15385,53311.4,255077.3,29345,521348.4,174545.1,915295.4,25551.8,26295.7,15385,6133.4,26180.8,40265.7,6133.4,53238.5,359597.3,13021.4
42,0.002475,0.002474,0.002473,0.002472,0.00247,0.002469,0.002468,0.002466,0.002465,0.002464,0.002477,0.002478,0.002479,0.00248,0.002481,0.002483,0.002484,0.002485,0.002486,0.002487,13021.4,12863.7,36231.4,13021.4,2363.6,53303.3,22049.7,53303.3,175293.2,378281,13021.4,15385,13872.7,13021.4,11961.7,13021.4,59700.3,66582.9,26295.7,193972
43,0.002478,0.002477,0.002476,0.002475,0.002474,0.002472,0.00247,0.002469,0.002468,0.002467,0.002479,0.00248,0.002483,0.002484,0.002485,0.002486,0.002487,0.002488,0.002489,0.00249,4524.4,26343.9,26349.3,6233.4,12863.7,13021.4,2363.6,53303.3,22246.7,319863.7,26894.1,15385,22224.2,46415.3,53303.3,345324.6,13021.4,13021.4,162466.8,186975.5
44,0.002475,0.002474,0.002472,0.002471,0.002469,0.002468,0.002467,0.002466,0.002465,0.002464,0.002476,0.002478,0.002479,0.00248,0.002481,0.002482,0.002484,0.002485,0.002486,0.002487,25800.1,26202.4,13021.4,2363.6,53303.3,22246.7,117188.5,218324.9,184112.4,185542.4,554.6,19450.5,19445.2,28691.4,26322.4,22163.5,6133.4,53303.3,184112.4,179961.2
45,0.002476,0.002475,0.002474,0.002472,0.002471,0.002469,0.002468,0.002467,0.002466,0.002464,0.002479,0.00248,0.002481,0.002482,0.002484,0.002485,0.002486,0.002487,0.002488,0.002489,25794.7,13021.4,19651.7,13021.4,2363.6,69698.9,364070.7,117188.5,53303.3,13021.4,26333.2,28691.4,26322.4,9210.7,6133.4,53303.3,13021.4,319621,13021.4,360551.5
46,0.002472,0.00247,0.002469,0.002468,0.002467,0.002466,0.002465,0.002464,0.002462,0.00246,0.002475,0.002476,0.002477,0.002478,0.002479,0.00248,0.002481,0.002482,0.002483,0.002484,13021.4,2363.6,60643.4,220555.3,465529.9,352118.4,169533.2,13021.4,326594.5,875145,19466.7,26349.3,6133.4,27947.5,19445.2,26327.8,21990.4,13021.4,40412.2,6133.4
47,0.002472,0.002471,0.00247,0.002469,0.002468,0.002467,0.002466,0.002465,0.002464,0.002463,0.002475,0.002476,0.002477,0.002478,0.002479,0.00248,0.002481,0.002482,0.002483,0.002484,19582.9,13021.4,15385,20231.2,53433.6,126418.5,179652.7,509538.8,13021.4,854802,6445.3,26349.3,6133.4,27947.5,19445.2,13021.4,21990.4,13021.4,40412.2,6133.4
48,0.002474,0.002473,0.002471,0.00247,0.002469,0.002468,0.002467,0.002466,0.002465,0.002464,0.002477,0.002478,0.002479,0.00248,0.002481,0.002482,0.002483,0.002484,0.002485,0.002486,19572.1,19577.5,13021.4,15385,20231.2,762639.3,498802.5,13021.4,168783.7,13021.4,25890.4,27947.5,19445.2,13021.4,21990.4,13021.4,40412.2,6133.4,53303.3,13021.4
49,0.002476,0.002475,0.002474,0.002472,0.002471,0.00247,0.002469,0.002468,0.002467,0.002465,0.002479,0.002482,0.002483,0.002484,0.002485,0.002486,0.002487,0.002488,0.002489,0.00249,26349.3,13021.4,26360.1,13021.4,15385,13021.4,69720.6,762663.8,489572.5,346053.9,28696.8,13021.4,22098.6,46545.6,13021.4,186955.9,36911.6,13021.4,28741.4,186975.5
50,0.002475,0.002474,0.002472,0.002471,0.00247,0.002469,0.002468,0.002467,0.002466,0.002465,0.002476,0.002478,0.002479,0.002481,0.002483,0.002484,0.002485,0.002486,0.002487,0.002488,15269.4,26360.1,13021.4,15385,13021.4,70340.3,771746.3,489572.5,13021.4,314293.4,554.6,19450.5,28696.8,9082.5,13021.4,46545.6,166150.4,578054.8,36911.6,13021.4
51,0.002472,0.002471,0.00247,0.002469,0.002468,0.002467,0.002466,0.002465,0.002464,0.002462,0.002473,0.002476,0.002477,0.002478,0.002479,0.002481,0.002482,0.002483,0.002484,0.002485,26370.9,13021.4,15385,29928.1,800399.4,498738.6,168652.8,463858,13021.4,326594.5,554.6,25594.7,25589.3,21814.1,26333.2,22103.9,40412.2,13021.4,202177,159896.3
52,0.002475,0.002474,0.002473,0.002471,0.00247,0.002469,0.002468,0.002467,0.002466,0.002465,0.002477,0.002478,0.002479,0.002481,0.002483,0.002484,0.002485,0.002486,0.002487,0.002488,6233.4,19041.5,19577.5,13021.4,15385,29928.1,759962.7,498738.6,168640.5,321082,5679.9,21814.1,26333.2,22103.9,13021.4,161120.9,160626.1,13021.4,36911.6,13021.4
53,0.002476,0.002475,0.002474,0.002471,0.00247,0.002469,0.002468,0.002467,0.002466,0.002465,0.002478,0.002479,0.00248,0.002481,0.002483,0.002484,0.002485,0.002486,0.002487,0.002488,32582.7,26354.7,26360.1,13021.4,15385,27319,695955.1,489572.5,168640.5,633148.9,13021.4,28696.8,13021.4,22103.9,13021.4,161120.9,327210.4,13021.4,36911.6,13021.4
54,0.002489,0.002488,0.002487,0.002486,0.002485,0.002484,0.002482,0.00248,0.002479,0.002477,0.00249,0.002492,0.002495,0.002497,0.002498,0.002499,0.002501,0.002502,0.002503,0.002507,13258.3,13021.4,26290.3,26295.7,21876.6,26306.4,22166.9,13021.4,20231.2,6233.4,45762.4,13021.4,2363.6,22166.9,169354.8,182922,13021.4,85140.2,15121.4,13021.4
55,0.002495,0.002494,0.002492,0.002491,0.002489,0.002485,0.002483,0.002482,0.002481,0.002477,0.002497,0.002498,0.002499,0.0025,0.002501,0.002502,0.002503,0.002506,0.002507,0.002513,6233.4,2363.6,13021.4,16039.1,20231.2,13021.4,179806.8,1096674,203430.6,13021.4,7287.3,13210.5,26226.6,13021.4,1273723.3,42802.3,15121.4,15385,52254.9,13021.4
56,0.002494,0.002493,0.002492,0.002491,0.002488,0.002487,0.002485,0.002478,0.002477,0.002476,0.002495,0.002498,0.002499,0.0025,0.002501,0.002502,0.002503,0.002504,0.002506,0.002507,26253.1,19470.4,20043.8,13021.4,2363.6,13021.4,22244.2,13021.4,22761.3,13021.4,23804.3,15569.4,30378.6,28005.9,1273723.3,55823.7,15121.4,8766,13021.4,52254.9
57,0.002495,0.002494,0.002493,0.002492,0.002491,0.00249,0.002488,0.002484,0.002481,0.00248,0.002499,0.0025,0.002501,0.002502,0.002503,0.002506,0.002507,0.00251,0.002513,0.002515,13021.4,15123.1,13237,13021.4,9388.8,13021.4,22178.9,13021.4,174748.7,13021.4,11470.3,7209.8,1273723.3,58187.3,23722.5,13021.4,52254.9,21342.6,13021.4,4345.2
58,0.002495,0.002492,0.002491,0.00249,0.002488,0.002485,0.002484,0.002482,0.002481,0.00248,0.002497,0.002498,0.002499,0.0025,0.002501,0.002502,0.002503,0.002506,0.002507,0.00251,2705,6233.4,9388.8,13021.4,22178.9,339444.3,13021.4,299999.9,167384,13021.4,4183,16191,13021.4,22594.8,1273723.3,55823.7,23722.5,13021.4,52254.9,21342.6
59,0.002494,0.002493,0.002492,0.00249,0.002488,0.002486,0.002485,0.002484,0.002482,0.00248,0.002498,0.002499,0.0025,0.002501,0.002502,0.002503,0.002506,0.002507,0.002513,0.002518,6233.4,13237,10347.5,13021.4,22178.9,20035.4,168480.6,13021.4,468790.6,13021.4,20497.8,26226.6,20231.2,1273723.3,55823.7,23437.9,13021.4,73645.7,13021.4,54001.3
60,0.002493,0.002492,0.002491,0.00249,0.002488,0.002485,0.002484,0.002482,0.00248,0.002479,0.002498,0.002499,0.0025,0.002501,0.002502,0.002503,0.002506,0.002507,0.002513,0.002515,6233.4,10347.5,13247.6,13021.4,22178.9,159032,13021.4,468790.6,13021.4,20231.2,36891.6,26226.6,30419.3,1286918,55823.7,23437.9,13021.4,34412.2,13021.4,28121.1
61,0.002495,0.002494,0.002493,0.002492,0.002491,0.00249,0.002489,0.002488,0.002484,0.002483,0.0025,0.002501,0.002502,0.002503,0.002513,0.002515,0.002518,0.002519,0.00252,0.002521,7414.8,13021.4,34475.8,37539.8,13021.4,13021.4,13021.4,13021.4,13021.4,168547.5,7209.8,1246171.3,13021.4,15121.4,13021.4,13021.4,55276.5,26699.5,427687.7,13021.4
62,0.002498,0.002497,0.002496,0.002494,0.002493,0.002492,0.002491,0.002489,0.002488,0.002484,0.002501,0.002503,0.002507,0.002513,0.002515,0.002518,0.002519,0.00252,0.002524,0.002525,13021.4,26237.2,2363.6,6233.4,34475.8,402684,369153.4,13021.4,13021.4,13021.4,1246171.3,15121.4,21700.2,34718.5,28121.1,13021.4,26699.5,427687.7,13021.4,219007.5
63,0.002487,0.002485,0.002484,0.002483,0.002482,0.002481,0.002479,0.002475,0.002473,0.002472,0.002493,0.002494,0.002496,0.002497,0.002498,0.002499,0.0025,0.002501,0.002503,0.002504,15385,13021.4,76571.9,13021.4,299999.9,13021.4,353212.1,35849.8,170935.2,859984,6788,15035.4,13021.4,15385,13021.4,29288.8,19333.4,1232395.3,15121.4,13021.4
64,0.002495,0.002494,0.002491,0.002487,0.002484,0.002483,0.002482,0.002481,0.002479,0.002476,0.0025,0.002501,0.002502,0.002503,0.002505,0.002507,0.002508,0.002518,0.002519,0.00252,6233.4,19465.1,2363.6,22248.6,20029.8,190456.5,299999.9,13021.4,191381.3,13021.4,321.8,1245590,2363.6,15121.4,13021.4,45035.8,33231.5,41966.6,13678.1,427687.7
65,0.002486,0.002485,0.002484,0.002483,0.002481,0.00248,0.002479,0.002478,0.002477,0.002476,0.00249,0.002491,0.002492,0.002494,0.002495,0.002496,0.002497,0.002498,0.0025,0.002501,13021.4,13279.6,13021.4,13290.3,2363.6,4769.4,7059.2,13021.4,36646.9,13021.4,13021.4,53947,22084.4,13021.4,25333.4,32069.2,13021.4,13021.4,22718.2,1250921.9
66,0.002494,0.002491,0.00249,0.002489,0.002488,0.002486,0.002485,0.002484,0.002483,0.00248,0.0025,0.002501,0.002502,0.002503,0.00251,0.002517,0.002519,0.002522,0.002523,0.002524,19465.1,7014,13021.4,21855.3,13021.4,333297.7,176604.5,13021.4,26311.7,207392.6,321.8,1234758.9,35288,2100,22222.8,427687.7,13678.1,35144.8,15099.7,76310.4
67,0.002493,0.002492,0.00249,0.002489,0.002488,0.002486,0.002485,0.002484,0.002483,0.002481,0.0025,0.002501,0.002502,0.002503,0.00251,0.002516,0.002517,0.002519,0.002522,0.002524,20041,19475.7,13021.4,21855.3,13021.4,179872.2,336586.5,13021.4,26311.7,162916,9573.4,1223144.1,22098.6,2100,22222.8,15099.7,427687.7,13678.1,35144.8,76310.4
68,0.002492,0.002491,0.00249,0.002489,0.002488,0.002486,0.002485,0.002484,0.002483,0.002481,0.002493,0.0025,0.002501,0.002502,0.002503,0.00251,0.002516,0.002517,0.002522,0.002524,19475.7,2363.6,13021.4,19491.7,22097.1,13021.4,21081.7,173269.5,26311.7,175937.4,554.6,7209.8,1225507.7,22098.6,2100,22222.8,28777.8,427687.7,35144.8,76310.4
69,0.002493,0.002492,0.002491,0.00249,0.002489,0.002488,0.002486,0.002485,0.002484,0.002483,0.002499,0.0025,0.002501,0.002502,0.002503,0.00251,0.002516,0.002522,0.002524,0.002526,20041,12687.7,2363.6,13021.4,19491.7,22097.1,13021.4,21081.7,173269.5,26311.7,7430,7209.8,1225507.7,22098.6,2100,22222.8,28777.8,35144.8,503998.1,49122
70,0.002492,0.002491,0.00249,0.002489,0.002488,0.002486,0.002485,0.002484,0.002483,0.002479,0.002496,0.002497,0.002498,0.002499,0.0025,0.002501,0.002502,0.002503,0.002508,0.00251,26666.1,15385,13021.4,19491.7,22097.1,397303.7,21081.7,413956.2,26311.7,13021.4,172035.8,20454.4,13021.4,9573.4,13021.4,4157337.6,22098.6,2100,20623.5,13021.4
71,0.002494,0.002493,0.002492,0.002491,0.00249,0.002489,0.002487,0.002486,0.002485,0.002484,0.0025,0.002501,0.002503,0.002509,0.002516,0.002517,0.002523,0.002524,0.002526,0.002527,19465.1,13253,13021.4,2363.6,6233.4,28657,13021.4,397303.7,236964.6,210347.5,7209.8,4172895.9,2100,20629.9,15099.7,39106.6,13678.1,427687.7,49122,303133
72,0.002493,0.002492,0.002491,0.00249,0.002489,0.002487,0.002486,0.002485,0.002479,0.002478,0.0025,0.002501,0.002503,0.002509,0.002516,0.002517,0.002523,0.002524,0.002526,0.002527,25703.8,13021.4,2363.6,6233.4,28657,13021.4,814100.4,21081.7,13021.4,35951.9,321.8,4172895.9,2100,20629.9,15099.7,39106.6,13678.1,427687.7,49122,303133
73,0.002492,0.002491,0.00249,0.002489,0.002487,0.002486,0.002485,0.002481,0.002479,0.002478,0.002494,0.002499,0.0025,0.002501,0.002502,0.002503,0.002507,0.002508,0.002509,0.002516,6233.4,13247.6,8597,19491.7,428240.7,434212.8,239344,189061.7,13021.4,35951.9,104857.5,15385,20231.2,4170532.3,21167.5,2100,33476.5,216425.6,13021.4,15099.7
74,0.002498,0.002497,0.002496,0.002495,0.002494,0.002493,0.002492,0.002491,0.00249,0.002489,0.002502,0.002503,0.002504,0.002505,0.002506,0.002508,0.002509,0.002512,0.002513,0.002514,13021.4,108669.6,487302.3,13021.4,190456.6,192820.2,567440.9,5942295.8,20231.2,15476.5,1073072.7,13021.4,28563.9,13021.4,26189.7,9209.1,13021.4,27060.6,36129,167148.2
75,0.002495,0.002494,0.002493,0.002492,0.002491,0.00249,0.002489,0.002488,0.002487,0.002485,0.002501,0.002503,0.002504,0.002505,0.002508,0.002514,0.002516,0.002517,0.002522,0.002523,13021.4,13231.7,6233.4,28627.3,13021.4,20231.2,108989.5,581358.1,327116.3,170172.6,1145530.6,15385,13021.4,22106.7,13021.4,35740.1,179427.9,190456.6,13021.4,75840.2
76,0.0025,0.002498,0.002497,0.002496,0.002495,0.002492,0.002491,0.00249,0.002487,0.002486,0.002501,0.002503,0.002504,0.002505,0.002507,0.002508,0.002513,0.002514,0.002522,0.002523,6888,26231.9,162105.9,512666.5,15385,13021.4,22058,20231.2,170046.2,786463,1129213.7,13021.4,13021.4,15385,9095.4,13021.4,357974.9,35740.1,13021.4,75840.2
77,0.002496,0.002495,0.002492,0.002491,0.00249,0.002487,0.002486,0.002484,0.002483,0.002482,0.002497,0.0025,0.002501,0.002503,0.002504,0.002505,0.002508,0.002513,0.002514,0.002522,26242.5,15385,13021.4,22058,20231.2,13021.4,786463,13021.4,22610.3,13021.4,554.6,6133.4,1122325.7,6459.5,13021.4,22237.9,13021.4,13021.4,35740.1,13021.4
78,0.002497,0.002496,0.002495,0.002494,0.002493,0.002492,0.00249,0.002488,0.002487,0.002486,0.002501,0.002503,0.002506,0.002508,0.002511,0.002512,0.002513,0.002522,0.002523,0.002524,6233.4,14830.4,26247.8,13021.4,20041,9161.7,11327.2,352191.5,13021.4,587898,1101661.7,13021.4,15385,21369.7,340174.5,13021.4,33626.4,13021.4,75840.2,455808.8
79,0.002497,0.002496,0.002495,0.002494,0.002493,0.002492,0.00249,0.002489,0.002487,0.002485,0.002501,0.002503,0.002506,0.002508,0.00251,0.002511,0.002512,0.002513,0.002522,0.002523,6233.4,14830.4,26247.8,13021.4,20041,9161.7,11327.2,413504.5,13021.4,490928.4,543942.8,13021.4,15385,21369.7,192577.5,179218.6,13021.4,33626.4,13021.4,75840.2
80,0.002497,0.002496,0.002495,0.002494,0.002493,0.002492,0.00249,0.002489,0.002487,0.002485,0.0025,0.002501,0.002503,0.002505,0.002506,0.002508,0.002509,0.00251,0.002511,0.002512,6233.4,10406,13226.4,13021.4,20041,9161.7,11327.2,422118.3,13021.4,469525.4,6133.4,537054.8,13021.4,2363.6,21551,13021.4,182608.8,18021.4,183992.8,13021.4
81,0.002497,0.002496,0.002495,0.002494,0.002493,0.002492,0.00249,0.002489,0.002488,0.002485,0.002501,0.002503,0.002505,0.002506,0.002508,0.002509,0.00251,0.002512,0.002513,0.002522,6233.4,10406,13226.4,13021.4,20041,9161.7,11327.2,245234,206185.2,13021.4,537054.8,13021.4,2363.6,21551,399766,192865.4,18021.4,13021.4,33626.4,13021.4
82,0.002497,0.002496,0.002495,0.002494,0.002493,0.002492,0.00249,0.002489,0.002488,0.002485,0.002501,0.002503,0.002505,0.002506,0.002507,0.002508,0.00251,0.002512,0.002513,0.002522,6233.4,10406,13226.4,13021.4,20041,9161.7,11327.2,52368.6,398625.4,13021.4,530166.8,13021.4,2363.6,21551,205941.7,205544.7,18021.4,13021.4,33626.4,13021.4
83,0.002497,0.002496,0.002495,0.002494,0.002493,0.002492,0.00249,0.002489,0.002485,0.002484,0.002499,0.0025,0.002501,0.002503,0.002505,0.002506,0.002508,0.002509,0.00251,0.002512,6233.4,10406,13226.4,13021.4,20041,22183.1,207700,248900.2,13021.4,243266.2,13021.4,19333.4,530166.8,13021.4,2363.6,21551,209964.5,196372.8,18021.4,13021.4
84,0.002496,0.002495,0.002494,0.002493,0.002492,0.00249,0.002489,0.002485,0.002484,0.002483,0.002497,0.0025,0.002501,0.002503,0.002505,0.002506,0.002507,0.002508,0.002509,0.00251,10406,13226.4,13021.4,20041,22183.1,11327.2,436499.6,13021.4,732737.2,13021.4,554.6,13021.4,543361.5,13021.4,2363.6,21551,192065.5,13021.4,192065.5,18021.4
85,0.002497,0.002496,0.002495,0.002494,0.002493,0.002492,0.00249,0.002489,0.002485,0.002484,0.002498,0.002501,0.002503,0.002505,0.002507,0.002508,0.00251,0.002512,0.002513,0.002522,28046.2,8042.4,26247.8,22147.5,20041,13021.4,266615.4,307282.1,13021.4,732737.2,554.6,523278.8,13021.4,2363.6,268309.6,782883.4,18021.4,13021.4,33626.4,13021.4
86,0.002498,0.002497,0.002496,0.002495,0.002494,0.002493,0.002492,0.00249,0.002489,0.002485,0.002501,0.002503,0.002505,0.002507,0.002508,0.00251,0.002512,0.002513,0.002522,0.002523,13021.4,28046.2,8042.4,26247.8,22147.5,20041,13021.4,266615.4,307282.1,13021.4,513991.8,13021.4,2363.6,276907.2,774183.1,18021.4,13021.4,33626.4,13021.4,75840.2
87,0.0025,0.002498,0.002497,0.002496,0.002495,0.002494,0.002493,0.002492,0.00249,0.002489,0.002501,0.002502,0.002503,0.002505,0.002507,0.002508,0.00251,0.002512,0.002513,0.002522,1457.7,13021.4,26237.2,10406,13021.4,22147.5,20041,13021.4,266615.4,273231.2,497131.8,500000,13021.4,2363.6,276907.2,265956.2,18021.4,13021.4,33626.4,13021.4
88,0.0025,0.002499,0.002498,0.002497,0.002496,0.002494,0.002493,0.002492,0.002491,0.00249,0.002501,0.002502,0.002503,0.002505,0.002507,0.002508,0.002509,0.00251,0.002512,0.002513,13021.4,26226.6,10619.5,26237.2,10406,13021.4,20041,21991.7,213343.8,208798.8,476385.2,500000,13021.4,2363.6,221941.4,13021.4,197471.6,18021.4,13021.4,33626.4
89,0.002498,0.002497,0.002496,0.002494,0.002493,0.002492,0.002491,0.00249,0.002485,0.002484,0.002501,0.002502,0.002503,0.002505,0.002507,0.002508,0.002509,0.00251,0.002512,0.002513,13021.4,26237.2,10406,13021.4,20041,21991.7,213343.8,208798.8,13021.4,243266.2,451870.6,500000,13021.4,2363.6,221941.4,13021.4,197471.6,18021.4,13021.4,20605
90,0.002497,0.002496,0.002495,0.002494,0.002493,0.002491,0.00249,0.002487,0.002486,0.002485,0.0025,0.002501,0.002502,0.002503,0.002504,0.002505,0.002508,0.002509,0.00251,0.002513,6233.4,7005.6,26247.8,6233.4,15385,13021.4,20359.4,201103.9,193688.1,13021.4,13021.4,26216.1,15385,3005580.6,26200.3,22053.6,13021.4,189419.3,573269.8,7209.8
91,0.002497,0.002496,0.002495,0.002493,0.002491,0.00249,0.002489,0.002487,0.002485,0.002484,0.002501,0.002502,0.002503,0.002504,0.002505,0.002508,0.002509,0.00251,0.002511,0.002513,6233.4,7005.6,13021.4,2363.6,13021.4,20460.9,365506.7,13021.4,13021.4,243266.2,2200405.4,13021.4,2363.6,13021.4,22191.8,13021.4,202440.7,209188.1,338566.5,7209.8
92,0.002496,0.002495,0.002494,0.002493,0.002491,0.00249,0.002489,0.002487,0.002486,0.002485,0.002501,0.002502,0.002503,0.002504,0.002505,0.002509,0.00251,0.002513,0.002514,0.002523,13021.4,20035.4,6233.4,2363.6,13021.4,20460.9,13021.4,13021.4,675572,13021.4,2171744.4,13021.4,2363.6,13021.4,22191.8,13021.4,18021.4,7209.8,22733,13678.1
93,0.002494,0.002492,0.002491,0.00249,0.002489,0.002488,0.002487,0.002486,0.002485,0.002484,0.002495,0.0025,0.002501,0.002502,0.002503,0.002504,0.002505,0.002509,0.00251,0.002513,8597,8995.6,13021.4,11327.2,153297.2,469935.7,13021.4,675572,13021.4,243266.2,403.6,13021.4,2151080.4,13021.4,2363.6,13021.4,22191.8,13021.4,483013.1,7209.8
94,0.002499,0.002498,0.002497,0.002496,0.002494,0.002492,0.002491,0.00249,0.002489,0.002488,0.002501,0.002504,0.002505,0.002507,0.002509,0.00251,0.002513,0.002514,0.002523,0.002524,62466.8,56233.4,63021.4,65385,6233.4,8995.6,13021.4,11327.2,13021.4,252773.1,1709788.2,15385,13021.4,9122.7,13021.4,483013.1,7209.8,35754.4,26699.5,455808.8
95,0.0025,0.002499,0.002498,0.002497,0.002496,0.002494,0.002493,0.002491,0.00249,0.002489,0.002501,0.002504,0.002505,0.002507,0.002509,0.00251,0.002513,0.002514,0.002523,0.002524,13021.4,35314.8,56233.4,63021.4,65385,6233.4,9057,13021.4,11327.2,59620.4,1682236.2,15385,13021.4,22144.1,344892.3,292908.5,7209.8,35754.4,26699.5,455808.8
96,0.0025,0.002499,0.002498,0.002497,0.002496,0.002495,0.002491,0.00249,0.002489,0.002488,0.002502,0.002503,0.002505,0.002507,0.002508,0.002509,0.00251,0.002513,0.002514,0.002523,13021.4,28526.8,8597,13215.8,13021.4,9030,13021.4,11327.2,623735.7,13021.4,6133.4,19317.5,13021.4,2363.6,13021.4,585660.6,18021.4,7209.8,35754.4,26699.5
97,0.002498,0.002496,0.002493,0.002491,0.00249,0.002489,0.002488,0.002487,0.002486,0.002485,0.0025,0.002501,0.002502,0.002503,0.002505,0.002507,0.002508,0.002509,0.00251,0.002512,6233.4,15385,9004.4,13021.4,50702.5,59620.4,13021.4,170046.2,769988,13021.4,6133.4,13194.7,6133.4,19317.5,15385,9038.8,13021.4,13021.4,18021.4,13021.4
98,0.002496,0.002494,0.002493,0.002491,0.00249,0.002489,0.002488,0.002487,0.002485,0.002484,0.002498,0.002499,0.0025,0.002501,0.002502,0.002503,0.002505,0.002507,0.002509,0.00251,8597,26253.1,9004.4,395094.1,884579.3,554475.7,1060490,13021.4,13021.4,181069.1,13021.4,19338.6,13021.4,26216.1,6133.4,19317.5,15385,9038.8,260534.5,266974.7
99,0.00252,0.002519,0.002518,0.002516,0.002515,0.002514,0.002513,0.002512,0.002511,0.002509,0.002522,0.002523,0.002524,0.002525,0.002526,0.002527,0.00253,0.002531,0.002532,0.002533,26116.6,13021.4,13105.6,13021.4,2363.6,13021.4,19985.1,22130.7,13021.4,318605.7,13021.4,26699.5,440709.1,13021.4,64488.2,255193.3,8815.3,46965.5,13021.4,13021.4
100,0.00252,0.002519,0.002518,0.002517,0.002514,0.002513,0.002511,0.002509,0.002508,0.002507,0.002523,0.002524,0.002525,0.002526,0.002527,0.002528,0.002529,0.00253,0.002531,0.002533,6307.2,13021.4,26127,2363.6,22036,19985.1,13021.4,20231.2,3536.5,1346195.9,13021.4,15002.7,13021.4,62124.6,255193.3,2363.6,289683.3,459511.4,46965.5,13021.4
101,0.002508,0.002507,0.002505,0.002504,0.002502,0.002501,0.002497,0.002496,0.002493,0.002492,0.002513,0.002514,0.002515,0.002516,0.002518,0.002519,0.002521,0.002522,0.002523,0.002525,6233.4,6980.4,13021.4,2363.6,13021.4,8967.5,734474.4,180584.6,413323.3,36100.6,6133.4,15385,622821.5,413323.3,13021.4,20231.2,6133.4,19218.2,28849.1,13021.4
102,0.002505,0.002504,0.002503,0.0025,0.002498,0.002497,0.002496,0.002495,0.002494,0.002493,0.002511,0.002512,0.002513,0.002514,0.002515,0.002518,0.002519,0.00252,0.002521,0.002522,13021.4,108281.2,15385,22117.8,169354.8,734474.4,180584.6,338865.8,13021.4,413323.3,26163.5,6133.4,2363.6,13021.4,22117.8,13021.4,192189.6,167477.4,6133.4,19218.2
103,0.002505,0.002504,0.002503,0.0025,0.002499,0.002498,0.002497,0.002496,0.002493,0.002492,0.002506,0.002509,0.00251,0.002511,0.002512,0.002513,0.002514,0.002515,0.002518,0.002519,26195,101493.2,28569.1,378117.9,716150.3,13021.4,1358090.5,180584.6,13021.4,20231.2,2727.7,9210.8,13021.4,26163.5,6133.4,2363.6,13021.4,22117.8,13021.4,20231.2
104,0.002505,0.002504,0.002503,0.002502,0.002501,0.0025,0.002499,0.002498,0.002497,0.002496,0.002506,0.00251,0.002511,0.002512,0.002514,0.002515,0.002518,0.002519,0.002521,0.002522,25640.4,13021.4,28569.1,13021.4,120280,616002.5,350869.9,182276.6,1011041.4,180584.6,554.6,13021.4,19275.5,8497,13021.4,22117.8,13021.4,20231.2,6133.4,19218.2
105,0.002506,0.002505,0.002504,0.002503,0.002502,0.0025,0.002499,0.002498,0.002497,0.002496,0.00251,0.002511,0.002512,0.002514,0.002515,0.002518,0.002519,0.00252,0.002521,0.002522,6233.4,18852.4,15385,26205.5,22209.4,13021.4,13021.4,657258.3,1011041.4,180584.6,13021.4,18641.6,8497,13021.4,22117.8,13021.4,20231.2,179355.1,171507.3,19218.2
106,0.002505,0.002504,0.002503,0.002502,0.002501,0.002499,0.002498,0.002497,0.002496,0.002493,0.002506,0.00251,0.002511,0.002514,0.002515,0.002517,0.002518,0.002521,0.002522,0.002523,18852.4,15385,26205.5,13021.4,9086.8,64455.9,169354.8,1147391.3,180551.5,35772.4,554.6,6133.4,54028,13021.4,22121.8,185593.9,181207.8,6133.4,19218.2,28884.4
107,0.00251,0.002508,0.002507,0.002506,0.002505,0.002504,0.002503,0.002502,0.002501,0.002499,0.002511,0.002512,0.002514,0.002515,0.002517,0.002518,0.00252,0.002521,0.002522,0.002523,754.6,13021.4,19396.5,6233.4,18852.4,15385,26205.5,13021.4,9086.8,64455.9,51664.4,2363.6,13021.4,22121.8,186111.3,13021.4,172896.3,6133.4,19218.2,28884.4
108,0.002505,0.002504,0.002503,0.002502,0.002501,0.002499,0.002498,0.002497,0.002496,0.002493,0.002506,0.00251,0.002511,0.002512,0.002514,0.002515,0.002519,0.00252,0.002521,0.002522,18852.4,15385,26205.5,13021.4,9086.8,64455.9,722597,806491.4,180551.5,35772.4,554.6,6133.4,26163.5,2363.6,13021.4,22121.8,193338.4,179952.4,6133.4,19218.2
109,0.002513,0.002512,0.002511,0.00251,0.002509,0.002508,0.002507,0.002506,0.002505,0.002504,0.002517,0.002518,0.002519,0.00252,0.002523,0.002525,0.002528,0.002529,0.00253,0.002531,13021.4,60131.4,13021.4,22720.8,13021.4,343216.7,1551771.4,229090.4,18852.4,13021.4,6133.4,26127,13021.4,28480.2,15100.5,13021.4,229090.4,35944.2,233103.3,61978.3
110,0.002517,0.002514,0.002513,0.002511,0.00251,0.002509,0.002508,0.002507,0.002506,0.002505,0.002518,0.002519,0.00252,0.002522,0.002523,0.002525,0.002528,0.00253,0.002531,0.002532,754.6,6233.4,23706.5,13021.4,22720.8,22063.1,26179.2,335654,790470.4,279002.5,26127,13021.4,26116.6,2363.6,15100.5,13021.4,460710.5,13021.4,61978.3,35689.2
111,0.002519,0.002517,0.002516,0.002515,0.002514,0.002513,0.002511,0.00251,0.002508,0.002507,0.002521,0.002522,0.002523,0.002525,0.002526,0.00253,0.002531,0.002532,0.002534,0.002536,754.6,50491.5,13021.4,26142.6,15385,23706.5,13021.4,29380.6,13021.4,179881.9,13021.4,15448.4,6133.4,22088.9,662599.3,13021.4,61978.3,35689.2,13021.4,440709.1
112,0.002521,0.002519,0.002518,0.002517,0.002516,0.002515,0.002514,0.002513,0.002512,0.002511,0.002523,0.002525,0.002526,0.002527,0.002528,0.002529,0.00253,0.002531,0.002532,0.002534,754.6,26121.8,211351,664420.7,13021.4,26142.6,15385,13021.4,9243.2,13021.4,8497,22088.9,13021.4,485206.1,248802.1,236404,13021.4,61978.3,35689.2,13021.4
113,0.002517,0.002516,0.002515,0.002513,0.002511,0.00251,0.002508,0.002507,0.002506,0.002505,0.002519,0.002521,0.002522,0.002523,0.002524,0.002525,0.002527,0.002528,0.002529,0.00253,12681.1,13021.4,26142.6,15385,13021.4,29464.6,13021.4,944033.9,333493.8,13021.4,5045.4,6133.4,21581.8,2363.6,13021.4,35158.9,13021.4,569274.5,262369.7,13021.4
114,0.002517,0.002516,0.002515,0.002513,0.002511,0.00251,0.002508,0.002507,0.002506,0.002505,0.00252,0.002521,0.002522,0.002524,0.002525,0.002528,0.002529,0.00253,0.002531,0.002532,25702.5,6233.4,26142.6,15385,13021.4,22254.8,350056.3,457300.1,168855.7,775306,19228.6,8497,21581.8,13021.4,35158.9,13021.4,614452.1,13021.4,61978.3,36063
115,0.002521,0.002519,0.002518,0.002516,0.002515,0.002514,0.002513,0.002511,0.00251,0.002509,0.002522,0.002524,0.002525,0.002528,0.002529,0.00253,0.002531,0.002532,0.002535,0.002536,754.6,13021.4,19339,6233.4,26142.6,2363.6,13021.4,22215.2,13021.4,333895.1,23945.4,13021.4,35158.9,13021.4,346916.5,290595.9,61978.3,36063,13021.4,440709.1
116,0.002519,0.002518,0.002517,0.002516,0.002515,0.002513,0.00251,0.002509,0.002508,0.002507,0.002521,0.002523,0.002524,0.002525,0.002526,0.002529,0.00253,0.002531,0.002532,0.002535,26121.8,19339,9287.1,8597,26142.6,22183.5,572474.3,68565,168731.4,954211.9,13507.4,14425,15385,26090.7,9162.1,13021.4,577226.1,61978.3,36063,13021.4
117,0.002521,0.002519,0.002518,0.002516,0.002515,0.002513,0.002511,0.00251,0.002509,0.002508,0.002522,0.002523,0.002524,0.002525,0.002526,0.002529,0.00253,0.002531,0.002532,0.002535,754.6,5757.8,19339,8597,26142.6,22183.5,331176.1,267985.4,68565,168731.4,26106.2,14425,15385,26090.7,9162.1,331176.1,272985.4,61978.3,36063,13021.4
118,0.002519,0.002518,0.002517,0.002516,0.002515,0.002513,0.002511,0.00251,0.002509,0.002508,0.002521,0.002522,0.002523,0.002524,0.002525,0.002526,0.002529,0.00253,0.002531,0.002532,13021.4,25572.4,22397.9,8597,13021.4,22183.5,335247.7,271445.6,68565,168731.4,6133.4,26106.2,14425,15385,13021.4,9162.1,593671.9,18021.4,61978.3,36063
119,0.002519,0.002518,0.002517,0.002516,0.002515,0.002513,0.002511,0.00251,0.002509,0.002508,0.002521,0.002522,0.002523,0.002524,0.002525,0.002526,0.002529,0.00253,0.002531,0.002532,13021.4,18784.4,22397.9,6233.4,15385,22183.5,1156712.6,13021.4,68565,13021.4,19223.4,26106.2,14425,15385,13021.4,9162.1,333173.8,274277.7,61978.3,36063
120,0.002518,0.002517,0.002516,0.002515,0.002513,0.002511,0.00251,0.002509,0.002508,0.002507,0.00252,0.002521,0.002522,0.002523,0.002524,0.002525,0.002526,0.002529,0.00253,0.002531,18784.4,22397.9,6233.4,15385,22183.5,1190661.5,13021.4,168669.4,13021.4,1091028.9,13021.4,26111.4,26106.2,14425,15385,13021.4,9162.1,608337.2,18021.4,13021.4
121,0.002518,0.002517,0.002516,0.002515,0.002513,0.002512,0.002511,0.002508,0.002507,0.002504,0.002519,0.002521,0.002522,0.002523,0.002524,0.002525,0.002526,0.002529,0.00253,0.002531,18784.4,22397.9,6233.4,15385,22183.5,168483.5,1196712.4,13021.4,1091028.9,13021.4,554.6,18468.8,26106.2,14425,15385,13021.4,9162.1,610510.9,18021.4,13021.4
122,0.00252,0.002519,0.002518,0.002517,0.002516,0.002515,0.002513,0.002512,0.002511,0.002509,0.002522,0.002523,0.002525,0.002526,0.002528,0.002529,0.00253,0.002531,0.002532,0.002536,8811.1,19333.8,15731.9,13110.8,6233.4,15385,13021.4,22212.6,613506.9,13021.4,26106.2,16788.6,13021.4,9162.1,343625.1,552833.5,18021.4,13021.4,36063,13021.4
123,0.00252,0.002519,0.002518,0.002517,0.002516,0.002515,0.002513,0.002512,0.002509,0.002508,0.002522,0.002523,0.002524,0.002525,0.002526,0.002528,0.002529,0.00253,0.002531,0.002532,25562,25567.2,15731.9,13110.8,6233.4,15385,13021.4,342071.5,13021.4,968260.4,5442.2,14425,2363.6,13021.4,9162.1,332880.3,526702.8,18021.4,13021.4,36063
124,0.002523,0.002521,0.00252,0.002519,0.002518,0.002517,0.002515,0.002514,0.002512,0.002511,0.002524,0.002525,0.002527,0.002528,0.002529,0.00253,0.002532,0.002535,0.002536,0.002543,754.6,26111.4,25562,25567.2,2626.3,2363.6,13021.4,9210.3,13021.4,571329.4,100251.8,15385,9131.6,13021.4,578542.2,264781.5,13021.4,22998.2,13021.4,427687.7
125,0.002528,0.002527,0.002526,0.002525,0.002524,0.002521,0.00252,0.002518,0.002517,0.002516,0.00253,0.002531,0.002536,0.002539,0.00254,0.002541,0.002542,0.002543,0.002544,0.002546,24014.3,26080.3,26085.5,3870.1,22009.1,13021.4,503719.2,2626.3,733646,35569.6,13021.4,19171.7,13021.4,257370.6,254539.7,21635.8,13021.4,427687.7,13021.4,61809.5
126,0.00253,0.002528,0.002527,0.002526,0.002525,0.002524,0.002521,0.00252,0.002519,0.002518,0.002531,0.002532,0.002536,0.002537,0.002538,0.002539,0.002542,0.002543,0.002544,0.002546,754.6,23459.7,26080.3,26085.5,3870.1,22009.1,13021.4,20231.2,13021.4,408572,19171.7,13033.1,13021.4,15385,608935.5,21968.2,13021.4,427687.7,13021.4,61809.5
127,0.00252,0.002519,0.002518,0.002517,0.002516,0.002515,0.002514,0.002512,0.002509,0.002508,0.002521,0.002524,0.002525,0.002526,0.002527,0.002528,0.002529,0.00253,0.002532,0.002535,13021.4,26121.8,13021.4,6952.7,13021.4,80846.9,13021.4,8973.9,13021.4,263148.4,6788,13021.4,2363.6,13021.4,514547.5,523684,33279.8,25310.2,13021.4,35862.7
128,0.002518,0.002517,0.002516,0.002515,0.002514,0.002511,0.002508,0.002507,0.002506,0.002505,0.002524,0.002525,0.002527,0.002528,0.002529,0.00253,0.002531,0.002532,0.002534,0.002535,13021.4,19974.1,13021.4,80846.9,22232.7,52680.3,168731.4,166526,780778,202875.2,68947.8,2363.6,13021.4,22157.9,33279.8,25310.2,39627.5,13021.4,52664.6,35862.7
129,0.002518,0.002517,0.002516,0.002515,0.002514,0.002513,0.002512,0.002511,0.00251,0.002509,0.002522,0.002523,0.002524,0.002527,0.002528,0.002529,0.002531,0.002532,0.002533,0.002534,14972,37548.7,13021.4,120537.3,52711.8,345408.1,1181508.3,271784,13021.4,322365.2,26106.2,6133.4,27704.8,22169.7,13021.4,20231.2,13021.4,13021.4,317789.2,261398.9
130,0.002521,0.00252,0.002519,0.002518,0.002516,0.002515,0.002514,0.002513,0.00251,0.002509,0.002524,0.002526,0.002528,0.002529,0.002532,0.002533,0.002534,0.002535,0.002542,0.002543,19323.4,26116.6,26121.8,15385,13021.4,127409.8,52711.8,541644.4,13021.4,60927,40110.3,2363.6,13021.4,29467.3,13021.4,321559,272406.3,35862.7,28121.1,427687.7
131,0.002519,0.002518,0.002517,0.002516,0.002515,0.002514,0.002513,0.002512,0.00251,0.002509,0.002522,0.002523,0.002524,0.002527,0.002528,0.002529,0.002531,0.002532,0.002533,0.002534,26121.8,13021.4,2363.6,13021.4,78483.3,61830.7,13021.4,519263.9,13021.4,60927,13021.4,19213,17235.3,9092.3,13021.4,20231.2,284227.8,13021.4,321559,13021.4
132,0.00252,0.002518,0.002517,0.002516,0.002515,0.002514,0.002513,0.002512,0.002511,0.00251,0.002521,0.002522,0.002523,0.002524,0.002526,0.002528,0.002529,0.00253,0.002531,0.002534,1435.4,19339,26132.2,13021.4,80846.9,13021.4,154882.6,467087.9,775906.8,13021.4,26111.4,26106.2,13021.4,17235.3,9086.5,13021.4,20231.2,311625.8,272138.2,13021.4
133,0.002523,0.002522,0.002521,0.00252,0.002518,0.002517,0.002516,0.002515,0.002514,0.002513,0.002524,0.002525,0.002526,0.002528,0.002529,0.00253,0.002531,0.002534,0.002535,0.002542,13079.6,25551.6,22547.5,26116.6,6233.4,15385,13021.4,87503.6,13021.4,52727.5,32467.7,2363.6,13021.4,22223.8,20231.2,271927.6,559742.2,13021.4,35862.7,28121.1
134,0.002517,0.002516,0.002515,0.002514,0.002513,0.002512,0.002511,0.00251,0.002509,0.002508,0.002521,0.002522,0.002523,0.002524,0.002525,0.002526,0.002528,0.002529,0.00253,0.002531,26132.2,15385,78483.3,13021.4,190560.6,719802.5,247769,13021.4,73948.4,13021.4,13021.4,13084.8,13021.4,21571.4,13021.4,22249.1,13021.4,20231.2,13021.4,778401.3
135,0.00252,0.002519,0.002518,0.002517,0.002516,0.002515,0.002514,0.002513,0.002512,0.002511,0.002521,0.002524,0.002525,0.002526,0.002527,0.002528,0.002529,0.00253,0.002531,0.002534,26116.6,13021.4,134850.8,408138.8,15385,78483.3,22172.5,52672.4,208126.7,540617.8,554.6,6133.4,15385,13021.4,9184.7,13021.4,59874.4,13021.4,580292.4,13021.4
136,0.002517,0.002516,0.002515,0.002513,0.002512,0.002511,0.00251,0.002509,0.002508,0.002507,0.00252,0.002521,0.002522,0.002523,0.002526,0.002528,0.002529,0.00253,0.002531,0.002534,13021.4,26137.4,80846.9,13021.4,518421.5,1068900.3,13021.4,73948.4,13021.4,166526,19228.6,19223.4,26106.2,28464.6,22190.6,13021.4,59905.8,13021.4,529087.5,13021.4
137,0.002516,0.002515,0.002513,0.002512,0.002511,0.00251,0.002509,0.002507,0.002506,0.002505,0.002519,0.00252,0.002521,0.002522,0.002523,0.002526,0.002527,0.002528,0.002529,0.002531,6233.4,93968.1,13021.4,22189.5,296948.4,297168.4,358095.4,13021.4,1008377,202875.2,19233.8,25362,19223.4,26106.2,15385,22190.6,39714,13021.4,20231.2,13021.4
138,0.002527,0.002526,0.002525,0.002523,0.002522,0.002519,0.002518,0.002517,0.002516,0.002515,0.002534,0.002535,0.002537,0.002539,0.002541,0.002542,0.002543,0.002544,0.002545,0.002549,6233.4,8597,26090.7,13021.4,22203,13021.4,260643.3,223682.2,953359.2,257970,13021.4,15385,13021.4,22157.8,771685.4,13021.4,427687.7,61828.3,36060.8,13021.4
139,0.002529,0.002526,0.002525,0.002523,0.002522,0.002518,0.002517,0.002516,0.002515,0.002512,0.002534,0.002535,0.002537,0.002538,0.002539,0.00254,0.002541,0.002542,0.002543,0.002544,754.6,13021.4,21666.3,13021.4,22203,13021.4,220054.4,1310537.1,257970,35605,13021.4,15385,22204.5,201730.2,13021.4,214695.9,286279.4,13021.4,427687.7,61828.3
140,0.002519,0.002518,0.002516,0.002515,0.002513,0.002512,0.00251,0.002507,0.002506,0.002505,0.002521,0.002522,0.002523,0.002524,0.002525,0.002526,0.002527,0.002528,0.002529,0.00253,13100.4,20033.5,13021.4,26142.6,77778.1,15385,21995.7,13021.4,1157787.7,394329.9,13021.4,26106.2,19213,15385,22282.6,6133.4,654710.4,441532.6,13021.4,20231.2
141,0.002518,0.002516,0.002515,0.002513,0.002512,0.00251,0.002508,0.002507,0.002506,0.002505,0.002519,0.002522,0.002523,0.002524,0.002525,0.002528,0.002529,0.00253,0.002535,0.002536,26127,13021.4,26142.6,77778.1,15385,21995.7,453319.5,13021.4,1157787.7,180128,554.6,27715.2,19213,13021.4,35304,13021.4,241042.7,253269.8,13021.4,35561.2
142,0.002518,0.002517,0.002516,0.002515,0.002513,0.002512,0.002511,0.00251,0.002507,0.002506,0.00252,0.002521,0.002522,0.002523,0.002524,0.002525,0.002529,0.00253,0.002531,0.002532,6233.4,26132.2,13116,13021.4,385112,733412.5,492263.8,254682.3,13021.4,786620,6207.2,5447.4,27715.2,19213,13021.4,22234.7,13021.4,20231.2,13021.4,254875.6
143,0.00252,0.002519,0.002518,0.002515,0.002513,0.002512,0.002511,0.002507,0.002506,0.002505,0.002523,0.002524,0.002525,0.002527,0.002529,0.00253,0.002532,0.002533,0.002534,0.002542,26116.6,19333.8,13021.4,15385,233178.3,742493.5,492263.8,13021.4,1002736,180128,19213,27704.8,13021.4,8999.1,13021.4,20231.2,13021.4,276930.5,259892.5,13021.4
144,0.002518,0.002517,0.002515,0.002514,0.002513,0.002512,0.002511,0.002507,0.002506,0.002505,0.00252,0.002521,0.002522,0.002523,0.002524,0.002525,0.002529,0.00253,0.002532,0.002533,6233.4,13110.8,15385,13021.4,383094.4,648823.7,497703.9,13021.4,1002736,180128,13095.2,19223.4,27715.2,25404.6,13021.4,9125.7,13021.4,20231.2,492861,35628.2
145,0.002517,0.002516,0.002515,0.002514,0.002513,0.002512,0.002511,0.00251,0.002507,0.002506,0.00252,0.002521,0.002522,0.002524,0.002525,0.002529,0.00253,0.002532,0.002533,0.002542,5768.2,13116,13021.4,15385,77778.1,13021.4,177757.7,967343.4,13021.4,1002736,25435.8,19223.4,27715.2,13021.4,22147.1,253537.6,257530.1,13021.4,35628.2,13021.4
146,0.002513,0.002512,0.002511,0.00251,0.002509,0.002508,0.002507,0.002505,0.002504,0.002502,0.002515,0.002516,0.002517,0.002518,0.00252,0.002521,0.002522,0.002525,0.002529,0.00253,77778.1,15385,158003.4,485702,803327,1243926.4,13021.4,180128,171511.1,35846.5,19254.6,13021.4,649457.8,13021.4,27044.8,19223.4,22188.8,13021.4,252088.4,252831.4
147,0.002514,0.002513,0.002512,0.00251,0.002509,0.002508,0.002507,0.002505,0.002504,0.002502,0.002516,0.002517,0.002518,0.00252,0.002522,0.002523,0.002525,0.002529,0.00253,0.002532,13021.4,64202.1,15385,13021.4,464262.6,1448856.5,13021.4,180128,171511.1,35846.5,19249.4,13110.8,13021.4,15385,13021.4,9239.5,13021.4,458948,20231.2,13021.4
148,0.002511,0.00251,0.002509,0.002508,0.002507,0.002506,0.002505,0.002504,0.002502,0.002498,0.002514,0.002515,0.002516,0.002518,0.00252,0.002522,0.002525,0.002529,0.00253,0.002539,38470.5,15385,455067.4,1003819,22057.5,250272.6,673842.1,582347,13021.4,22614.9,13021.4,26142.6,26137.4,15385,13021.4,9036.1,13021.4,485348.2,43155.4,15099.7
149,0.002512,0.002511,0.00251,0.002509,0.002508,0.002507,0.002506,0.002505,0.002504,0.002503,0.002514,0.002515,0.002516,0.002518,0.00252,0.002522,0.002527,0.002529,0.00253,0.002536,6233.4,19375.5,85484.8,13021.4,435878.5,1056589.5,20231.2,339808.6,709405.1,221814.2,13021.4,19254.6,26137.4,15385,13021.4,22057.5,441267.4,13021.4,43155.4,427687.7
150,0.002501,0.0025,0.002499,0.002498,0.002496,0.002495,0.002494,0.002493,0.002491,0.00249,0.002504,0.002505,0.002506,0.002508,0.002509,0.002511,0.002515,0.002516,0.002518,0.002519,20308.7,13021.4,20231.2,15385,22091.4,1385941.7,950915.5,238620.2,237366.8,36121.5,6290.9,13173.6,19301.7,15385,26174,22091.4,6133.4,443598.9,13021.4,237590.3
151,0.002504,0.002503,0.002501,0.0025,0.002499,0.002498,0.002497,0.002496,0.002495,0.002494,0.002506,0.002507,0.002508,0.002509,0.002511,0.002515,0.002517,0.002518,0.002519,0.00252,20466.2,26205.5,26216.1,15385,20231.2,989562.4,263767.4,537435.9,469521.9,180717.1,56323.8,13163.1,15385,13021.4,22091.4,13021.4,263388.4,258960.9,13021.4,35522.3
152,0.002502,0.002501,0.0025,0.002499,0.002498,0.002497,0.002496,0.002495,0.002494,0.002491,0.002505,0.002506,0.002507,0.002508,0.002509,0.002511,0.002515,0.002516,0.002519,0.00252,26210.8,26216.1,15385,20231.2,219525,219525,1785176.1,13021.4,180717.1,13021.4,26195,13168.3,13021.4,15385,13021.4,22091.4,219683.1,253374.9,13021.4,35522.3
153,0.002508,0.002506,0.002505,0.002504,0.002503,0.002502,0.002501,0.0025,0.002499,0.002498,0.002509,0.00251,0.002511,0.002512,0.002515,0.002516,0.002519,0.00252,0.002523,0.002526,754.6,33477,26195,26200.3,19417.5,13021.4,15385,13021.4,20231.2,22126,15385,13147.4,13021.4,22027.3,226499.6,254248.7,13021.4,35522.3,13021.4,155710
154,0.002507,0.002506,0.002505,0.002504,0.002503,0.0025,0.002499,0.002498,0.002497,0.002496,0.002509,0.00251,0.002512,0.002513,0.002515,0.002516,0.002519,0.00252,0.002523,0.002527,7287.3,26189.7,26195,26200.3,21781.1,13021.4,29261.1,173149.5,13021.4,989674.4,14007,2363.6,13021.4,22084.9,391004.6,423737.8,13021.4,35522.3,13021.4,13021.4
155,0.002508,0.002507,0.002506,0.002505,0.002504,0.002503,0.002501,0.0025,0.002499,0.002498,0.00251,0.002511,0.002512,0.002513,0.002515,0.002516,0.002518,0.002519,0.00252,0.002527,19754.1,13021.4,26189.7,26195,26200.3,21781.1,9076.7,13021.4,20231.2,13021.4,6133.4,15385,13021.4,22084.9,13021.4,232834.8,560497,13021.4,35522.3,168731.4
156,0.002512,0.002509,0.002507,0.002506,0.002505,0.002504,0.002503,0.002501,0.0025,0.002499,0.002513,0.002515,0.002516,0.002517,0.002518,0.00252,0.002523,0.002527,0.002528,0.002533,754.6,19386,13021.4,26189.7,28558.6,26200.3,19417.5,9076.7,13021.4,20231.2,11188.9,22237.7,45754.6,13021.4,155710,13021.4,35496.8,13021.4,62073.6,15099.7
157,0.002509,0.002507,0.002506,0.002505,0.002504,0.002503,0.002502,0.002501,0.0025,0.002499,0.002512,0.002513,0.002514,0.002515,0.002516,0.002518,0.002519,0.00252,0.002522,0.002523,18831.4,13021.4,26189.7,28558.6,26200.3,19417.5,62003.7,39816.8,13021.4,20231.2,13021.4,13021.4,2363.6,62054.5,45754.6,13021.4,189807.7,13021.4,203303.6,35496.8
158,0.002518,0.002517,0.002514,0.002513,0.002512,0.002511,0.00251,0.002509,0.002508,0.002507,0.002523,0.002524,0.002526,0.002527,0.002528,0.002529,0.00253,0.002531,0.002532,0.002535,23634.7,15385,22222.4,19365.1,26158.3,26163.5,68327.9,220555.8,211525.2,198372.4,6133.4,13015,31871.7,13021.4,96308.9,20231.2,171935.3,586641.4,13021.4,34195.4
159,0.002512,0.002511,0.00251,0.002509,0.002508,0.002506,0.002505,0.002504,0.002503,0.002502,0.002514,0.002515,0.002516,0.002517,0.002518,0.002519,0.00252,0.002521,0.002524,0.002525,26158.3,26163.5,13021.4,13152.6,13021.4,57595.6,13021.4,55211.4,9160.2,13021.4,19962,13021.4,15385,19903,13021.4,20231.2,524617.2,333613.4,6133.4,31871.7
160,0.002512,0.00251,0.002508,0.002506,0.002505,0.002504,0.002502,0.002501,0.0025,0.002498,0.002514,0.002515,0.002516,0.002517,0.002518,0.002519,0.00252,0.002521,0.002526,0.002527,13021.4,19380.8,28542.8,55252.7,22141.3,55211.4,13021.4,186568.4,189822.3,18482.8,4127,30327.6,13021.4,2363.6,22159.1,20231.2,393415.1,403655.6,13021.4,186064
161,0.002508,0.002507,0.002505,0.002504,0.002502,0.002501,0.002498,0.002497,0.002496,0.002495,0.002511,0.002514,0.002516,0.002518,0.002519,0.00252,0.002521,0.002525,0.002526,0.002527,6233.4,2363.6,13021.4,64262.5,379272.8,554698.1,13021.4,719225,190330.2,13021.4,18520.9,13021.4,15385,22159.1,52102.9,44893.1,193776.6,180631.5,13021.4,35767.7
162,0.002509,0.002508,0.002507,0.002505,0.002504,0.002503,0.002501,0.002498,0.002497,0.002496,0.002511,0.002512,0.002513,0.002514,0.002516,0.002518,0.002519,0.00252,0.002524,0.002525,13021.4,19391.2,15385,13021.4,430643.4,370027.5,13021.4,18482.8,845335,190330.2,13142.1,26158.3,19265.1,13021.4,15385,54030.8,20231.2,44893.1,185973,366380.9
163,0.002511,0.002509,0.002508,0.002507,0.002505,0.002504,0.002503,0.002502,0.002501,0.002499,0.002512,0.002513,0.002514,0.002516,0.002518,0.002519,0.002521,0.002522,0.002523,0.002524,1388.5,19386,25624.6,15385,13021.4,64303.8,55252.7,168928.8,13021.4,166006.6,26158.3,19265.1,15385,13021.4,54030.8,52102.9,181950.2,179028,13021.4,35676.7
164,0.002506,0.002505,0.002503,0.002502,0.002501,0.0025,0.002499,0.002498,0.002496,0.002495,0.002508,0.002509,0.00251,0.002513,0.002514,0.002516,0.002517,0.002518,0.002519,0.00252,6380.3,28558.6,13021.4,55273.3,22169.6,5457,658927.7,13021.4,1037807.9,13021.4,6133.4,18531.4,26168.8,15385,13021.4,54018.6,31871.7,13021.4,20231.2,164814.4
165,0.002507,0.002506,0.002505,0.002504,0.002502,0.002501,0.0025,0.002499,0.002498,0.002497,0.002512,0.002513,0.002514,0.002515,0.002516,0.002517,0.002518,0.002519,0.00252,0.002521,13021.4,19401.7,28558.6,26200.3,21988.6,55304.3,7209.8,493280,164748.8,5463.6,13021.4,2363.6,13021.4,22124,13021.4,31871.7,13021.4,20231.2,481669.3,185908.5
166,0.002507,0.002505,0.002504,0.002502,0.002501,0.0025,0.002499,0.002498,0.002496,0.002495,0.002508,0.002509,0.002512,0.002513,0.002514,0.002515,0.002516,0.002517,0.002518,0.002519,647.6,6233.4,28563.9,13021.4,64518.9,62524.4,18480.6,13021.4,1037807.9,13021.4,25424.6,19286,13021.4,2363.6,13021.4,22124,13021.4,31871.7,13021.4,20231.2
167,0.002507,0.002506,0.002505,0.002504,0.002502,0.002501,0.0025,0.002499,0.002498,0.002497,0.002509,0.002512,0.002513,0.002514,0.002515,0.002516,0.002517,0.002518,0.002519,0.00252,6233.4,19401.7,19407,28563.9,13021.4,64518.9,62524.4,5459.2,922647.7,189041.5,25419.4,13021.4,2363.6,13021.4,22124,44893.1,44893.1,189182.4,20231.2,13021.4
168,0.00251,0.002509,0.002508,0.002507,0.002506,0.002505,0.002504,0.002503,0.002502,0.002501,0.002511,0.002512,0.002513,0.002515,0.002516,0.002517,0.002518,0.002519,0.002521,0.002524,754.6,13021.4,19391.2,19396.5,19401.7,8597,13021.4,9082.1,13021.4,55325,26163.5,26158.3,2363.6,13021.4,22177.2,737546.1,13021.4,20231.2,13021.4,35919.4
169,0.002507,0.002506,0.002505,0.002504,0.002502,0.002501,0.0025,0.002499,0.002498,0.002497,0.002508,0.002509,0.00251,0.002512,0.002513,0.002514,0.002515,0.002516,0.002517,0.002518,754.6,26189.7,25640.4,2363.6,13021.4,64466.2,62524.4,5459.2,394690.9,697508.4,26179.2,19286,26168.8,13021.4,2363.6,9031.1,13021.4,236069.7,235401,13021.4
170,0.002504,0.002503,0.002502,0.002501,0.0025,0.002499,0.002498,0.002497,0.002496,0.002494,0.002506,0.002507,0.002508,0.002509,0.00251,0.002512,0.002514,0.002515,0.002516,0.002518,15385,13184.1,13021.4,22162.6,62524.4,5459.2,736190.5,873645,180605.3,13021.4,26189.7,25429.9,19291.2,19286,13021.4,15385,40902.8,13021.4,397325.3,13021.4
171,0.002503,0.002502,0.002501,0.0025,0.002499,0.002498,0.002497,0.002496,0.002495,0.002494,0.002505,0.002506,0.002507,0.002508,0.00251,0.002511,0.002512,0.002514,0.002515,0.002516,21781.1,13189.4,13021.4,70701.6,18480.6,252490.5,876317.4,724880.4,160320.6,13021.4,19307,25435.1,25429.9,19291.2,13021.4,2363.6,13021.4,40902.8,13021.4,405794.7
172,0.002503,0.002502,0.002501,0.0025,0.002499,0.002498,0.002497,0.002496,0.002495,0.002494,0.002504,0.002506,0.002507,0.00251,0.002511,0.002512,0.002514,0.002515,0.002516,0.002518,28177.2,13189.4,13021.4,29421.4,59986.7,757925.5,204678.4,564031.3,320641.2,13021.4,554.6,18547.1,25429.9,13021.4,2363.6,13021.4,40902.8,13021.4,428437.1,13021.4
173,0.002509,0.002508,0.002507,0.002506,0.002505,0.002504,0.002502,0.002501,0.0025,0.002499,0.002511,0.002512,0.002513,0.002514,0.002515,0.002516,0.002517,0.002518,0.002519,0.002521,19386,26179.2,12608.5,28553.3,26195,13021.4,22038,55263,62524.4,256957.2,16113,26158.3,2363.6,13021.4,44893.1,437678.4,382877.4,197596.1,20231.2,13021.4
174,0.002508,0.002507,0.002506,0.002505,0.002504,0.002502,0.002501,0.0025,0.002499,0.002498,0.00251,0.002511,0.002512,0.002513,0.002515,0.002516,0.002517,0.002518,0.002519,0.002521,19391.2,12608.5,28553.3,26195,13021.4,22038,55263,62524.4,54527.5,13021.4,26168.8,25817.4,13021.4,2363.6,13021.4,54134.4,399496.2,13021.4,20231.2,13021.4
175,0.002511,0.00251,0.002509,0.002508,0.002506,0.002505,0.002504,0.002502,0.002501,0.0025,0.002513,0.002514,0.002515,0.002516,0.002517,0.002518,0.002519,0.002521,0.002524,0.002528,13021.4,19380.8,26174,26179.2,13021.4,15385,13021.4,64300.2,55263,62524.4,19265.1,2363.6,13021.4,22262.7,44893.1,228753.5,566646.6,13021.4,35805.3,163317.7
176,0.002508,0.002506,0.002505,0.002504,0.002502,0.002501,0.0025,0.002499,0.002498,0.002497,0.002509,0.00251,0.002511,0.002513,0.002514,0.002515,0.002516,0.002517,0.002518,0.002519,26179.2,13021.4,15385,13021.4,64300.2,55263,62524.4,59986.7,1003346.3,208869.4,554.6,19280.8,25408.9,13021.4,2363.6,13021.4,22262.7,13021.4,44893.1,20231.2
177,0.002506,0.002505,0.002504,0.002502,0.002501,0.0025,0.002499,0.002498,0.002497,0.002496,0.002509,0.00251,0.002512,0.002513,0.002514,0.002515,0.002516,0.002518,0.002519,0.00252,13021.4,15385,13021.4,22038,13021.4,699498.9,280937.5,13021.4,769492.4,180605.3,13152.6,13021.4,2363.6,13021.4,163317.7,1078240.5,22262.7,13021.4,246743.7,452755.2
178,0.002509,0.002508,0.002507,0.002506,0.002505,0.002504,0.002502,0.002501,0.0025,0.002499,0.002511,0.002512,0.002513,0.002514,0.002515,0.002516,0.002518,0.002519,0.002521,0.002524,25619.4,35689.5,26184.5,19401.7,15385,13021.4,22038,482043.4,20231.2,54527.5,6133.4,26158.3,2363.6,163317.7,1078240.5,22262.7,13021.4,489616.3,13021.4,35805.3
179,0.00251,0.002509,0.002508,0.002507,0.002506,0.002505,0.002504,0.002502,0.002501,0.0025,0.002512,0.002513,0.002514,0.002515,0.002516,0.002518,0.002519,0.002521,0.002524,0.002528,6233.4,18831.4,35689.5,26184.5,19401.7,15385,13021.4,22038,497046.3,20231.2,19270.3,15385,163317.7,1078240.5,22262.7,13021.4,504190.3,13021.4,35805.3,13021.4
180,0.00252,0.002519,0.002518,0.002517,0.002516,0.002515,0.002513,0.002512,0.002511,0.00251,0.002522,0.002523,0.002524,0.002525,0.002528,0.002529,0.002533,0.002534,0.002536,0.002538,13021.4,26121.8,26127,13021.4,19976.8,15385,13021.4,35340.2,475656,242089.8,21025.3,13079.6,13021.4,2363.6,13021.4,474331.6,13021.4,36097.8,489445.4,13021.4
181,0.002513,0.002512,0.002511,0.00251,0.002509,0.002508,0.002507,0.002506,0.002505,0.002504,0.002514,0.002516,0.002518,0.002521,0.002522,0.002524,0.002525,0.002527,0.002532,0.002533,13021.4,28521.9,13021.4,20231.2,22263.5,777340.2,169179.2,730455,166805.4,13021.4,29285.5,13021.4,19239,2363.6,7940.5,22263.5,13021.4,13021.4,194064.8,13021.4
182,0.002513,0.002512,0.002511,0.00251,0.002508,0.002507,0.002506,0.002505,0.002504,0.002503,0.002516,0.002517,0.002518,0.002521,0.002522,0.002524,0.002527,0.00253,0.002531,0.002533,14755.1,1013746,13021.4,29376.5,13021.4,1182772.2,222296.2,166805.4,13021.4,35467.9,13021.4,26132.2,19239,2363.6,7940.5,22263.5,13021.4,222296.2,201737.9,13021.4
183,0.002515,0.002514,0.002513,0.002511,0.00251,0.002509,0.002508,0.002507,0.002506,0.002505,0.002518,0.002521,0.002522,0.002524,0.002527,0.002528,0.002533,0.002534,0.002536,0.002538,26142.6,14830.4,14755.1,13021.4,29376.5,59319.9,169116.9,1026614.4,13021.4,179826.8,25372.4,2363.6,7940.5,22263.5,224576.2,218762.4,13021.4,36097.8,489445.4,13021.4
184,0.002513,0.002512,0.002511,0.00251,0.002509,0.002508,0.002507,0.002506,0.002505,0.002503,0.002515,0.002516,0.002517,0.002518,0.00252,0.002522,0.002524,0.002527,0.002528,0.002531,7967.1,2363.6,13021.4,20231.2,68397.1,169116.9,1026614.4,13021.4,407098.1,13021.4,19254.6,19249.4,19244.2,25372.4,2363.6,17061.3,13021.4,240292.7,13021.4,36066.5
185,0.002515,0.002514,0.002513,0.002512,0.002511,0.00251,0.002509,0.002508,0.002507,0.002506,0.002517,0.002518,0.002519,0.002521,0.002522,0.002524,0.002526,0.002527,0.002528,0.002531,6233.4,19359.8,26153.1,2363.6,13021.4,20231.2,224580.8,13021.4,829518,13021.4,25377.6,26127,13100.4,15385,7940.5,22024.3,248232.8,235203.4,13021.4,36066.5
186,0.002514,0.002513,0.002512,0.002511,0.00251,0.002509,0.002508,0.002507,0.002506,0.002505,0.002516,0.002517,0.002518,0.002519,0.002521,0.002522,0.002524,0.002528,0.002531,0.002534,25593.2,26153.1,2363.6,13021.4,20231.2,224580.8,13021.4,829518,523176.4,179826.8,6133.4,18489.6,26127,13100.4,15385,7940.5,532179.3,13021.4,36066.5,13021.4
187,0.002513,0.002512,0.002511,0.00251,0.002509,0.002508,0.002507,0.002506,0.002505,0.002503,0.002514,0.002516,0.002517,0.002518,0.00252,0.002522,0.002523,0.002524,0.002525,0.002526,26153.1,2363.6,13021.4,20231.2,224580.8,13021.4,1314254,497464.2,179826.8,54450.5,554.6,25382.8,18489.6,13021.4,2363.6,7940.5,22169.6,255103.4,242393,13021.4
188,0.002512,0.002511,0.00251,0.002509,0.002508,0.002507,0.002506,0.002505,0.002503,0.0025,0.002513,0.002516,0.002518,0.00252,0.002522,0.002523,0.002524,0.002528,0.002531,0.002534,1206618.9,13021.4,20231.2,224580.8,931115.4,286619.1,560260.7,726901.5,54450.5,130475.9,554.6,12361.4,13021.4,2363.6,7940.5,22169.6,561317.3,13021.4,36066.5,13021.4
189,0.002513,0.002512,0.002511,0.00251,0.002509,0.002508,0.002507,0.002506,0.002505,0.002503,0.002518,0.00252,0.002522,0.002523,0.002524,0.002528,0.002531,0.002534,0.002536,0.002538,32607.5,1283098.9,13021.4,20231.2,224580.8,13021.4,1040740.4,584911.7,1063542.5,54450.5,13021.4,2363.6,7940.5,320527.2,287719.6,13021.4,36066.5,13021.4,489445.4,13021.4
190,0.002518,0.002511,0.00251,0.002509,0.002508,0.002507,0.002506,0.002505,0.002503,0.0025,0.002519,0.002522,0.002523,0.002524,0.002534,0.002536,0.002538,0.002539,0.002549,0.00255,754.6,13021.4,20231.2,215353.2,13021.4,1040740.4,351283.2,695818.6,54450.5,107907.6,73835.9,7940.5,311379,287719.6,13021.4,489445.4,13021.4,28121.1,13021.4,47462.6
191,0.002518,0.002511,0.00251,0.002509,0.002508,0.002507,0.002506,0.002505,0.002504,0.002503,0.002519,0.002524,0.002532,0.002533,0.002534,0.002536,0.002549,0.00255,0.002552,0.002554,754.6,13021.4,20231.2,59319.9,169116.9,1080628.7,13021.4,433209.4,254385.4,54450.5,60735.5,13021.4,267251.8,241364,13021.4,489445.4,13021.4,47462.6,13021.4,335859.2
192,0.002518,0.002517,0.002516,0.002515,0.002514,0.002511,0.00251,0.002509,0.002508,0.002507,0.002521,0.002522,0.002524,0.002528,0.002529,0.002534,0.002536,0.002544,0.002549,0.00255,13021.4,26132.2,26137.4,6233.4,13126.4,13021.4,20231.2,99176.4,169116.9,1044793.4,13021.4,13084.8,13021.4,296894.9,7209.8,13021.4,489445.4,15099.7,13021.4,47462.6
193,0.002517,0.002516,0.002515,0.002514,0.002511,0.00251,0.002509,0.002508,0.002507,0.002506,0.00252,0.002521,0.002522,0.002524,0.002525,0.002527,0.002528,0.002529,0.002533,0.002534,6233.4,26137.4,6233.4,28412.2,22079.2,60071.8,63785.3,169116.9,1044793.4,249728.9,6133.4,19223.4,2264.4,13021.4,22079.2,486964.7,13021.4,7209.8,22644.4,13021.4
194,0.002512,0.002511,0.00251,0.002509,0.002508,0.002507,0.002506,0.002505,0.002504,0.002503,0.002516,0.002517,0.002518,0.002519,0.00252,0.002521,0.002522,0.002525,0.002527,0.002528,1086166.7,15317.5,20231.2,112770.5,169116.9,895400.4,455264,843353.3,13021.4,54450.5,6228,13110.8,13021.4,19233.8,28388.3,6133.4,22125.7,13021.4,243764.7,695219.4
195,0.002515,0.002514,0.002513,0.002512,0.002511,0.00251,0.002509,0.002508,0.002507,0.002506,0.002517,0.002518,0.002519,0.00252,0.002521,0.002522,0.002527,0.002528,0.002529,0.00253,6233.4,19359.8,81109.2,29652.9,13021.4,20231.2,72914,169116.9,1156644.3,317139.1,6133.4,26127,19233.8,15293.1,6133.4,22125.7,13021.4,538465.8,7209.8,23024.7
196,0.002516,0.002515,0.002514,0.002513,0.002512,0.002511,0.00251,0.002509,0.002508,0.002507,0.002518,0.002519,0.00252,0.002522,0.002523,0.002527,0.002528,0.002529,0.00253,0.002534,6233.4,19354.6,19359.8,81109.2,29652.9,13021.4,20231.2,72914,169116.9,1409357.8,25372.4,19233.8,15293.1,13021.4,22108.7,488949.9,13021.4,7209.8,36046.1,13021.4
197,0.002519,0.002517,0.002516,0.002515,0.002514,0.002513,0.002512,0.002511,0.00251,0.002509,0.00252,0.002521,0.002522,0.002523,0.002527,0.002528,0.002529,0.00253,0.002534,0.002536,754.6,6233.4,19349.4,19354.6,13021.4,28409.7,13021.4,22240.1,20231.2,259675.1,19228.6,15333.6,13021.4,22108.7,771347.7,13021.4,7209.8,36046.1,13021.4,489445.4
198,0.002518,0.002517,0.002516,0.002515,0.002514,0.002513,0.002511,0.00251,0.002509,0.002508,0.00252,0.002521,0.002522,0.002523,0.002526,0.002527,0.002528,0.002529,0.00253,0.002534,13776,13021.4,18794.8,19354.6,13021.4,28409.7,13021.4,29433.1,219818.6,349131.2,19228.6,15333.6,13021.4,22108.7,309762.4,303002.7,13021.4,7209.8,36046.1,13021.4
199,0.002519,0.002518,0.002517,0.002516,0.002514,0.002513,0.002511,0.00251,0.002509,0.002508,0.002521,0.002522,0.002523,0.002524,0.002526,0.002527,0.002528,0.002529,0.00253,0.002533,6233.4,26127,26132.2,18794.8,15273.6,13021.4,22257,20231.2,259675.1,579053.5,21467,15341.8,13021.4,22086.9,13021.4,289187.5,13021.4,7209.8,17923.8,22978.5
200,0.002519,0.002518,0.002517,0.002516,0.002514,0.002513,0.002511,0.00251,0.002509,0.002508,0.002521,0.002522,0.002523,0.002524,0.002527,0.002528,0.002529,0.00253,0.002533,0.002534,19333.8,25656.6,26132.2,18794.8,15273.6,13021.4,22257,60071.8,219818.6,588672.7,7691,15341.8,13021.4,22086.9,317155.6,284539.5,7209.8,17923.8,22978.5,13021.4
201,0.002519,0.002518,0.002517,0.002516,0.002514,0.002513,0.002511,0.00251,0.002509,0.002508,0.002521,0.002522,0.002523,0.002524,0.002525,0.002528,0.002529,0.00253,0.002533,0.002534,25567.2,25656.6,26132.2,18794.8,15273.6,13021.4,62081.7,20231.2,642761,169116.9,13021.4,28363.2,26101,13021.4,9168.9,320084.9,545442.6,17923.8,22978.5,13021.4
202,0.002521,0.002519,0.002518,0.002517,0.002516,0.002514,0.002513,0.002511,0.00251,0.002509,0.002522,0.002523,0.002524,0.002525,0.002528,0.002529,0.00253,0.002533,0.002534,0.002536,754.6,28015.2,25656.6,26132.2,18794.8,15273.6,13021.4,351353,279755.4,63785.3,28363.2,13079.6,13021.4,9168.9,302292.7,266734,17923.8,22978.5,13021.4,440709.1
203,0.002519,0.002518,0.002517,0.002516,0.002515,0.002514,0.002513,0.002511,0.00251,0.002509,0.00252,0.002522,0.002523,0.002524,0.002526,0.002528,0.002529,0.00253,0.002533,0.002534,26121.8,25656.6,26132.2,18794.8,2291.9,13021.4,22096.5,599459.9,20231.2,13021.4,554.6,20720.6,15369.4,13021.4,9107.1,13021.4,553819.6,17923.8,22978.5,13021.4
204,0.002521,0.00252,0.002519,0.002518,0.002517,0.002514,0.002513,0.002512,0.002511,0.00251,0.002523,0.002524,0.002525,0.002526,0.002528,0.002529,0.00253,0.002533,0.002534,0.002536,12535.4,25562,26121.8,25656.6,2261.3,13021.4,22096.5,52830.3,572928.5,20231.2,1535.2,26095.8,2294.1,9107.1,13021.4,831184.9,17923.8,22978.5,13021.4,440709.1
205,0.00252,0.002519,0.002518,0.002515,0.002514,0.002513,0.002512,0.002511,0.00251,0.002508,0.002522,0.002523,0.002524,0.002527,0.002528,0.002529,0.00253,0.002533,0.002534,0.002536,26116.6,19333.8,25656.6,2279.9,13021.4,22096.5,603783.9,13021.4,20231.2,169116.9,13021.4,26101,15327.6,9176.6,13021.4,813750.4,17923.8,22978.5,13021.4,440709.1
206,0.002519,0.002518,0.002515,0.002514,0.002513,0.002512,0.002511,0.00251,0.002508,0.002507,0.002521,0.002522,0.002523,0.002524,0.002525,0.002528,0.002529,0.00253,0.002532,0.002533,26121.8,18868.6,2279.9,13021.4,312468,870187.5,13021.4,20231.2,169116.9,827033,26111.4,26106.2,19213,15327.6,8986.5,13021.4,563359.9,17923.8,270642.7,22978.5
207,0.00252,0.002519,0.002518,0.002515,0.002514,0.002513,0.002512,0.002511,0.00251,0.002508,0.002521,0.002522,0.002523,0.002524,0.002527,0.002528,0.002529,0.00253,0.002532,0.002533,19328.6,25091.6,5763,2279.9,13021.4,307128.7,290186.9,52846.1,20231.2,169116.9,6133.4,26106.2,19213,15327.6,9007.7,13021.4,569320.7,17923.8,13021.4,22978.5
208,0.00252,0.002519,0.002518,0.002515,0.002513,0.002512,0.002511,0.00251,0.002508,0.002507,0.002522,0.002523,0.002524,0.002527,0.002528,0.002529,0.00253,0.002532,0.002533,0.002534,13021.4,25091.6,5763,2279.9,264439.6,565218.5,13021.4,20231.2,169116.9,1000403,19218.2,19213,15327.6,9007.7,13021.4,509775.9,17923.8,13021.4,22978.5,13021.4
209,0.002516,0.002514,0.002513,0.002512,0.002511,0.00251,0.002508,0.002507,0.002506,0.002505,0.002518,0.002519,0.00252,0.002521,0.002522,0.002523,0.002524,0.002525,0.002528,0.002529,26137.4,2280.5,13021.4,772874.2,501216.5,60071.8,169116.9,1000403,53850.9,179826.8,13021.4,25367.2,26116.6,19223.4,18390.2,8427.8,13021.4,9149,13021.4,509952.4
210,0.002514,0.002513,0.002511,0.00251,0.002509,0.002508,0.002507,0.002506,0.002505,0.002504,0.002516,0.002517,0.002518,0.002519,0.00252,0.002521,0.002522,0.002524,0.002527,0.002528,6233.4,28463.3,55149.7,271698.6,496190.2,651576.3,1269756.8,93755.1,179826.8,107297,6133.4,19244.2,26127,25367.2,26116.6,21522.4,5305.4,22248.6,31871.7,13021.4
211,0.0025,0.002497,0.002495,0.002494,0.002493,0.002492,0.002491,0.00249,0.002489,0.002488,0.002502,0.002503,0.002504,0.002506,0.002507,0.002508,0.002509,0.00251,0.002511,0.002512,20308.7,13021.4,13021.4,69936.1,62922.2,55160,13021.4,13021.4,199686.2,13021.4,19322.8,15264.2,22108.9,13021.4,44893.1,13021.4,714737.2,13021.4,545418.2,13021.4
212,0.002511,0.002504,0.002503,0.002502,0.002501,0.0025,0.002499,0.002498,0.002497,0.002496,0.002512,0.002513,0.002514,0.002515,0.002518,0.002519,0.00252,0.002521,0.002523,0.002528,754.6,7287.3,13021.4,26210.8,57476.8,49472,13021.4,61830.4,599133.2,182651.3,23441.9,13021.4,53907.8,13021.4,44893.1,371405.8,416953.3,35722.6,15099.7,13021.4
213,0.00251,0.002507,0.002506,0.002505,0.002503,0.002502,0.002501,0.0025,0.002499,0.002498,0.002511,0.002512,0.002513,0.002514,0.002515,0.002518,0.002519,0.00252,0.002521,0.002522,230.1,7287.3,13021.4,13173.6,12164.3,26210.8,57549.1,20231.2,64515.5,19443.9,13021.4,15327.8,13021.4,22036.1,13021.4,44893.1,13021.4,425715.6,191818.1,582222
214,0.00251,0.002509,0.002508,0.002506,0.002505,0.002503,0.002502,0.002501,0.0025,0.002499,0.002513,0.002515,0.002516,0.002518,0.00252,0.002521,0.002522,0.002523,0.002524,0.002528,7287.3,13021.4,26179.2,13021.4,15452.4,12164.3,68431.8,64426.9,20231.2,55273.3,8402.5,13021.4,22107.4,44893.1,13021.4,598229.5,582222,13021.4,22788,13021.4
215,0.002509,0.002508,0.002506,0.002505,0.002503,0.002502,0.002501,0.0025,0.002499,0.002498,0.002513,0.002514,0.002515,0.002516,0.002518,0.00252,0.002521,0.002522,0.002523,0.002524,13021.4,26179.2,13021.4,28473.8,21368.6,68411.1,55294,20231.2,272239.9,19443.9,13021.4,2268.3,13021.4,22107.4,44893.1,13021.4,444935.2,582222,13021.4,35809.4
216,0.002512,0.002511,0.00251,0.002509,0.002506,0.002505,0.002504,0.002503,0.002502,0.002501,0.002514,0.002515,0.002516,0.002518,0.00252,0.002521,0.002523,0.002524,0.002529,0.00253,12582.3,26163.5,26168.8,6233.4,15266,13021.4,55201.1,21368.6,55221.7,279236.8,39277.7,13021.4,22107.4,44893.1,169116.9,1198793,13021.4,35809.4,13021.4,17923.8
217,0.002511,0.00251,0.002509,0.002506,0.002505,0.002504,0.002503,0.002502,0.002501,0.0025,0.002513,0.002514,0.002515,0.002516,0.002518,0.002519,0.00252,0.002521,0.002522,0.002523,25608.9,26168.8,6233.4,15266,13021.4,55201.1,21368.6,508157.5,55294,20231.2,6133.4,56253.2,13021.4,22107.4,13021.4,44893.1,169116.9,1042602.6,226233.6,13021.4
218,0.002526,0.002525,0.002524,0.00252,0.002519,0.002518,0.002516,0.002515,0.002514,0.002513,0.002529,0.00253,0.002533,0.002534,0.002535,0.002536,0.002537,0.002542,0.002544,0.002545,6233.4,21585.6,19307.8,9142.9,13021.4,6949.9,59674.8,59992.2,6042584.1,228588.1,26391.8,17923.8,28957.2,1042805.2,15224,13021.4,68321.8,29203.3,169116.9,427687.7
219,0.002523,0.002522,0.00252,0.002519,0.002518,0.002516,0.002515,0.002514,0.002513,0.002512,0.002526,0.002528,0.002529,0.00253,0.002531,0.002532,0.002533,0.002534,0.002535,0.002536,8489.4,2306.9,9142.9,13021.4,6949.9,13021.4,59992.2,263383.3,228588.1,13021.4,26085.5,13021.4,13665,189955.1,816115,351040.4,31159.8,225706.2,19678.8,13021.4
220,0.002523,0.002522,0.002519,0.002518,0.002516,0.002515,0.002514,0.002512,0.002511,0.00251,0.002524,0.002528,0.002529,0.00253,0.002531,0.002532,0.002533,0.002534,0.002536,0.002537,13079.6,17091.2,13021.4,29044.8,13021.4,59992.2,251768,199911.7,18820.9,33378.6,1031.7,13021.4,13665,557985.5,1010226.5,13021.4,20204.9,371206,13021.4,61849
221,0.002523,0.002522,0.002521,0.002519,0.002518,0.002516,0.002515,0.002514,0.002512,0.002511,0.002528,0.002529,0.00253,0.002531,0.002532,0.002533,0.002534,0.002535,0.002536,0.002537,6233.4,17096.4,13090,13021.4,29044.8,442338.5,59992.2,252074.6,13021.4,18820.9,13021.4,13665,174019.3,802307.6,412034,211743.3,204060.7,190146.1,13021.4,61849
222,0.002524,0.002523,0.002522,0.002521,0.00252,0.002519,0.002518,0.002517,0.002516,0.002512,0.002528,0.002529,0.00253,0.002531,0.002532,0.002533,0.002534,0.002535,0.002536,0.002537,6233.4,9679.1,17096.4,13090,9108.6,13021.4,19971.3,417861.5,239467.1,13021.4,6133.4,19798.4,178019.3,802307.6,28957.2,20204.9,13021.4,180392.6,13021.4,61849
223,0.002523,0.002522,0.002521,0.00252,0.002519,0.002518,0.002517,0.002516,0.002512,0.002511,0.002524,0.002528,0.002529,0.00253,0.002531,0.002532,0.002533,0.002534,0.002535,0.002536,24952,14837.1,13090,9108.6,13021.4,19971.3,270668.9,521394.6,13021.4,18820.9,554.6,6133.4,19798.4,178019.3,817878.6,13021.4,247574.1,13021.4,250225.3,13021.4
224,0.002524,0.002523,0.002522,0.002521,0.00252,0.002519,0.002518,0.002517,0.002516,0.002513,0.002525,0.002528,0.002529,0.00253,0.002531,0.002532,0.002533,0.002534,0.002535,0.002536,26095.8,17326.9,14837.1,13090,9108.6,13021.4,66706.2,469102.8,13021.4,212861.9,554.6,19187.1,20120.2,21923.8,169116.9,827250.4,235855.5,28957.2,220477.9,13021.4
225,0.002524,0.002523,0.002522,0.002521,0.00252,0.002519,0.002518,0.002517,0.002516,0.002513,0.002525,0.002527,0.002528,0.002529,0.00253,0.002531,0.002532,0.002533,0.002534,0.002535,19307.8,17326.9,14837.1,13090,9108.6,13021.4,487446.2,59705.4,13021.4,212861.9,554.6,13021.4,25320.5,20120.2,21923.8,169116.9,827250.4,31159.8,28957.2,220477.9
226,0.002522,0.002521,0.00252,0.002519,0.002518,0.002517,0.002511,0.00251,0.002509,0.002508,0.002525,0.002526,0.002528,0.002529,0.00253,0.002531,0.002532,0.002533,0.002534,0.002535,19318.2,28401.5,13095.2,13021.4,493692,484438.6,13021.4,20231.2,6233.4,36002.7,26090.7,26085.5,6133.4,20120.2,21923.8,171319.5,827250.4,243905.7,28957.2,215852.3
227,0.002523,0.002522,0.002521,0.002519,0.002518,0.002517,0.002516,0.002511,0.00251,0.002509,0.002524,0.002526,0.002527,0.002528,0.002529,0.00253,0.002531,0.002532,0.002533,0.002534,27850.6,19318.2,26111.4,13021.4,75930.2,697445.9,215786.9,13021.4,20231.2,6233.4,554.6,19197.5,13058.9,6133.4,20120.2,21923.8,827665,169116.9,250127.5,13021.4
228,0.002523,0.002522,0.002521,0.002519,0.002518,0.002517,0.002516,0.002511,0.00251,0.002509,0.002525,0.002526,0.002527,0.002528,0.002529,0.00253,0.002531,0.002532,0.002533,0.002534,21062.6,21595.4,26111.4,13021.4,75930.2,253632.4,215786.9,13021.4,87040,6233.4,16826.4,19197.5,13021.4,19187.1,20120.2,178019.3,827665,28957.2,230312.9,13021.4
229,0.002524,0.002523,0.002522,0.002521,0.002519,0.002518,0.002517,0.002516,0.002511,0.00251,0.002526,0.002528,0.002529,0.00253,0.002531,0.002532,0.002533,0.002534,0.002535,0.002536,6233.4,14274.6,21595.4,26111.4,13021.4,75930.2,261057.7,215786.9,13021.4,87040,16198.8,6133.4,20120.2,178019.3,827665,13021.4,36385.9,13021.4,215337.7,13021.4
230,0.002525,0.002523,0.002522,0.002521,0.002519,0.002518,0.002517,0.002516,0.002511,0.00251,0.002526,0.002528,0.002529,0.00253,0.002531,0.002532,0.002533,0.002537,0.002538,0.002542,754.6,20508,21595.4,26111.4,13021.4,29205.5,461423,427223,13021.4,120364.6,22332.2,6133.4,20120.2,178019.3,841156.8,229729.8,648218.8,13021.4,31611.9,15099.7
231,0.002525,0.002524,0.002523,0.002522,0.002521,0.002519,0.002518,0.002517,0.002516,0.002515,0.002526,0.002527,0.002528,0.002529,0.00253,0.002531,0.002532,0.002533,0.002537,0.002538,754.6,13021.4,13720,21595.4,26111.4,13021.4,29205.5,13021.4,720130.7,59746.1,15444.2,13058.9,6133.4,20120.2,178019.3,825221,451083.7,257346.1,13021.4,31611.9
232,0.002524,0.002523,0.002522,0.002521,0.002519,0.002518,0.002517,0.002516,0.002515,0.002514,0.002525,0.002526,0.002527,0.002528,0.002529,0.00253,0.002531,0.002532,0.002533,0.002537,13021.4,20011.6,21595.4,26111.4,13021.4,29205.5,631083.7,59746.1,59746.1,13021.4,6133.4,26620.3,13058.9,6133.4,20120.2,178019.3,825221,628964.6,36385.9,13021.4
233,0.002524,0.002523,0.002522,0.002521,0.002519,0.002518,0.002517,0.002516,0.002515,0.002511,0.002525,0.002526,0.002527,0.002528,0.002529,0.00253,0.002531,0.002532,0.002533,0.002537,6233.4,20011.6,21595.4,26111.4,13021.4,29205.5,216637.2,666004.2,59746.1,13021.4,6133.4,31085.5,13058.9,6133.4,20120.2,21923.8,975400.5,620378.3,36385.9,13021.4
234,0.002525,0.002523,0.002522,0.002521,0.002519,0.002518,0.002517,0.002516,0.002515,0.002511,0.002526,0.002527,0.002528,0.002529,0.00253,0.002531,0.002532,0.002533,0.002536,0.002537,754.6,13223.6,21595.4,26111.4,13021.4,29205.5,660764.5,491046.8,59746.1,13021.4,31085.5,13058.9,6133.4,20120.2,21923.8,975400.5,445670.1,236600.6,15935.8,13021.4
235,0.002525,0.002524,0.002523,0.002522,0.002521,0.002519,0.002518,0.002517,0.002516,0.002515,0.002526,0.002527,0.002528,0.002529,0.00253,0.002531,0.002532,0.002533,0.002536,0.002537,754.6,6233.4,19457,21595.4,26111.4,13021.4,29205.5,461589.7,59756.3,59746.1,31085.5,13058.9,6133.4,20120.2,21923.8,975400.5,213801.1,237165.6,15935.8,13021.4
236,0.002525,0.002523,0.002522,0.002521,0.002519,0.002518,0.002517,0.002516,0.002515,0.002511,0.002526,0.002527,0.002528,0.002529,0.00253,0.002531,0.002532,0.002533,0.002536,0.002537,754.6,25748.6,21595.4,26111.4,13021.4,29205.5,515899,59756.3,59746.1,13021.4,24197.5,13058.9,6133.4,20120.2,178019.3,820427,242314.1,704437.4,15935.8,13021.4
237,0.002524,0.002523,0.002522,0.002519,0.002518,0.002517,0.002516,0.002511,0.00251,0.002509,0.002526,0.002527,0.002528,0.002529,0.00253,0.002531,0.002532,0.002533,0.002536,0.002537,18753.2,25748.6,21595.4,13021.4,75909.8,59735.9,59756.3,13021.4,120364.6,6233.4,24197.5,13058.9,6133.4,20120.2,21923.8,820427,13021.4,20450.1,15935.8,13021.4
238,0.002521,0.00252,0.002519,0.002518,0.002517,0.002516,0.002515,0.002514,0.002513,0.002512,0.002523,0.002524,0.002525,0.002526,0.002528,0.002529,0.00253,0.002531,0.002532,0.002533,13021.4,28417.1,13021.4,29205.5,13021.4,13021.4,505280.5,59807.4,237099.8,46745.2,26101,25341.2,26090.7,30373.6,6133.4,22322.8,178019.3,826103.3,251801.5,28957.2
239,0.00252,0.002519,0.002518,0.002516,0.002515,0.002514,0.002513,0.002512,0.002511,0.00251,0.002521,0.002522,0.002523,0.002524,0.002525,0.002526,0.002528,0.002529,0.00253,0.002531,15321.9,26121.8,29205.5,13021.4,857971.2,272043,13021.4,46745.2,13021.4,120364.6,6133.4,19218.2,19213,25341.2,26090.7,17309.5,6133.4,22322.8,178019.3,1053706.7
240,0.002519,0.002518,0.002516,0.002515,0.002514,0.002513,0.002512,0.002511,0.00251,0.002509,0.002521,0.002522,0.002523,0.002524,0.002525,0.002526,0.002527,0.002528,0.002529,0.00253,8492.5,28385.5,22088,642750.8,220104.8,266921.5,46745.2,13021.4,120364.6,6233.4,19223.4,19218.2,19213,25341.2,13021.4,17309.5,2202.6,6133.4,28437.2,388104.4
241,0.002516,0.002515,0.002514,0.002513,0.002512,0.002511,0.00251,0.002509,0.002508,0.002507,0.002518,0.002519,0.00252,0.002521,0.002522,0.002525,0.002526,0.002527,0.002528,0.002529,28448.1,210594,417165.8,13021.4,209681.9,256549.9,120364.6,6233.4,30453.9,737667,13021.4,19233.8,19228.6,25356.8,6133.4,15322.2,17309.5,9085.2,6133.4,233818.4
242,0.002518,0.002517,0.002516,0.002515,0.002514,0.002513,0.002512,0.002511,0.00251,0.002508,0.00252,0.002521,0.002522,0.002525,0.002526,0.002527,0.002528,0.002529,0.00253,0.002531,18784.4,19344.2,15332.1,13021.4,22020.6,214961.2,463832.8,59889.4,319284.2,13021.4,24681.2,25356.8,6133.4,15322.2,17309.5,9085.2,208400.7,36056,37859.6,1017700
243,0.002515,0.002514,0.002511,0.00251,0.002507,0.002506,0.002505,0.002504,0.0025,0.002499,0.002517,0.002518,0.002519,0.002525,0.002526,0.002527,0.002528,0.002529,0.00253,0.002531,26142.6,13021.4,716833.4,334018.1,805297,13021.4,180123.1,80248.1,354841.6,13021.4,23467,26127,19233.8,13021.4,17309.5,263341.4,22069.2,253724.8,21923.8,818780.4
244,0.002516,0.002515,0.002514,0.002511,0.00251,0.002509,0.002508,0.002507,0.002506,0.002505,0.002518,0.002519,0.00252,0.002525,0.002526,0.002527,0.002528,0.002529,0.00253,0.002531,12561.4,26142.6,13021.4,482126.8,299369.1,331684.9,203612.5,805297,13021.4,180123.1,19239,26121.8,13095.2,13021.4,17309.5,447821.6,6133.4,269660.6,37859.6,13021.4
245,0.002516,0.002515,0.002511,0.00251,0.002509,0.002508,0.002507,0.002506,0.002505,0.002504,0.002518,0.002519,0.00252,0.002525,0.002526,0.002527,0.002528,0.002529,0.00253,0.002531,19349.4,26641.9,13021.4,267975.8,535101.1,231766.6,805297,13021.4,180123.1,80248.1,25372.4,26121.8,26116.6,415287.5,17309.5,216438,6133.4,36056,178019.3,815930.4
246,0.002518,0.002516,0.002515,0.002512,0.002511,0.00251,0.002509,0.002508,0.002507,0.002506,0.002519,0.00252,0.002521,0.002524,0.002525,0.002526,0.002528,0.002529,0.00253,0.002531,13105.6,8432.6,21613.6,9036.1,13021.4,67099.2,853948.5,269828.6,801931,13021.4,6133.4,24026.4,13021.4,2259,493135.5,265587.3,22069.2,20120.2,178019.3,815930.4
247,0.002518,0.002517,0.002516,0.002515,0.002512,0.002511,0.00251,0.002509,0.002508,0.002507,0.002519,0.00252,0.002521,0.002524,0.002525,0.002526,0.002527,0.002528,0.002529,0.00253,7287.3,13110.8,3422.5,19354.6,9036.1,13021.4,307278.2,300235.6,31264.4,801931,19233.8,26116.6,13021.4,2259,253904.2,267228.4,268672.9,22069.2,20120.2,178019.3
248,0.002521,0.00252,0.002519,0.002518,0.002517,0.002515,0.002514,0.002511,0.00251,0.002509,0.002523,0.002524,0.002525,0.002526,0.002527,0.002528,0.002529,0.00253,0.002532,0.002533,32912.7,13095.2,13021.4,28374.3,13021.4,52999,9059.4,59868.9,262826.8,211126,29643.9,21185.9,10269,213057.6,450505.7,213386.7,176215.7,255032.1,807678.4,35611.6
249,0.002519,0.002518,0.002517,0.002515,0.002514,0.002513,0.002512,0.002511,0.00251,0.002509,0.002521,0.002522,0.002523,0.002524,0.002525,0.002526,0.002527,0.002528,0.002529,0.00253,13520.7,26127,2275.2,6233.4,9059.4,59827.9,257961.4,59868.9,67078.7,285942.8,19223.4,19218.2,23026.4,21185.9,10269,17309.5,258513.3,276709.8,192151.5,239096.3
250,0.00252,0.002519,0.002518,0.002517,0.002515,0.002514,0.002513,0.002512,0.002511,0.00251,0.002522,0.002523,0.002524,0.002525,0.002526,0.002527,0.002528,0.002529,0.00253,0.002531,19328.6,20253.4,26127,2275.2,6233.4,9059.4,298395.1,489216.6,59868.9,304327,26106.2,23026.4,21185.9,10269,17309.5,13021.4,492416.5,36056,258394.6,169116.9
251,0.002519,0.002518,0.002517,0.002515,0.002514,0.002513,0.002512,0.002511,0.00251,0.002509,0.002521,0.002522,0.002523,0.002524,0.002525,0.002526,0.002527,0.002528,0.002529,0.00253,33409.1,26127,2275.2,6233.4,9059.4,299411.9,251725.8,59868.9,67078.7,87838.2,19223.4,19218.2,23026.4,21185.9,10269,17309.5,13021.4,510484.9,274760.4,21923.8
252,0.002517,0.002516,0.002515,0.002513,0.002512,0.002511,0.00251,0.002509,0.002507,0.002506,0.002519,0.00252,0.002521,0.002522,0.002523,0.002524,0.002525,0.002526,0.002527,0.002528,26631.5,15403.6,6233.4,541313.7,548486.6,297817.4,20231.2,325928.5,787614,13021.4,26121.8,26116.6,25356.8,6133.4,23026.4,15298.4,7987.2,17309.5,38197.5,503514
253,0.002517,0.002516,0.002515,0.002514,0.002512,0.002511,0.00251,0.002509,0.002508,0.002507,0.002519,0.00252,0.002524,0.002525,0.002526,0.002527,0.002528,0.002529,0.00253,0.002531,19344.2,28438.3,19354.6,13021.4,301627.8,524978.3,251390.2,318997.2,13021.4,787614,26121.8,13021.4,15277.5,7987.2,26384.4,498661.3,6133.4,251279.2,178019.3,800812.4
254,0.002517,0.002516,0.002515,0.002514,0.002512,0.002511,0.00251,0.002509,0.002508,0.002507,0.002519,0.00252,0.002524,0.002525,0.002526,0.002527,0.002528,0.002529,0.00253,0.002531,18789.6,28438.3,19354.6,13021.4,22167.3,59868.9,251390.2,318997.2,13021.4,787614,25367.2,26116.6,15277.5,7987.2,329248.9,28957.2,6133.4,251279.2,178019.3,800812.4
255,0.002516,0.002515,0.002514,0.002512,0.002511,0.00251,0.002509,0.002508,0.002507,0.002506,0.002518,0.002519,0.00252,0.002523,0.002525,0.002526,0.002527,0.002528,0.002529,0.00253,26137.4,19354.6,15268,22167.3,650092.7,546502.1,318997.2,13021.4,764532,13021.4,19239,19233.8,26116.6,2246.6,7987.2,337230.7,28957.2,6133.4,251279.2,21923.8
256,0.002516,0.002515,0.002514,0.002512,0.002511,0.00251,0.002509,0.002508,0.002507,0.002506,0.002517,0.002518,0.002519,0.00252,0.002523,0.002525,0.002526,0.002527,0.002528,0.002529,13116,19354.6,15268,22167.3,650113.2,362211.1,324733.9,13021.4,764532,13021.4,13576,18484.4,19233.8,31116.6,2246.6,7987.2,337230.7,265852.9,6133.4,20120.2
257,0.002515,0.002514,0.002513,0.002511,0.00251,0.002509,0.002508,0.002507,0.002506,0.002505,0.002517,0.002518,0.002519,0.00252,0.002521,0.002524,0.002525,0.002526,0.002527,0.002528,25588,26147.8,2305.3,13021.4,314067,848139,13021.4,764532,13021.4,180123.1,18489.6,18484.4,19233.8,18021.4,2306.8,22022.7,262805,17309.5,237621.5,6133.4
258,0.002507,0.002506,0.002505,0.002504,0.002503,0.002502,0.002501,0.0025,0.002499,0.002497,0.002508,0.002509,0.00251,0.002511,0.002512,0.002513,0.002514,0.002515,0.002516,0.002517,13021.4,7287.3,13021.4,80248.1,13021.4,50535.3,2271,60117.3,845140.2,759053,13157.8,13021.4,28412.4,13021.4,9397.4,22138.5,13021.4,285404.1,259849.3,266531.2
259,0.002505,0.002504,0.002503,0.002502,0.002501,0.0025,0.002499,0.002498,0.002497,0.002496,0.002506,0.002507,0.002508,0.002509,0.00251,0.002512,0.002513,0.002514,0.002515,0.002516,6233.4,33487.6,26205.5,50535.3,76355,254053.6,826884.6,211268.9,768096.5,270140.6,14006.2,26184.5,19291.2,13021.4,28412.4,13021.4,61518.6,13021.4,52401.5,220812.9
260,0.002506,0.002505,0.002502,0.002501,0.0025,0.002499,0.002498,0.002497,0.002493,0.002489,0.002508,0.002509,0.00251,0.002512,0.002513,0.002515,0.002516,0.002517,0.002518,0.002519,20455.6,19407,13021.4,288895.9,253804,640045.8,211268.9,759053,13021.4,22753.7,19291.2,26174,15298.7,13021.4,61641.7,52401.5,596271.4,232384.4,424145,13021.4
261,0.002506,0.002505,0.002502,0.002501,0.0025,0.002499,0.002498,0.002497,0.002496,0.002493,0.002508,0.002509,0.00251,0.002511,0.002513,0.002515,0.002516,0.002517,0.002519,0.00252,6380.3,33482.3,13021.4,500271.7,254043.2,220424.8,13021.4,803284.5,13021.4,34926.7,25561,28419.1,13021.4,8980.5,13021.4,52401.5,596271.4,232384.4,13021.4,18021.4
262,0.002505,0.002502,0.002501,0.0025,0.002499,0.002498,0.002497,0.002496,0.002493,0.002489,0.002507,0.002508,0.002509,0.00251,0.002511,0.002513,0.002514,0.002515,0.002519,0.00252,20308.7,13021.4,78609,60292.6,426682.4,435054.3,999791.9,13021.4,34926.7,22753.7,13163.1,24806.4,28419.1,13021.4,8980.5,13021.4,669790.9,257087.7,13021.4,174116.9
263,0.002507,0.002506,0.002505,0.002504,0.002502,0.002501,0.0025,0.002499,0.002498,0.002497,0.002508,0.002509,0.00251,0.002512,0.002513,0.002514,0.002515,0.002519,0.00252,0.002521,612.9,13021.4,19407,13178.9,13021.4,78609,60271.9,426682.4,435054.3,1053751.4,26179.2,21531.1,13021.4,9090.2,13021.4,825886.4,311848.9,13021.4,18021.4,778315
264,0.002506,0.002505,0.002502,0.002501,0.0025,0.002499,0.002498,0.002497,0.002496,0.002493,0.002508,0.002509,0.00251,0.002512,0.002513,0.002514,0.002515,0.002519,0.00252,0.002522,19401.7,25238,13021.4,78609,60292.6,426682.4,648367.9,797600,13021.4,34926.7,19291.2,21531.1,13021.4,9090.2,13021.4,825886.4,265715.1,13021.4,18021.4,22965.9
265,0.002502,0.002501,0.0025,0.002499,0.002498,0.002497,0.002496,0.002494,0.002493,0.00249,0.002507,0.002508,0.002509,0.00251,0.002511,0.002512,0.002513,0.002514,0.002515,0.002519,6233.4,76355,377317.7,13021.4,940776.3,272564.3,811829.4,220522.2,34926.7,13021.4,13021.4,28456.8,26174,13021.4,22134.7,39380.1,13021.4,257444.6,663272.9,13021.4
266,0.002501,0.0025,0.002499,0.002498,0.002497,0.002496,0.002495,0.002494,0.002493,0.002491,0.002503,0.002507,0.002508,0.002509,0.00251,0.002511,0.002513,0.002514,0.002515,0.002518,55275.4,377317.7,13021.4,242496.2,671838.6,1030273.6,13021.4,398946.3,34926.7,205455.4,554.6,13021.4,21568.8,26174,13021.4,22134.7,13021.4,453905.8,13021.4,218444.2
267,0.002503,0.002502,0.002501,0.0025,0.002499,0.002498,0.002497,0.002496,0.002495,0.002494,0.002505,0.002506,0.002507,0.002508,0.002509,0.00251,0.002511,0.002514,0.002515,0.002518,6233.4,29990.7,13021.4,377317.7,13021.4,258653.1,486414.8,1050799.8,13021.4,180502.1,6285.6,6133.4,19296.5,21568.8,26174,13021.4,22134.7,250006.9,13021.4,238970.4
268,0.002502,0.002501,0.0025,0.002498,0.002497,0.002496,0.002495,0.002494,0.002493,0.002491,0.002505,0.002506,0.002507,0.002508,0.00251,0.002511,0.002514,0.002515,0.002518,0.002519,13189.4,13194.7,364296.3,9223.8,236985.5,1255321.9,240561,167480.7,262466.3,192434,12419,19301.7,19296.5,21568.8,13021.4,22134.7,250006.9,13021.4,238970.4,13021.4
269,0.002501,0.0025,0.002498,0.002496,0.002495,0.002494,0.002493,0.002489,0.002487,0.002485,0.002505,0.002506,0.002507,0.002508,0.00251,0.002511,0.002514,0.002515,0.002519,0.00252,40392.7,364296.3,9223.8,1030706.6,469896,417091.1,255734.6,141474.5,6009.4,43386.2,19999.4,19301.7,19296.5,21568.8,13021.4,22134.7,250006.9,294712.1,13021.4,40470.9
270,0.002501,0.002499,0.002498,0.002496,0.002495,0.002494,0.002493,0.002491,0.002489,0.002487,0.002502,0.002503,0.002504,0.002505,0.002506,0.002508,0.002509,0.002511,0.002513,0.002514,120431,7209.8,2300.8,1039840.8,469896,417091.1,255734.6,192434,141474.5,6009.4,26210.8,26205.5,18715.2,26132.8,8417,6133.4,22155.7,13021.4,231379.9,13021.4
271,0.002501,0.0025,0.002499,0.002498,0.002497,0.002496,0.002495,0.002494,0.002493,0.002489,0.002504,0.002505,0.002506,0.002507,0.002509,0.00251,0.002511,0.002512,0.002513,0.002514,7640,98157.2,7209.8,2300.8,805264,9134.2,715452,805402.4,21905.3,141474.5,17960.6,26132.8,6133.4,2264.1,13021.4,22020.4,244973.4,13021.4,231379.9,13021.4
272,0.002501,0.0025,0.002499,0.002498,0.002497,0.002496,0.002494,0.002493,0.002489,0.002487,0.002504,0.002505,0.002506,0.002507,0.002509,0.00251,0.002511,0.002512,0.002513,0.002514,29899,98157.2,7209.8,2300.8,805264,9134.2,1532275.7,21905.3,141474.5,6009.4,3306.5,26132.8,6133.4,2264.1,13021.4,22020.4,244973.4,13021.4,231379.9,13021.4
273,0.002506,0.002505,0.002504,0.002503,0.002501,0.002499,0.002498,0.002496,0.002495,0.002494,0.002509,0.002512,0.002513,0.002514,0.002515,0.002519,0.00252,0.002525,0.002526,0.002528,6380.3,13173.6,6390.9,13184.1,2286.3,93061.6,9012.2,804982,160320.6,687689.6,15438.9,9145.1,557895.2,274328.2,30000,156095.5,381936.2,15099.7,4288.1,427687.7
274,0.002503,0.002501,0.002499,0.002498,0.002496,0.002494,0.002493,0.002492,0.002489,0.002487,0.002504,0.002508,0.002509,0.002512,0.002513,0.002514,0.002515,0.002519,0.00252,0.002525,13184.1,2286.3,93061.6,169140.3,1059978.8,426313.3,21905.3,39988.9,141474.5,46218.4,397.1,11922,15438.9,9145.1,254796.8,258832.6,290388,156095.5,381936.2,15099.7
275,0.002501,0.0025,0.002499,0.002497,0.002496,0.002494,0.002493,0.002492,0.002489,0.002487,0.002504,0.002505,0.002506,0.002507,0.002508,0.002509,0.002511,0.002514,0.002515,0.00252,31944,12002.5,91057.1,9081.4,1420957.4,761416.3,21905.3,39988.9,141474.5,6009.4,13178.9,13173.6,13168.3,6275.1,7304.3,13152.6,9081.4,553760.5,30000,27449.5
276,0.002501,0.0025,0.002499,0.002498,0.002497,0.002495,0.002494,0.002493,0.002492,0.002489,0.002506,0.002507,0.002508,0.002509,0.00251,0.002513,0.002514,0.002515,0.00252,0.002523,44843,87159.1,2272.9,14215.4,9081.4,1647231.5,445661.8,21905.3,39988.9,141474.5,2945.8,8553.2,5034,13152.6,9112.6,561151.2,279089.8,30000,27449.5,156095.5
277,0.002505,0.002504,0.002503,0.0025,0.002499,0.002498,0.002497,0.002496,0.002495,0.002494,0.002509,0.002511,0.002513,0.002514,0.002515,0.00252,0.002523,0.002524,0.002526,0.002528,13173.6,6390.9,6396.1,2307.1,87233.2,14215.4,9081.4,549689.2,1083740.1,442229.1,15443.8,9228.5,275574.9,552022.4,30000,27449.5,156095.5,716486,4288.1,427687.7
278,0.002502,0.0025,0.002498,0.002497,0.002495,0.002494,0.002493,0.002492,0.002489,0.002487,0.002503,0.002508,0.002509,0.002511,0.002515,0.002516,0.00252,0.002521,0.002522,0.002526,13189.4,125010.4,14215.4,9081.4,808511,167480.7,21905.3,232345.6,141474.5,6009.4,391.9,6269.8,15443.8,9228.5,30000,56246.6,27449.5,156095.5,809446,4288.1
279,0.002498,0.002494,0.002493,0.002492,0.002491,0.00249,0.002489,0.002487,0.002485,0.002484,0.002499,0.0025,0.002501,0.002503,0.002504,0.002505,0.002506,0.002507,0.002508,0.002509,565.5,6443.7,21905.3,39988.9,2274,122711,127742.2,778029.3,218436.6,811990,13205.2,13200,9328.7,205971.1,205077.7,196281.6,198919.9,156095.5,218436.6,7209.8
280,0.002496,0.002495,0.002494,0.002493,0.002492,0.00249,0.002489,0.002487,0.002486,0.002483,0.002497,0.0025,0.002501,0.002504,0.002508,0.002509,0.00251,0.002511,0.002512,0.002513,13221.1,6438.4,40096.2,24215.4,39988.9,322854.1,499613.8,373162.3,813089,22956.4,360.2,6312,9328.7,9179.3,191942.6,7209.8,190351.5,156095.5,811992,22489.4
281,0.002501,0.002498,0.002497,0.002496,0.002495,0.002494,0.002493,0.002492,0.002491,0.00249,0.002502,0.002506,0.002508,0.002509,0.00251,0.002511,0.002512,0.002513,0.002515,0.002516,4614.9,13210.5,6427.8,6433.1,8745.7,40096.2,234076.5,39988.9,9075.8,211151.9,15492,9193,424342.4,7209.8,210645.2,156095.5,811992,22489.4,30000,56246.6
282,0.002496,0.002495,0.002494,0.002493,0.002492,0.002491,0.00249,0.002489,0.002487,0.002486,0.002497,0.002501,0.002502,0.002503,0.002506,0.002508,0.002509,0.00251,0.002512,0.002513,6433.1,2307.3,40096.2,21905.3,39988.9,9075.8,714914.1,479674.6,366715.4,813089,360.2,13194.7,8017.4,15455.3,9193,238192.7,7209.8,236993.5,813256,22489.4
283,0.002496,0.002495,0.002494,0.002493,0.002492,0.002491,0.00249,0.002489,0.002488,0.002487,0.0025,0.002501,0.002502,0.002505,0.002507,0.002508,0.002509,0.002511,0.002512,0.002513,6433.1,13226.4,40096.2,24155.1,39988.9,9075.8,770370.8,435269.7,249845.3,173971.9,6312,13194.7,10285.2,8974.4,253598.8,503113.8,7209.8,156095.5,813256,22489.4
284,0.002499,0.002494,0.002493,0.002492,0.002491,0.00249,0.002489,0.002488,0.002487,0.002485,0.0025,0.002501,0.002502,0.002506,0.002507,0.002508,0.002509,0.002511,0.002512,0.002513,570.8,33308.2,24155.1,39988.9,9075.8,496579.4,683559.4,250548.3,424520.2,43386.2,6312,13194.7,10285.2,247136.2,248289.7,249111.2,7209.8,156095.5,813256,22489.4
285,0.002494,0.002493,0.002492,0.002491,0.00249,0.002489,0.002488,0.002487,0.002485,0.002484,0.002501,0.002502,0.002504,0.002507,0.002508,0.002509,0.002513,0.002515,0.002516,0.00252,21997.8,21905.3,39988.9,9052.6,231512,705224.6,465093.6,173971.9,236284.8,816167,6306.7,2263.1,9112,463206.8,232186.1,7209.8,22489.4,186095.5,56246.6,5000
286,0.002498,0.002497,0.002494,0.002493,0.002492,0.002491,0.00249,0.002489,0.002488,0.002487,0.002502,0.002506,0.002508,0.002509,0.002513,0.002515,0.002516,0.00252,0.002523,0.002526,13210.5,6427.8,22029.8,21905.3,39988.9,9190.4,501329.6,242681.1,420451.5,173971.9,8599,8986.8,734865.3,7209.8,22489.4,186095.5,56246.6,5000,15099.7,4288.1
287,0.002497,0.002496,0.002494,0.002493,0.002492,0.00249,0.002489,0.002488,0.002487,0.002483,0.002501,0.002503,0.002506,0.002507,0.002508,0.002509,0.002513,0.002515,0.002516,0.00252,13215.8,6433.1,22038.2,21905.3,48987.5,219486.1,242681.1,414148.8,991725.9,22956.4,6306.7,2252.6,165082.3,659258.9,221482.8,7209.8,22489.4,30000,56246.6,5000
288,0.002501,0.002496,0.002495,0.002494,0.002493,0.002492,0.00249,0.002489,0.002488,0.002487,0.002502,0.002503,0.002505,0.002506,0.002507,0.002508,0.002509,0.002513,0.002515,0.00252,581.3,8550.4,2291.2,32963.9,21905.3,48987.5,260489.5,758214.8,226915.7,946794.9,13189.4,2252.6,56246.6,8986.8,514448.2,226915.7,7209.8,22489.4,30000,20099.7
289,0.002497,0.002496,0.002494,0.002492,0.00249,0.002489,0.002488,0.002487,0.002484,0.002483,0.002502,0.002503,0.002505,0.002508,0.002509,0.002511,0.002512,0.002513,0.002515,0.00252,13215.8,1762.4,35227.8,48987.5,747526.5,242681.1,277650.5,173971.9,767541,22956.4,6301.4,2252.6,65302.2,505957.8,258067.2,156095.5,255866.4,22489.4,30000,20099.7
290,0.002499,0.002498,0.002497,0.002496,0.002495,0.002494,0.002492,0.002491,0.00249,0.002489,0.002504,0.002505,0.002506,0.002508,0.002509,0.002512,0.002513,0.002515,0.00252,0.002526,6417.2,13210.5,7008.4,1762.4,2284.1,32963.9,8998.6,244009.9,633258,377273.6,61385.5,40310,9109.5,490084,7209.8,258552.8,22489.4,30000,20099.7,4288.1
291,0.002501,0.002497,0.002496,0.002495,0.002494,0.002492,0.002491,0.00249,0.002489,0.002488,0.002502,0.002504,0.002505,0.002506,0.002508,0.002509,0.002511,0.002512,0.002513,0.002515,581.3,6427.8,1762.4,2284.1,32963.9,8998.6,530077.4,9997.9,520478.4,21784.1,13189.4,15434.5,40310,9109.5,534208.2,7209.8,424770.5,265857.3,22489.4,30000
292,0.002496,0.002495,0.002494,0.002492,0.002491,0.00249,0.002489,0.002488,0.002487,0.002485,0.0025,0.002501,0.002502,0.002503,0.002505,0.002508,0.002509,0.002512,0.002513,0.002515,6433.1,8722.5,35232.3,8998.6,182273.8,374510.5,316939,21784.1,173971.9,818178,6312,13194.7,26301.4,2306.6,49484.1,182238.8,7209.8,180664.7,22489.4,30000
