timestamp,bid_price_0,bid_price_1,bid_price_2,bid_price_3,bid_price_4,bid_price_5,bid_price_6,bid_price_7,bid_price_8,bid_price_9,ask_price_0,ask_price_1,ask_price_2,ask_price_3,ask_price_4,ask_price_5,ask_price_6,ask_price_7,ask_price_8,ask_price_9,bid_size_0,bid_size_1,bid_size_2,bid_size_3,bid_size_4,bid_size_5,bid_size_6,bid_size_7,bid_size_8,bid_size_9,ask_size_0,ask_size_1,ask_size_2,ask_size_3,ask_size_4,ask_size_5,ask_size_6,ask_size_7,ask_size_8,ask_size_9
0,0.00248,0.002479,0.002478,0.002477,0.002476,0.002475,0.002474,0.002473,0.002472,0.00247,0.002481,0.002483,0.002485,0.002486,0.002487,0.002488,0.002489,0.002491,0.002492,0.002493,49562.5,6233.4,94872.3,33287.7,13021.4,22008.8,214804.4,431746.1,258433.1,13021.4,554.6,26311.7,13021.4,2363.6,13021.4,20231.2,22135,214228,403683.7,13021.4
1,0.00248,0.002479,0.002478,0.002477,0.002476,0.002475,0.002474,0.002473,0.002472,0.00247,0.002481,0.002484,0.002485,0.002486,0.002487,0.002488,0.002489,0.002492,0.002493,0.002494,42774.5,6233.4,21359.5,33287.7,13021.4,22008.8,217463,632538,258433.1,13021.4,554.6,13021.4,13021.4,2363.6,13021.4,20231.2,22135,204441.6,13021.4,13021.4
2,0.002492,0.002491,0.00249,0.002489,0.002488,0.002486,0.002484,0.002482,0.002481,0.00248,0.002494,0.002495,0.002496,0.002498,0.0025,0.002501,0.002502,0.002503,0.002505,0.002506,13242.3,19481,26274.4,2363.6,181363.6,22017.2,13021.4,306326.4,13021.4,29468.1,6133.4,26247.8,26242.5,15385,339656.3,166419.4,13021.4,185022,13021.4,62516.4
3,0.002482,0.002481,0.00248,0.002479,0.002478,0.002477,0.002474,0.002473,0.002472,0.002471,0.002485,0.002486,0.002487,0.00249,0.002491,0.002492,0.002493,0.002498,0.002499,0.0025,15385,13021.4,288739.5,420639.8,313845.3,197542.5,13021.4,1085030.2,68348,22588.5,26301,26295.7,26290.3,13021.4,932243,13021.4,15356.3,13021.4,324262.8,20231.2
4,0.002478,0.002477,0.002476,0.002475,0.002474,0.002473,0.002472,0.00247,0.002469,0.002468,0.002479,0.002481,0.002482,0.002483,0.002484,0.002485,0.002486,0.002487,0.00249,0.002491,13021.4,39098.4,13021.4,208928.1,13021.4,21885.2,68348,2363.6,13021.4,590666.9,2363.6,13021.4,22044.7,7151.4,6133.4,26301,26295.7,26290.3,159264.1,149045.6
5,0.002476,0.002475,0.002474,0.002473,0.002472,0.00247,0.002469,0.002468,0.002467,0.002466,0.002479,0.00248,0.002481,0.002482,0.002483,0.002487,0.002489,0.00249,0.002491,0.002492,7737.8,235282.8,13338.7,13021.4,68348,104264.9,297755.1,590666.9,341790.5,13021.4,28232.6,13306.4,13021.4,926409.7,20172.8,13021.4,13021.4,156333.4,13021.4,378166.8
6,0.002476,0.002475,0.002473,0.002472,0.00247,0.002469,0.002468,0.002467,0.002466,0.002465,0.002479,0.00248,0.002481,0.002482,0.002483,0.002491,0.002492,0.002493,0.002502,0.002503,6233.4,217742.4,13021.4,68348,104264.9,457052.3,1087221.5,9166.8,13021.4,236228.7,15675.4,13306.4,13021.4,926409.7,20172.8,13021.4,191913.2,511477.4,13021.4,15121.4
7,0.002477,0.002476,0.002473,0.002472,0.00247,0.002469,0.002468,0.002467,0.002466,0.002465,0.002479,0.00248,0.002481,0.002482,0.002483,0.002489,0.00249,0.002491,0.002492,0.002493,13322.5,26349.3,6233.4,68348,15385,633640,590666.9,9166.8,13021.4,236228.7,899840.6,13021.4,9044.5,13021.4,20172.8,36008.3,169354.8,177485.8,184441.9,182922
8,0.002474,0.002473,0.002472,0.002471,0.00247,0.002469,0.002468,0.002467,0.002466,0.002465,0.002477,0.002478,0.002479,0.00248,0.002481,0.002482,0.002483,0.002488,0.002491,0.002492,7874.1,28535.8,70711.6,13021.4,104607.3,530166.7,754889.5,179517.7,175144.6,851416.1,19455.9,20346.9,13311.8,13021.4,28686,13021.4,22243.6,332414.7,13021.4,13021.4
9,0.002473,0.002472,0.002471,0.00247,0.002469,0.002468,0.002467,0.002466,0.002465,0.002464,0.002475,0.002476,0.002477,0.002478,0.002479,0.00248,0.002482,0.002483,0.002486,0.002487,6556.1,84061.1,13021.4,101731.9,443493.6,590666.9,190444.9,551373.6,851416.1,9246.4,13021.4,13327.9,12567.9,20346.9,13311.8,15385,13021.4,22243.6,190444.9,397431.4
10,0.002478,0.002477,0.002476,0.002474,0.002471,0.00247,0.002469,0.002468,0.002467,0.002466,0.002479,0.00248,0.002481,0.002482,0.002483,0.002486,0.00249,0.002491,0.002492,0.002502,13317.1,26343.9,26349.3,13021.4,15385,13021.4,457151.7,618821.4,13021.4,200016.9,13021.4,15385,13021.4,57108.4,22018,710817.1,13021.4,35962.7,182922,13021.4
11,0.002479,0.002478,0.002477,0.002476,0.002474,0.002472,0.002471,0.00247,0.002469,0.002468,0.00248,0.002482,0.002483,0.002484,0.002485,0.002486,0.002487,0.00249,0.002491,0.002492,17545.8,18462.2,19555.9,19561.3,6233.4,2363.6,13021.4,13021.4,457245.5,618821.4,2363.6,13021.4,66316,57099.5,120118.2,358783.1,202426.9,13021.4,192296.1,182922
12,0.002478,0.002477,0.002476,0.002474,0.002473,0.002471,0.00247,0.002469,0.002468,0.002466,0.00248,0.002481,0.002482,0.002483,0.002484,0.002485,0.002486,0.002489,0.00249,0.002491,16051,13322.5,6233.4,12863.7,25573.6,13021.4,50060,420363.2,590666.9,13021.4,13021.4,8497,26317.1,22233,57099.5,13021.4,156356.2,392579.8,13021.4,192296.1
13,0.002488,0.002487,0.002486,0.002484,0.002483,0.002482,0.00248,0.002479,0.002477,0.002476,0.002491,0.002492,0.002495,0.002497,0.002499,0.0025,0.002501,0.002502,0.002503,0.002504,26285,26290.3,15385,13021.4,29211.7,2544.4,13021.4,20231.2,13021.4,6233.4,41766.4,13021.4,15385,13021.4,22097.1,169354.8,206832,182922,15121.4,35577.3
14,0.002488,0.002487,0.002486,0.002484,0.002483,0.002482,0.00248,0.002479,0.002477,0.002475,0.002489,0.002492,0.002495,0.002496,0.002497,0.002498,0.002499,0.0025,0.002501,0.002502,26285,19502.3,28659.3,13021.4,29269.3,2544.4,13021.4,20231.2,32123.8,13021.4,15434.3,13021.4,13021.4,2363.6,22092.3,185141.7,13021.4,169354.8,13021.4,182922
15,0.002485,0.002484,0.002483,0.002482,0.002481,0.00248,0.002479,0.002477,0.002475,0.002474,0.002488,0.002489,0.00249,0.002492,0.002493,0.002495,0.002497,0.002498,0.002499,0.0025,2363.6,26306.4,33359.6,2544.4,9088.4,13021.4,20231.2,45145.2,205926.5,188402.7,26285,36078.2,19386.4,13021.4,2363.6,408349.8,13021.4,20231.2,13021.4,169354.8
16,0.002483,0.002482,0.002481,0.00248,0.002479,0.002477,0.002476,0.002475,0.002474,0.002473,0.002486,0.002487,0.002488,0.002489,0.002491,0.002492,0.002495,0.002496,0.002497,0.002498,25068,28861.5,22109.8,83435.5,20231.2,45145.2,205493.1,205521.1,12863.7,36231.4,26295.7,26290.3,19397,19391.7,2363.6,13021.4,215168.4,192499.7,13021.4,20231.2
17,0.002486,0.002485,0.002481,0.00248,0.002479,0.002478,0.002477,0.002476,0.002475,0.002474,0.002489,0.002491,0.002492,0.002495,0.002496,0.002497,0.002498,0.002499,0.0025,0.002501,13021.4,26301,15385,230084.3,491285.7,22070,45145.2,13021.4,411045.4,12863.7,22987.7,13021.4,9112.4,13021.4,91855.5,207159.2,13021.4,35464.3,13021.4,182922
18,0.002485,0.002484,0.002481,0.00248,0.002479,0.002478,0.002477,0.002476,0.002475,0.002474,0.002488,0.002489,0.002491,0.002492,0.002495,0.002496,0.002497,0.002498,0.002499,0.0025,4883.4,13285,15385,230084.3,491285.7,393369.6,140351,389172.3,13021.4,12863.7,6133.4,39438.1,13021.4,9112.4,13021.4,91855.5,377119.3,13021.4,35464.3,13021.4
19,0.002484,0.002481,0.00248,0.002479,0.002478,0.002477,0.002476,0.002475,0.002474,0.002473,0.002487,0.002488,0.002489,0.002491,0.002492,0.002495,0.002496,0.002497,0.002498,0.002499,19976.7,15385,230084.3,491285.7,393369.6,140351,189826.4,13021.4,12863.7,36231.4,13021.4,19397,52696.4,13021.4,9112.4,13021.4,91855.5,189659.5,13021.4,35464.3
20,0.002485,0.002484,0.002483,0.002482,0.002481,0.00248,0.002479,0.002478,0.002477,0.002476,0.002487,0.002488,0.002489,0.002491,0.002492,0.002495,0.002496,0.002497,0.002498,0.002499,17237.1,29241.6,13021.4,15059.2,15385,230084.3,491285.7,393369.6,326314.1,377406.1,13021.4,25530.4,52696.4,13021.4,22133.8,198984.5,91855.5,189659.5,13021.4,35464.3
21,0.002486,0.002485,0.002484,0.002483,0.002482,0.002481,0.00248,0.002479,0.002478,0.002477,0.002488,0.002489,0.002491,0.002492,0.002495,0.002496,0.002498,0.002499,0.0025,0.002501,21078.6,26301,26306.4,22966.2,38849.1,13021.4,150052.2,500432.5,384321,140351,11754.4,28643.3,22247.4,13021.4,196485.3,279304.2,13021.4,35464.3,13021.4,182922
22,0.002494,0.002493,0.002492,0.00249,0.002489,0.002488,0.002487,0.002486,0.002485,0.002484,0.002498,0.002499,0.002501,0.002502,0.002503,0.002504,0.002505,0.002506,0.002508,0.002509,13021.4,14830.4,26263.7,13021.4,27681.8,13021.4,128636.8,365609.7,189097.1,26306.4,6133.4,66442.1,13021.4,15385,15121.4,22059,192971,13021.4,194204.2,169354.8
23,0.002495,0.002494,0.002493,0.002492,0.002491,0.00249,0.002489,0.002487,0.002486,0.002485,0.002498,0.002499,0.0025,0.002501,0.002502,0.002503,0.002504,0.002505,0.002508,0.002509,13226.4,22201.8,14830.4,26263.7,9023.8,13021.4,20231.2,6233.4,1016.3,178834.7,13021.4,55594.2,13200,13021.4,15385,15121.4,22059,192971,13021.4,169354.8
24,0.002492,0.00249,0.002489,0.002485,0.002484,0.002483,0.002482,0.002478,0.002477,0.002475,0.002495,0.002496,0.002497,0.002498,0.002499,0.002501,0.002502,0.002503,0.002504,0.002505,15605.9,13021.4,29472.1,13021.4,177590.3,1198273.1,36027,13021.4,45145.2,13021.4,6133.4,26242.5,26237.2,26231.9,37074.5,15385,13021.4,179690.3,13021.4,183704.3
25,0.002497,0.002496,0.002495,0.002494,0.002493,0.002492,0.002491,0.00249,0.002489,0.002485,0.002499,0.0025,0.002502,0.002503,0.002504,0.002505,0.002509,0.00251,0.002511,0.002512,13021.4,25887.6,19756.5,13021.4,46093.2,13021.4,9169.5,13021.4,20231.2,13021.4,31022.7,26221.4,15385,15121.4,190026.4,183704.3,169354.8,62456,182922,35856.7
26,0.002493,0.002492,0.00249,0.002489,0.002487,0.002486,0.002485,0.002484,0.002483,0.002482,0.002495,0.002496,0.002497,0.002498,0.002499,0.0025,0.002501,0.002502,0.002503,0.002504,46093.2,13021.4,22224.6,20231.2,295715.9,344467.4,13021.4,177590.3,917618.4,36027,6526.1,26242.5,36514.3,26231.9,13021.4,13021.4,2363.6,13021.4,24117.2,13021.4
27,0.002493,0.002492,0.00249,0.002489,0.002487,0.002486,0.002485,0.002484,0.002483,0.002482,0.002494,0.002496,0.002497,0.002498,0.0025,0.002501,0.002502,0.002503,0.002508,0.002509,33334.9,13021.4,22224.6,20231.2,186779.5,13021.4,172736.3,13021.4,917618.4,36027,554.6,13021.4,19349.2,26231.9,13021.4,2363.6,13021.4,24117.2,173758.1,13021.4
28,0.002495,0.002494,0.002493,0.002492,0.00249,0.002489,0.002487,0.002485,0.002484,0.002483,0.002497,0.002498,0.002499,0.0025,0.002501,0.002502,0.002503,0.002505,0.002508,0.002509,15089,19465.1,23201.2,13021.4,22224.6,20231.2,185784.5,174884.9,13021.4,1476157.6,15420.9,13021.4,18194.8,13021.4,2363.6,13021.4,24117.2,360811.3,13021.4,169354.8
29,0.002497,0.002495,0.002494,0.002493,0.002492,0.00249,0.002489,0.002488,0.002487,0.002486,0.002498,0.002499,0.0025,0.002501,0.002502,0.002503,0.002504,0.002505,0.002508,0.002509,754.6,15383.6,19465.1,23201.2,13021.4,22224.6,20231.2,31011.5,13021.4,184270.1,24206.2,31400,13021.4,2363.6,13021.4,24117.2,184542.9,187906.3,13021.4,169354.8
30,0.002496,0.002495,0.002494,0.002493,0.002492,0.00249,0.002489,0.002488,0.002487,0.002484,0.002498,0.002499,0.0025,0.002501,0.002502,0.002503,0.002505,0.002508,0.002509,0.00251,6233.4,25575.7,19465.1,9964.2,13021.4,22224.6,20231.2,44032.9,347539.2,13021.4,23451.6,31400,13021.4,2363.6,13021.4,24117.2,348135.3,13021.4,169354.8,62456
31,0.002496,0.002495,0.002494,0.002493,0.002492,0.00249,0.002489,0.002488,0.002487,0.002484,0.002498,0.002499,0.0025,0.002501,0.002502,0.002503,0.002506,0.002507,0.002508,0.002509,13021.4,15264.6,19465.1,9964.2,13021.4,22224.6,20231.2,44032.9,338627.5,13021.4,16563.6,28205,13021.4,2363.6,13021.4,24117.2,181063.6,169759.9,13021.4,169354.8
32,0.002492,0.002491,0.00249,0.002489,0.002488,0.002487,0.002484,0.002483,0.002482,0.002475,0.002493,0.002495,0.002496,0.002497,0.002499,0.0025,0.002502,0.002503,0.002506,0.002507,74815.6,15611.2,13021.4,20231.2,262883.9,503000.1,13021.4,1446317.6,36027,13021.4,1504.1,19359.8,26242.5,6133.4,2363.6,13021.4,53117.6,64181.3,181063.6,182781.3
33,0.002494,0.002493,0.002492,0.002491,0.00249,0.002489,0.002488,0.002487,0.002486,0.002485,0.002496,0.002497,0.0025,0.002502,0.002503,0.002505,0.002509,0.00251,0.002511,0.002512,6233.4,24202,62681.6,13247.6,13021.4,29369.7,84129.1,172571,13021.4,172895,19354.5,6133.4,15385,62163.9,55185.5,358572.4,13021.4,169354.8,182922,35856.7
34,0.002489,0.002488,0.002487,0.002486,0.002484,0.002483,0.002482,0.002481,0.00248,0.002478,0.002491,0.002492,0.002493,0.002494,0.002495,0.002496,0.002497,0.002499,0.0025,0.002502,13907.2,42015.5,43313.6,13021.4,183028,601912.6,15385,170387.1,9017.6,13021.4,6133.4,15385,13021.4,28479.7,26247.8,427439.5,6133.4,53133.7,182922,13021.4
35,0.002485,0.002483,0.002482,0.002481,0.00248,0.002479,0.002478,0.002477,0.002476,0.002475,0.002487,0.002488,0.002489,0.00249,0.002491,0.002492,0.002493,0.002494,0.002495,0.002497,22029.5,212507.9,13021.4,130274.8,15385,53182,22256.5,199583.4,557288,13021.4,26290.3,13263.6,13021.4,15385,13021.4,22039.9,13021.4,46294,53182,6133.4
36,0.002488,0.002487,0.002485,0.002483,0.002482,0.002481,0.00248,0.002479,0.002478,0.002477,0.002489,0.00249,0.002493,0.002494,0.002495,0.002498,0.002499,0.0025,0.002502,0.002503,26285,26290.3,2666.1,214871.5,13021.4,170459.6,22188,242786.9,195942.9,199583.4,3159.9,2363.6,13021.4,15201.4,53182,13021.4,199743.2,182922,13021.4,38027.5
37,0.002486,0.002485,0.002484,0.002483,0.002482,0.002481,0.00248,0.002479,0.002476,0.002475,0.002488,0.002489,0.00249,0.002491,0.002493,0.002494,0.002499,0.0025,0.002502,0.002503,13021.4,26301,26306.4,212507.9,15385,130274.8,22188,53182,184082.8,13021.4,19397,19391.7,21750,26269,22101.7,46334.4,13021.4,367004.8,13021.4,38027.5
38,0.002487,0.002484,0.002483,0.002482,0.002481,0.00248,0.002479,0.002477,0.002475,0.002474,0.002489,0.00249,0.002491,0.002493,0.002494,0.002496,0.002497,0.002498,0.002499,0.0025,13268.9,6233.4,212507.9,15385,170491.9,22188,53182,635836.9,13021.4,12863.7,13021.4,17829.5,28632.6,22101.7,6133.4,53238.5,13021.4,393766,13021.4,182922
39,0.002489,0.002488,0.002484,0.002483,0.002482,0.002481,0.00248,0.002479,0.002477,0.002475,0.00249,0.002491,0.002493,0.002494,0.002496,0.002498,0.002499,0.0025,0.002502,0.002503,3549,13263.6,6233.4,212507.9,15385,170491.9,22188,53182,635974.5,13021.4,17074.9,28632.6,22101.7,6133.4,53238.5,190841.4,13021.4,182922,13021.4,38027.5
40,0.002484,0.002483,0.002482,0.002481,0.00248,0.002479,0.002478,0.002477,0.002475,0.002474,0.002487,0.002488,0.002489,0.00249,0.002491,0.002493,0.002494,0.002496,0.002498,0.002499,6233.4,225798.2,15385,130274.8,22188,53182,196016,810232,13021.4,12863.7,26290.3,13021.4,19391.7,19438.5,26269,22101.7,6133.4,53238.5,366848.6,13021.4
41,0.002482,0.002481,0.00248,0.002479,0.002478,0.002477,0.002476,0.002475,0.002474,0.002473,0.002484,0.002486,0.002487,0.002489,0.00249,0.002493,0.002494,0.002496,0.002497,0.002498,33542.2,13301,13021.4,15385,53311.4,255077.3,29345,521348.4,174545.1,915295.4,25551.8,26295.7,15385,6133.4,26180.8,40265.7,6133.4,53238.5,359597.3,13021.4
42,0.002475,0.002474,0.002473,0.002472,0.00247,0.002469,0.002468,0.002466,0.002465,0.002464,0.002477,0.002478,0.002479,0.00248,0.002481,0.002483,0.002484,0.002485,0.002486,0.002487,13021.4,12863.7,36231.4,13021.4,2363.6,53303.3,22049.7,53303.3,175293.2,378281,13021.4,15385,13872.7,13021.4,11961.7,13021.4,59700.3,66582.9,26295.7,193972
43,0.002478,0.002477,0.002476,0.002475,0.002474,0.002472,0.00247,0.002469,0.002468,0.002467,0.002479,0.00248,0.002483,0.002484,0.002485,0.002486,0.002487,0.002488,0.002489,0.00249,4524.4,26343.9,26349.3,6233.4,12863.7,13021.4,2363.6,53303.3,22246.7,319863.7,26894.1,15385,22224.2,46415.3,53303.3,345324.6,13021.4,13021.4,162466.8,186975.5
44,0.002475,0.002474,0.002472,0.002471,0.002469,0.002468,0.002467,0.002466,0.002465,0.002464,0.002476,0.002478,0.002479,0.00248,0.002481,0.002482,0.002484,0.002485,0.002486,0.002487,25800.1,26202.4,13021.4,2363.6,53303.3,22246.7,117188.5,218324.9,184112.4,185542.4,554.6,19450.5,19445.2,28691.4,26322.4,22163.5,6133.4,53303.3,184112.4,179961.2
45,0.002476,0.002475,0.002474,0.002472,0.002471,0.002469,0.002468,0.002467,0.002466,0.002464,0.002479,0.00248,0.002481,0.002482,0.002484,0.002485,0.002486,0.002487,0.002488,0.002489,25794.7,13021.4,19651.7,13021.4,2363.6,69698.9,364070.7,117188.5,53303.3,13021.4,26333.2,28691.4,26322.4,9210.7,6133.4,53303.3,13021.4,319621,13021.4,360551.5
46,0.002472,0.00247,0.002469,0.002468,0.002467,0.002466,0.002465,0.002464,0.002462,0.00246,0.002475,0.002476,0.002477,0.002478,0.002479,0.00248,0.002481,0.002482,0.002483,0.002484,13021.4,2363.6,60643.4,220555.3,465529.9,352118.4,169533.2,13021.4,326594.5,875145,19466.7,26349.3,6133.4,27947.5,19445.2,26327.8,21990.4,13021.4,40412.2,6133.4
47,0.002472,0.002471,0.00247,0.002469,0.002468,0.002467,0.002466,0.002465,0.002464,0.002463,0.002475,0.002476,0.002477,0.002478,0.002479,0.00248,0.002481,0.002482,0.002483,0.002484,19582.9,13021.4,15385,20231.2,53433.6,126418.5,179652.7,509538.8,13021.4,854802,6445.3,26349.3,6133.4,27947.5,19445.2,13021.4,21990.4,13021.4,40412.2,6133.4
