timestamp,bid_price_0,bid_price_1,bid_price_2,bid_price_3,bid_price_4,bid_price_5,bid_price_6,bid_price_7,bid_price_8,bid_price_9,ask_price_0,ask_price_1,ask_price_2,ask_price_3,ask_price_4,ask_price_5,ask_price_6,ask_price_7,ask_price_8,ask_price_9,bid_size_0,bid_size_1,bid_size_2,bid_size_3,bid_size_4,bid_size_5,bid_size_6,bid_size_7,bid_size_8,bid_size_9,ask_size_0,ask_size_1,ask_size_2,ask_size_3,ask_size_4,ask_size_5,ask_size_6,ask_size_7,ask_size_8,ask_size_9
0,0.002483,0.002479,0.002478,0.002477,0.002476,0.002475,0.002474,0.002473,0.002472,0.002471,0.002484,0.002485,0.002487,0.002488,0.00249,0.002491,0.002492,0.002493,0.002494,0.002495,754.6,6233.4,18995.9,2363.6,13021.4,26112,17048,13021.4,203106.5,432842.8,63194.4,15385,13021.4,29260.5,370036.2,429570.3,13021.4,35002.5,13021.4,182922
1,0.00248,0.002479,0.002478,0.002476,0.002475,0.002473,0.002472,0.002471,0.00247,0.002469,0.002481,0.002484,0.002485,0.002486,0.002487,0.002488,0.00249,0.002491,0.002494,0.002495,26327.8,6233.4,21359.5,13021.4,35342.1,13021.4,636009.5,13021.4,64386.3,20231.2,554.6,6133.4,13279.6,2363.6,13021.4,29260.5,230728.6,225761.7,169354.8,182922
2,0.002481,0.00248,0.002479,0.002478,0.002476,0.002475,0.002473,0.002472,0.002471,0.00247,0.002484,0.002485,0.002486,0.002487,0.002488,0.00249,0.002491,0.002494,0.002495,0.002496,6233.4,26327.8,6233.4,21359.5,13021.4,35342.1,13021.4,641367.2,13021.4,64386.3,13021.4,26301,2363.6,13021.4,29260.5,13021.4,451309,169354.8,182922,36035
3,0.00248,0.002479,0.002478,0.002476,0.002475,0.002473,0.002472,0.002471,0.00247,0.002469,0.002482,0.002483,0.002484,0.002485,0.002486,0.002487,0.002488,0.00249,0.002491,0.002494,64530.8,6233.4,21359.5,13021.4,35342.1,13021.4,641367.2,13021.4,64386.3,20231.2,6133.4,19423.7,13021.4,26301,2363.6,13021.4,29260.5,13021.4,451309,169354.8
4,0.002484,0.002481,0.00248,0.002479,0.002478,0.002476,0.002475,0.002473,0.002472,0.002471,0.002485,0.002486,0.002487,0.002488,0.002491,0.002492,0.002493,0.002494,0.002495,0.002496,754.6,6233.4,56350.5,96039.7,21359.5,13021.4,35342.1,450503.1,203106.5,13021.4,42818,2363.6,13021.4,29260.5,13021.4,389419.7,230828.3,13021.4,182922,36035
5,0.002482,0.002481,0.00248,0.002479,0.002478,0.002477,0.002476,0.002475,0.002473,0.002472,0.002484,0.002485,0.002486,0.002487,0.002488,0.002489,0.002491,0.002494,0.002495,0.002496,13021.4,19534.4,56350.5,6233.4,21359.5,33287.7,13021.4,22008.8,430253.6,203106.5,6133.4,26301,15637.9,13021.4,20231.2,22135,222330.8,13021.4,182922,36035
6,0.002481,0.00248,0.002479,0.002478,0.002477,0.002476,0.002475,0.002474,0.002473,0.002472,0.002482,0.002483,0.002485,0.002486,0.002487,0.002488,0.002489,0.002493,0.002494,0.002495,13021.4,43044.1,6233.4,21359.5,33287.7,13021.4,22008.8,221568.7,434940.1,203106.5,12541.1,26311.7,13021.4,2363.6,13021.4,20231.2,22135,429500.6,169354.8,182922
7,0.00248,0.002479,0.002478,0.002477,0.002476,0.002475,0.002474,0.002473,0.002472,0.00247,0.002481,0.002483,0.002485,0.002486,0.002487,0.002488,0.002489,0.002491,0.002492,0.002493,49562.5,6233.4,21359.5,33287.7,13021.4,22008.8,214804.4,222924.2,258433.1,13021.4,554.6,26311.7,13021.4,2363.6,13021.4,20231.2,22135,214228,403683.7,13021.4
8,0.00248,0.002479,0.002478,0.002477,0.002476,0.002475,0.002474,0.002473,0.002472,0.00247,0.002481,0.002485,0.002486,0.002487,0.002488,0.002489,0.002492,0.002493,0.002494,0.002495,42774.5,6233.4,21359.5,33287.7,13021.4,22008.8,217463,632538,258433.1,13021.4,554.6,13021.4,2363.6,13021.4,20231.2,22135,204441.6,13021.4,13021.4,182922
9,0.002492,0.002491,0.00249,0.002489,0.002488,0.002486,0.002484,0.002482,0.002481,0.00248,0.002494,0.002495,0.002496,0.002498,0.0025,0.002501,0.002502,0.002503,0.002505,0.002506,13242.3,19481,26274.4,2363.6,181363.6,22017.2,13021.4,306326.4,13021.4,29468.1,6133.4,26247.8,26242.5,15385,339656.3,166419.4,13021.4,185022,13021.4,62516.4
10,0.002482,0.002481,0.00248,0.002479,0.002478,0.002477,0.002474,0.002473,0.002472,0.002471,0.002485,0.002486,0.002487,0.00249,0.002491,0.002492,0.002493,0.002498,0.002499,0.0025,15385,13021.4,288739.5,420639.8,313845.3,197542.5,13021.4,1085030.2,68348,22588.5,26301,26295.7,26290.3,13021.4,932243,13021.4,15356.3,13021.4,324262.8,20231.2
11,0.002478,0.002477,0.002476,0.002475,0.002474,0.002473,0.002472,0.00247,0.002469,0.002468,0.002479,0.002481,0.002482,0.002483,0.002484,0.002485,0.002486,0.002487,0.00249,0.002491,13021.4,39098.4,13021.4,208928.1,13021.4,21885.2,68348,2363.6,13021.4,590666.9,2363.6,13021.4,22044.7,7151.4,6133.4,26301,26295.7,26290.3,315597.5,149045.6
12,0.002476,0.002475,0.002474,0.002473,0.002472,0.00247,0.002469,0.002468,0.002467,0.002466,0.002479,0.00248,0.002481,0.002482,0.002483,0.002487,0.002489,0.00249,0.002491,0.002492,7737.8,235282.8,13338.7,13021.4,68348,104264.9,297755.1,590666.9,341790.5,13021.4,28232.6,13306.4,13021.4,926409.7,20172.8,13021.4,13021.4,156333.4,13021.4,378166.8
13,0.002476,0.002475,0.002473,0.002472,0.00247,0.002469,0.002468,0.002467,0.002466,0.002465,0.002479,0.00248,0.002481,0.002482,0.002483,0.002491,0.002492,0.002493,0.002502,0.002503,6233.4,217742.4,13021.4,68348,104264.9,457052.3,1087221.5,9166.8,13021.4,236228.7,15675.4,13306.4,13021.4,926409.7,20172.8,13021.4,191913.2,511477.4,13021.4,15121.4
14,0.002477,0.002476,0.002473,0.002472,0.00247,0.002469,0.002468,0.002467,0.002466,0.002465,0.002479,0.00248,0.002481,0.002482,0.002483,0.002489,0.00249,0.002491,0.002492,0.002493,13322.5,26349.3,6233.4,68348,15385,633640,590666.9,9166.8,13021.4,236228.7,899840.6,13021.4,9044.5,13021.4,20172.8,36008.3,169354.8,177485.8,184441.9,182922
15,0.002474,0.002473,0.002472,0.002471,0.00247,0.002469,0.002468,0.002467,0.002466,0.002465,0.002477,0.002478,0.002479,0.00248,0.002481,0.002482,0.002483,0.002488,0.002491,0.002492,7874.1,28535.8,70711.6,13021.4,104607.3,530166.7,754889.5,179517.7,175144.6,851416.1,19455.9,20346.9,13311.8,13021.4,28686,13021.4,22243.6,332414.7,13021.4,13021.4
16,0.002473,0.002472,0.002471,0.00247,0.002469,0.002468,0.002467,0.002466,0.002465,0.002464,0.002475,0.002476,0.002477,0.002478,0.002479,0.00248,0.002482,0.002483,0.002486,0.002487,6556.1,84061.1,13021.4,101731.9,443493.6,590666.9,190444.9,551373.6,851416.1,9246.4,13021.4,13327.9,12567.9,20346.9,13311.8,15385,13021.4,22243.6,190444.9,397431.4
17,0.002478,0.002477,0.002476,0.002474,0.002471,0.00247,0.002469,0.002468,0.002467,0.002466,0.002479,0.00248,0.002481,0.002482,0.002483,0.002486,0.00249,0.002491,0.002492,0.002502,13317.1,26343.9,26349.3,13021.4,15385,13021.4,457151.7,618821.4,13021.4,200016.9,13021.4,15385,13021.4,57108.4,22018,710817.1,13021.4,35962.7,182922,13021.4
18,0.002479,0.002478,0.002477,0.002476,0.002474,0.002472,0.002471,0.00247,0.002469,0.002468,0.00248,0.002482,0.002483,0.002484,0.002485,0.002486,0.002487,0.00249,0.002491,0.002492,17545.8,18462.2,19555.9,19561.3,6233.4,2363.6,13021.4,13021.4,457245.5,618821.4,2363.6,13021.4,66316,57099.5,120118.2,358783.1,202426.9,13021.4,192296.1,182922
19,0.002478,0.002477,0.002476,0.002474,0.002473,0.002471,0.00247,0.002469,0.002468,0.002466,0.00248,0.002481,0.002482,0.002483,0.002484,0.002485,0.002486,0.002489,0.00249,0.002491,16051,13322.5,6233.4,12863.7,25573.6,13021.4,50060,420363.2,590666.9,13021.4,13021.4,8497,26317.1,22233,57099.5,13021.4,156356.2,392579.8,13021.4,192296.1
20,0.002488,0.002487,0.002486,0.002484,0.002483,0.002482,0.00248,0.002479,0.002477,0.002476,0.002491,0.002492,0.002495,0.002497,0.002499,0.0025,0.002501,0.002502,0.002503,0.002504,26285,26290.3,15385,13021.4,29211.7,2544.4,13021.4,20231.2,13021.4,6233.4,41766.4,13021.4,15385,13021.4,22097.1,169354.8,206832,182922,15121.4,35577.3
21,0.002488,0.002487,0.002486,0.002484,0.002483,0.002482,0.00248,0.002479,0.002477,0.002475,0.002489,0.002492,0.002495,0.002496,0.002497,0.002498,0.002499,0.0025,0.002501,0.002502,26285,19502.3,28659.3,13021.4,29269.3,2544.4,13021.4,20231.2,32123.8,13021.4,15434.3,13021.4,13021.4,2363.6,22092.3,185141.7,13021.4,169354.8,13021.4,182922
22,0.002485,0.002484,0.002483,0.002482,0.002481,0.00248,0.002479,0.002477,0.002475,0.002474,0.002488,0.002489,0.00249,0.002492,0.002493,0.002495,0.002497,0.002498,0.002499,0.0025,2363.6,26306.4,20069.3,2544.4,9088.4,13021.4,20231.2,45145.2,205926.5,188402.7,26285,36078.2,19386.4,13021.4,2363.6,408349.8,13021.4,20231.2,13021.4,169354.8
23,0.002483,0.002482,0.002481,0.00248,0.002479,0.002477,0.002476,0.002475,0.002474,0.002473,0.002486,0.002487,0.002488,0.002489,0.002491,0.002492,0.002495,0.002496,0.002497,0.002498,25068,28861.5,22109.8,83435.5,20231.2,45145.2,205493.1,205521.1,12863.7,36231.4,26295.7,26290.3,19397,19391.7,2363.6,13021.4,215168.4,192499.7,13021.4,20231.2
24,0.002486,0.002485,0.002481,0.00248,0.002479,0.002478,0.002477,0.002476,0.002475,0.002474,0.002489,0.002491,0.002492,0.002495,0.002496,0.002497,0.002498,0.002499,0.0025,0.002501,13021.4,26301,15385,230084.3,491285.7,22070,45145.2,13021.4,411045.4,12863.7,22987.7,13021.4,9112.4,13021.4,91855.5,207159.2,13021.4,35464.3,13021.4,182922
25,0.002485,0.002484,0.002481,0.00248,0.002479,0.002478,0.002477,0.002476,0.002475,0.002474,0.002488,0.002489,0.002491,0.002492,0.002495,0.002496,0.002497,0.002498,0.002499,0.0025,4883.4,13285,15385,230084.3,491285.7,393369.6,140351,389172.3,13021.4,12863.7,6133.4,39438.1,13021.4,9112.4,13021.4,91855.5,377119.3,13021.4,35464.3,13021.4
26,0.002484,0.002481,0.00248,0.002479,0.002478,0.002477,0.002476,0.002475,0.002474,0.002473,0.002487,0.002488,0.002489,0.002491,0.002492,0.002495,0.002496,0.002497,0.002498,0.002499,19976.7,15385,230084.3,491285.7,393369.6,140351,189826.4,13021.4,12863.7,36231.4,13021.4,19397,52696.4,13021.4,9112.4,13021.4,91855.5,189659.5,13021.4,35464.3
27,0.002485,0.002484,0.002483,0.002482,0.002481,0.00248,0.002479,0.002478,0.002477,0.002476,0.002487,0.002488,0.002489,0.002491,0.002492,0.002495,0.002496,0.002497,0.002498,0.002499,17237.1,29241.6,13021.4,15059.2,15385,230084.3,491285.7,393369.6,326314.1,377406.1,13021.4,25530.4,52696.4,13021.4,22133.8,198984.5,91855.5,189659.5,13021.4,35464.3
28,0.002486,0.002485,0.002484,0.002483,0.002482,0.002481,0.00248,0.002479,0.002478,0.002477,0.002488,0.002489,0.002491,0.002492,0.002495,0.002496,0.002498,0.002499,0.0025,0.002501,21078.6,26301,26306.4,22966.2,38849.1,13021.4,150052.2,500432.5,384321,140351,11754.4,28643.3,22247.4,13021.4,196485.3,279304.2,13021.4,35464.3,13021.4,182922
29,0.002494,0.002493,0.002492,0.00249,0.002489,0.002488,0.002487,0.002486,0.002485,0.002484,0.002498,0.002499,0.002501,0.002502,0.002503,0.002504,0.002505,0.002506,0.002508,0.002509,13021.4,14830.4,26263.7,13021.4,27681.8,13021.4,128636.8,365609.7,189097.1,26306.4,6133.4,66442.1,13021.4,15385,15121.4,22059,192971,13021.4,194204.2,169354.8
30,0.002495,0.002494,0.002493,0.002492,0.002491,0.00249,0.002489,0.002487,0.002486,0.002485,0.002498,0.002499,0.0025,0.002501,0.002502,0.002503,0.002504,0.002505,0.002508,0.002509,13226.4,22201.8,14830.4,26263.7,9023.8,13021.4,20231.2,6233.4,1016.3,178834.7,13021.4,55594.2,13200,13021.4,15385,15121.4,22059,192971,13021.4,169354.8
31,0.002492,0.00249,0.002489,0.002485,0.002484,0.002483,0.002482,0.002478,0.002477,0.002475,0.002495,0.002496,0.002497,0.002498,0.002499,0.002501,0.002502,0.002503,0.002504,0.002505,15605.9,13021.4,29472.1,13021.4,177590.3,1198273.1,36027,13021.4,45145.2,13021.4,6133.4,26242.5,26237.2,26231.9,37074.5,15385,22257.3,179690.3,13021.4,183704.3
32,0.002497,0.002496,0.002495,0.002494,0.002493,0.002492,0.002491,0.00249,0.002489,0.002485,0.002499,0.0025,0.002502,0.002503,0.002504,0.002505,0.002509,0.00251,0.002511,0.002512,13021.4,25887.6,19756.5,13021.4,46093.2,13021.4,9169.5,13021.4,20231.2,13021.4,31022.7,26221.4,15385,15121.4,22055.1,350775.4,169354.8,62456,182922,35856.7
33,0.002493,0.002492,0.00249,0.002489,0.002487,0.002486,0.002485,0.002484,0.002483,0.002482,0.002495,0.002496,0.002497,0.002498,0.002499,0.0025,0.002501,0.002502,0.002503,0.002504,46093.2,13021.4,22224.6,20231.2,295715.9,344467.4,13021.4,177590.3,917618.4,36027,6526.1,26242.5,36514.3,26231.9,13021.4,13021.4,2363.6,13021.4,24117.2,13021.4
34,0.002493,0.002492,0.00249,0.002489,0.002487,0.002486,0.002485,0.002484,0.002483,0.002482,0.002494,0.002496,0.002497,0.002498,0.0025,0.002501,0.002502,0.002503,0.002508,0.002509,33334.9,13021.4,22224.6,20231.2,186779.5,13021.4,172736.3,13021.4,917618.4,36027,554.6,13021.4,19349.2,26231.9,13021.4,2363.6,13021.4,24117.2,173758.1,13021.4
35,0.002495,0.002494,0.002493,0.002492,0.00249,0.002489,0.002487,0.002485,0.002484,0.002483,0.002497,0.002498,0.002499,0.0025,0.002501,0.002502,0.002503,0.002505,0.002508,0.002509,15089,19465.1,23201.2,13021.4,22224.6,20231.2,185784.5,174884.9,13021.4,1476157.6,15420.9,13021.4,18194.8,13021.4,2363.6,13021.4,24117.2,360811.3,13021.4,169354.8
36,0.002497,0.002495,0.002494,0.002493,0.002492,0.00249,0.002489,0.002488,0.002487,0.002486,0.002498,0.002499,0.0025,0.002501,0.002502,0.002503,0.002504,0.002505,0.002508,0.002509,754.6,15383.6,19465.1,23201.2,13021.4,22224.6,20231.2,31011.5,13021.4,184270.1,24206.2,31400,13021.4,2363.6,13021.4,24117.2,184542.9,187906.3,13021.4,169354.8
37,0.002496,0.002495,0.002494,0.002493,0.002492,0.00249,0.002489,0.002488,0.002487,0.002484,0.002498,0.002499,0.0025,0.002501,0.002502,0.002503,0.002505,0.002508,0.002509,0.00251,6233.4,25575.7,19465.1,9964.2,13021.4,22224.6,20231.2,44032.9,347539.2,13021.4,23451.6,31400,13021.4,2363.6,13021.4,24117.2,348135.3,13021.4,169354.8,62456
38,0.002496,0.002495,0.002494,0.002493,0.002492,0.00249,0.002489,0.002488,0.002487,0.002484,0.002498,0.002499,0.0025,0.002501,0.002502,0.002503,0.002506,0.002507,0.002508,0.002509,13021.4,15264.6,19465.1,9964.2,13021.4,22224.6,20231.2,44032.9,338627.5,13021.4,16563.6,28205,13021.4,2363.6,13021.4,24117.2,181063.6,169759.9,13021.4,169354.8
39,0.002492,0.002491,0.00249,0.002489,0.002488,0.002487,0.002484,0.002483,0.002482,0.002475,0.002493,0.002495,0.002496,0.002497,0.002499,0.0025,0.002502,0.002503,0.002506,0.002507,74815.6,15611.2,13021.4,20231.2,262883.9,503000.1,13021.4,1446317.6,36027,13021.4,1504.1,19359.8,26242.5,6133.4,2363.6,13021.4,53117.6,64181.3,181063.6,182781.3
40,0.002494,0.002493,0.002492,0.002491,0.00249,0.002489,0.002488,0.002487,0.002486,0.002485,0.002496,0.002497,0.0025,0.002502,0.002503,0.002505,0.002509,0.00251,0.002511,0.002512,6233.4,24202,62681.6,13247.6,13021.4,29369.7,84129.1,172571,13021.4,172895,19354.5,6133.4,15385,62163.9,55185.5,358572.4,13021.4,169354.8,182922,35856.7
41,0.002489,0.002488,0.002487,0.002486,0.002484,0.002483,0.002482,0.002481,0.00248,0.002478,0.002491,0.002492,0.002493,0.002494,0.002495,0.002496,0.002497,0.002499,0.0025,0.002502,13907.2,42015.5,43313.6,13021.4,183028,601912.6,15385,170387.1,9017.6,13021.4,6133.4,15385,13021.4,28479.7,26247.8,427439.5,6133.4,53133.7,182922,13021.4
42,0.002485,0.002483,0.002482,0.002481,0.00248,0.002479,0.002478,0.002477,0.002476,0.002475,0.002487,0.002488,0.002489,0.00249,0.002491,0.002492,0.002493,0.002494,0.002495,0.002497,22029.5,212507.9,13021.4,130274.8,15385,53182,22256.5,199583.4,557288,13021.4,26290.3,13263.6,13021.4,15385,13021.4,22039.9,13021.4,46294,53182,6133.4
43,0.002488,0.002487,0.002485,0.002483,0.002482,0.002481,0.00248,0.002479,0.002478,0.002477,0.002489,0.00249,0.002493,0.002494,0.002495,0.002498,0.002499,0.0025,0.002502,0.002503,26285,26290.3,2666.1,214871.5,13021.4,170459.6,22188,242786.9,195942.9,199583.4,3159.9,2363.6,13021.4,15201.4,53182,13021.4,199743.2,182922,13021.4,38027.5
44,0.002485,0.002484,0.002483,0.002482,0.002481,0.00248,0.002479,0.002476,0.002475,0.002474,0.002488,0.002489,0.00249,0.002491,0.002493,0.002494,0.002499,0.0025,0.002502,0.002503,26301,26306.4,212507.9,15385,130274.8,22188,53182,184082.8,13021.4,12863.7,19397,19391.7,21750,26269,22101.7,46334.4,13021.4,367004.8,13021.4,38027.5
45,0.002487,0.002484,0.002483,0.002482,0.002481,0.00248,0.002479,0.002477,0.002475,0.002474,0.002489,0.00249,0.002491,0.002493,0.002494,0.002496,0.002497,0.002498,0.002499,0.0025,13268.9,6233.4,212507.9,15385,170491.9,22188,53182,635836.9,13021.4,12863.7,13021.4,17829.5,28632.6,22101.7,6133.4,53238.5,13021.4,393766,13021.4,182922
46,0.002489,0.002488,0.002484,0.002483,0.002482,0.002481,0.00248,0.002479,0.002477,0.002475,0.00249,0.002491,0.002493,0.002494,0.002496,0.002498,0.002499,0.0025,0.002502,0.002503,3549,13263.6,6233.4,212507.9,15385,170491.9,22188,53182,635974.5,13021.4,17074.9,28632.6,22101.7,6133.4,53238.5,190841.4,13021.4,182922,13021.4,38027.5
47,0.002484,0.002483,0.002482,0.002481,0.00248,0.002479,0.002478,0.002477,0.002475,0.002474,0.002487,0.002488,0.002489,0.00249,0.002491,0.002493,0.002494,0.002496,0.002498,0.002499,6233.4,225798.2,15385,130274.8,22188,53182,196016,810232,13021.4,12863.7,26290.3,13021.4,19391.7,19438.5,26269,22101.7,6133.4,53238.5,366848.6,13021.4
48,0.002482,0.002481,0.00248,0.002479,0.002478,0.002477,0.002476,0.002475,0.002474,0.002473,0.002484,0.002486,0.002487,0.002489,0.00249,0.002493,0.002494,0.002496,0.002497,0.002498,33542.2,13301,13021.4,15385,53311.4,255077.3,29345,521348.4,174545.1,915295.4,25551.8,26295.7,15385,6133.4,26180.8,40265.7,6133.4,53238.5,359597.3,13021.4
49,0.002475,0.002474,0.002473,0.002472,0.00247,0.002469,0.002468,0.002466,0.002465,0.002464,0.002478,0.002479,0.00248,0.002481,0.002483,0.002484,0.002485,0.002486,0.002487,0.002488,13021.4,12863.7,36231.4,13021.4,2363.6,53303.3,22049.7,53303.3,175293.2,378281,15385,13872.7,13021.4,11961.7,13021.4,59700.3,66582.9,13021.4,193972,180950.6
50,0.002478,0.002477,0.002476,0.002475,0.002474,0.002472,0.00247,0.002469,0.002468,0.002467,0.002479,0.00248,0.002483,0.002484,0.002485,0.002486,0.002487,0.002488,0.002489,0.00249,4524.4,26343.9,26349.3,6233.4,12863.7,13021.4,2363.6,53303.3,22246.7,319863.7,26894.1,15385,22224.2,46415.3,53303.3,345324.6,13021.4,13021.4,162466.8,186975.5
51,0.002475,0.002474,0.002472,0.002471,0.002469,0.002468,0.002467,0.002466,0.002465,0.002464,0.002476,0.002478,0.002479,0.00248,0.002481,0.002482,0.002484,0.002485,0.002486,0.002487,25800.1,26202.4,13021.4,2363.6,53303.3,22246.7,117188.5,218324.9,184112.4,185542.4,554.6,19450.5,19445.2,28691.4,26322.4,22163.5,6133.4,53303.3,184112.4,179961.2
52,0.002476,0.002475,0.002474,0.002472,0.002471,0.002469,0.002468,0.002467,0.002466,0.002464,0.002479,0.00248,0.002481,0.002482,0.002484,0.002485,0.002486,0.002487,0.002488,0.002489,25794.7,13021.4,19651.7,13021.4,2363.6,69698.9,364070.7,117188.5,53303.3,13021.4,26333.2,28691.4,26322.4,9210.7,6133.4,53303.3,13021.4,319621,13021.4,360551.5
53,0.002472,0.00247,0.002469,0.002468,0.002467,0.002466,0.002465,0.002464,0.002462,0.00246,0.002475,0.002476,0.002477,0.002478,0.002479,0.00248,0.002481,0.002482,0.002483,0.002484,13021.4,2363.6,60643.4,220555.3,465529.9,352118.4,169533.2,13021.4,326594.5,875145,19466.7,26349.3,6133.4,27947.5,19445.2,26327.8,21990.4,13021.4,40412.2,6133.4
54,0.002472,0.002471,0.00247,0.002469,0.002468,0.002467,0.002466,0.002465,0.002464,0.002463,0.002475,0.002476,0.002477,0.002478,0.002479,0.00248,0.002481,0.002482,0.002483,0.002484,19582.9,13021.4,15385,20231.2,53433.6,126418.5,179652.7,509538.8,13021.4,854802,6445.3,26349.3,6133.4,27947.5,19445.2,13021.4,21990.4,13021.4,40412.2,6133.4
55,0.002474,0.002473,0.002471,0.00247,0.002469,0.002468,0.002467,0.002466,0.002465,0.002464,0.002477,0.002478,0.002479,0.00248,0.002481,0.002482,0.002483,0.002484,0.002485,0.002486,19572.1,19577.5,13021.4,15385,20231.2,762639.3,498802.5,13021.4,168783.7,13021.4,25890.4,27947.5,19445.2,13021.4,21990.4,13021.4,40412.2,6133.4,53303.3,13021.4
56,0.002476,0.002475,0.002474,0.002472,0.002471,0.00247,0.002469,0.002468,0.002467,0.002465,0.002479,0.002482,0.002483,0.002484,0.002485,0.002486,0.002487,0.002488,0.002489,0.00249,26349.3,13021.4,26360.1,13021.4,15385,13021.4,69720.6,762663.8,489572.5,346053.9,28696.8,13021.4,22098.6,46545.6,13021.4,186955.9,36911.6,13021.4,28741.4,186975.5
57,0.002475,0.002474,0.002472,0.002471,0.00247,0.002469,0.002468,0.002467,0.002466,0.002465,0.002476,0.002478,0.002479,0.002481,0.002483,0.002484,0.002485,0.002486,0.002487,0.002488,15269.4,26360.1,13021.4,15385,13021.4,70340.3,771746.3,489572.5,13021.4,314293.4,554.6,19450.5,28696.8,9082.5,13021.4,46545.6,166150.4,578054.8,36911.6,13021.4
58,0.002472,0.002471,0.00247,0.002469,0.002468,0.002467,0.002466,0.002465,0.002464,0.002462,0.002473,0.002476,0.002477,0.002478,0.002479,0.002481,0.002482,0.002483,0.002484,0.002485,26370.9,13021.4,15385,29928.1,800399.4,498738.6,168652.8,463858,13021.4,326594.5,554.6,25594.7,25589.3,21814.1,26333.2,22103.9,40412.2,13021.4,202177,159896.3
59,0.002475,0.002474,0.002473,0.002471,0.00247,0.002469,0.002468,0.002467,0.002466,0.002465,0.002477,0.002478,0.002479,0.002481,0.002483,0.002484,0.002485,0.002486,0.002487,0.002488,6233.4,19041.5,19577.5,13021.4,15385,29928.1,759962.7,498738.6,168640.5,321082,5679.9,21814.1,26333.2,22103.9,13021.4,161120.9,160626.1,13021.4,36911.6,13021.4
60,0.002476,0.002475,0.002474,0.002471,0.00247,0.002469,0.002468,0.002467,0.002466,0.002465,0.002478,0.002479,0.00248,0.002481,0.002483,0.002484,0.002485,0.002486,0.002487,0.002488,32582.7,26354.7,26360.1,13021.4,15385,27319,695955.1,489572.5,168640.5,633148.9,13021.4,28696.8,13021.4,22103.9,13021.4,161120.9,327210.4,13021.4,36911.6,13021.4
61,0.002489,0.002488,0.002487,0.002486,0.002485,0.002484,0.002482,0.00248,0.002479,0.002477,0.00249,0.002492,0.002495,0.002497,0.002498,0.002499,0.002501,0.002502,0.002503,0.002507,13258.3,13021.4,26290.3,26295.7,21876.6,26306.4,22166.9,13021.4,20231.2,6233.4,45762.4,13021.4,2363.6,22166.9,169354.8,182922,13021.4,85140.2,15121.4,13021.4
62,0.002495,0.002494,0.002492,0.002491,0.002489,0.002485,0.002483,0.002482,0.002481,0.002477,0.002497,0.002498,0.002499,0.0025,0.002501,0.002502,0.002503,0.002506,0.002507,0.002513,6233.4,2363.6,13021.4,16039.1,20231.2,13021.4,179806.8,1096674,203430.6,13021.4,7287.3,13210.5,26226.6,13021.4,1273723.3,42802.3,15121.4,15385,52254.9,13021.4
63,0.002494,0.002493,0.002492,0.002491,0.002488,0.002487,0.002485,0.002478,0.002477,0.002476,0.002495,0.002498,0.002499,0.0025,0.002501,0.002502,0.002503,0.002504,0.002506,0.002507,26253.1,19470.4,20043.8,13021.4,2363.6,13021.4,22244.2,13021.4,22761.3,13021.4,23804.3,15569.4,30378.6,28005.9,1273723.3,55823.7,15121.4,8766,13021.4,52254.9
64,0.002495,0.002494,0.002493,0.002492,0.002491,0.00249,0.002488,0.002484,0.002481,0.00248,0.002499,0.0025,0.002501,0.002502,0.002503,0.002506,0.002507,0.00251,0.002513,0.002515,13021.4,15123.1,13237,13021.4,9388.8,13021.4,22178.9,13021.4,174748.7,13021.4,11470.3,7209.8,1273723.3,58187.3,23722.5,13021.4,52254.9,21342.6,13021.4,4345.2
65,0.002495,0.002492,0.002491,0.00249,0.002488,0.002485,0.002484,0.002482,0.002481,0.00248,0.002497,0.002498,0.002499,0.0025,0.002501,0.002502,0.002503,0.002506,0.002507,0.00251,2705,6233.4,9388.8,13021.4,22178.9,339444.3,13021.4,299999.9,167384,13021.4,4183,16191,13021.4,22594.8,1273723.3,55823.7,23722.5,13021.4,52254.9,21342.6
66,0.002494,0.002493,0.002492,0.00249,0.002488,0.002486,0.002485,0.002484,0.002482,0.00248,0.002498,0.002499,0.0025,0.002501,0.002502,0.002503,0.002506,0.002507,0.002513,0.002518,13021.4,13237,10347.5,13021.4,22178.9,20035.4,168480.6,13021.4,468790.6,13021.4,20497.8,13205.2,20231.2,1273723.3,55823.7,23437.9,13021.4,73645.7,13021.4,54001.3
67,0.002493,0.002492,0.002491,0.00249,0.002488,0.002485,0.002484,0.002482,0.00248,0.002479,0.002498,0.002499,0.0025,0.002501,0.002502,0.002503,0.002506,0.002507,0.002513,0.002515,6233.4,10347.5,13247.6,13021.4,22178.9,159032,13021.4,468790.6,13021.4,20231.2,36891.6,26226.6,30419.3,1286918,55823.7,23437.9,13021.4,34412.2,13021.4,28121.1
68,0.002495,0.002494,0.002493,0.002492,0.002491,0.00249,0.002489,0.002488,0.002484,0.002483,0.0025,0.002501,0.002502,0.002503,0.002513,0.002515,0.002518,0.002519,0.00252,0.002521,7414.8,13021.4,34475.8,37539.8,13021.4,13021.4,13021.4,13021.4,13021.4,168547.5,7209.8,1246171.3,13021.4,15121.4,13021.4,13021.4,55276.5,26699.5,427687.7,13021.4
69,0.002498,0.002497,0.002496,0.002494,0.002493,0.002492,0.002491,0.002489,0.002488,0.002484,0.002501,0.002503,0.002507,0.002513,0.002515,0.002518,0.002519,0.00252,0.002524,0.002525,13021.4,26237.2,2363.6,6233.4,34475.8,402684,369153.4,13021.4,13021.4,13021.4,1246171.3,15121.4,21700.2,34718.5,28121.1,13021.4,26699.5,427687.7,13021.4,219007.5
70,0.002487,0.002485,0.002484,0.002483,0.002482,0.002481,0.002479,0.002475,0.002473,0.002472,0.002493,0.002494,0.002496,0.002497,0.002498,0.002499,0.0025,0.002501,0.002503,0.002504,15385,13021.4,76571.9,13021.4,299999.9,13021.4,353212.1,35849.8,170935.2,859984,6788,15035.4,13021.4,15385,13021.4,29288.8,19333.4,1232395.3,15121.4,13021.4
71,0.002495,0.002494,0.002491,0.002487,0.002484,0.002483,0.002482,0.002481,0.002479,0.002476,0.0025,0.002501,0.002502,0.002503,0.002505,0.002507,0.002508,0.002518,0.002519,0.00252,6233.4,19465.1,2363.6,22248.6,20029.8,190456.5,299999.9,13021.4,191381.3,13021.4,321.8,1245590,2363.6,15121.4,13021.4,45035.8,33231.5,41966.6,13678.1,427687.7
72,0.002486,0.002485,0.002484,0.002483,0.002481,0.00248,0.002479,0.002478,0.002477,0.002476,0.00249,0.002491,0.002492,0.002494,0.002495,0.002496,0.002497,0.002498,0.0025,0.002501,13021.4,13279.6,13021.4,13290.3,2363.6,4769.4,7059.2,13021.4,36646.9,13021.4,13021.4,53947,22084.4,13021.4,25333.4,32069.2,13021.4,13021.4,22718.2,1250921.9
73,0.002494,0.002491,0.00249,0.002489,0.002488,0.002486,0.002485,0.002484,0.002483,0.00248,0.0025,0.002501,0.002502,0.002503,0.00251,0.002517,0.002519,0.002522,0.002523,0.002524,19465.1,7014,13021.4,21855.3,13021.4,333297.7,176604.5,13021.4,26311.7,207392.6,321.8,1234758.9,35288,2100,22222.8,427687.7,13678.1,35144.8,15099.7,76310.4
74,0.002493,0.002492,0.00249,0.002489,0.002488,0.002486,0.002485,0.002484,0.002483,0.002481,0.0025,0.002501,0.002502,0.002503,0.002504,0.00251,0.002516,0.002517,0.002519,0.002522,20041,19475.7,13021.4,21855.3,13021.4,179872.2,336586.5,13021.4,26311.7,162916,9573.4,1223144.1,22098.6,2100,4204.9,22222.8,15099.7,427687.7,13678.1,35144.8
75,0.002492,0.002491,0.00249,0.002489,0.002488,0.002486,0.002485,0.002484,0.002483,0.002481,0.002493,0.0025,0.002501,0.002502,0.002503,0.00251,0.002516,0.002517,0.002522,0.002524,19475.7,2363.6,13021.4,19491.7,22097.1,13021.4,21081.7,173269.5,26311.7,175937.4,554.6,7209.8,1225507.7,22098.6,2100,22222.8,28777.8,427687.7,35144.8,76310.4
76,0.002493,0.002492,0.002491,0.00249,0.002489,0.002488,0.002486,0.002485,0.002484,0.002483,0.002499,0.0025,0.002501,0.002502,0.002503,0.00251,0.002516,0.002522,0.002524,0.002526,20041,12687.7,2363.6,13021.4,19491.7,22097.1,13021.4,21081.7,173269.5,26311.7,7430,7209.8,1225507.7,22098.6,2100,22222.8,28777.8,35144.8,503998.1,49122
77,0.002492,0.002491,0.00249,0.002489,0.002488,0.002486,0.002485,0.002484,0.002483,0.002479,0.002496,0.002497,0.002498,0.002499,0.0025,0.002501,0.002502,0.002503,0.002508,0.00251,26666.1,15385,13021.4,19491.7,22097.1,397303.7,21081.7,413956.2,26311.7,13021.4,172035.8,20454.4,13021.4,9573.4,13021.4,4157337.6,22098.6,2100,20623.5,13021.4
78,0.002494,0.002493,0.002492,0.002491,0.00249,0.002489,0.002487,0.002486,0.002485,0.002484,0.0025,0.002501,0.002503,0.002509,0.002516,0.002517,0.002523,0.002524,0.002526,0.002527,19465.1,13253,13021.4,2363.6,6233.4,28657,13021.4,397303.7,236964.6,210347.5,7209.8,4172895.9,2100,20629.9,15099.7,39106.6,13678.1,427687.7,49122,303133
79,0.002493,0.002492,0.002491,0.00249,0.002489,0.002487,0.002486,0.002485,0.002479,0.002478,0.0025,0.002501,0.002503,0.002509,0.002516,0.002517,0.002523,0.002524,0.002526,0.002527,25703.8,13021.4,2363.6,6233.4,28657,13021.4,814100.4,21081.7,13021.4,35951.9,321.8,4172895.9,2100,20629.9,15099.7,39106.6,13678.1,427687.7,49122,303133
80,0.002492,0.002491,0.00249,0.002489,0.002487,0.002486,0.002485,0.002481,0.002479,0.002478,0.002494,0.002499,0.0025,0.002501,0.002502,0.002503,0.002507,0.002508,0.002509,0.002516,6233.4,13247.6,8597,19491.7,428240.7,434212.8,239344,189061.7,13021.4,35951.9,104857.5,15385,20231.2,4170532.3,21167.5,2100,33476.5,216425.6,13021.4,15099.7
81,0.002498,0.002497,0.002496,0.002495,0.002494,0.002493,0.002492,0.002491,0.00249,0.002489,0.002502,0.002503,0.002504,0.002505,0.002506,0.002508,0.002509,0.002512,0.002513,0.002514,13021.4,108669.6,487302.3,13021.4,190456.6,192820.2,567440.9,5942295.8,20231.2,15476.5,1073072.7,13021.4,28563.9,13021.4,26189.7,9209.1,13021.4,27060.6,36129,167148.2
82,0.002495,0.002494,0.002493,0.002492,0.002491,0.00249,0.002489,0.002488,0.002487,0.002485,0.002501,0.002503,0.002504,0.002505,0.002508,0.002514,0.002516,0.002517,0.002522,0.002523,13021.4,13231.7,6233.4,28627.3,13021.4,20231.2,108989.5,581358.1,327116.3,170172.6,1145530.6,15385,13021.4,22106.7,13021.4,35740.1,179427.9,190456.6,13021.4,75840.2
83,0.0025,0.002498,0.002497,0.002496,0.002495,0.002492,0.002491,0.00249,0.002487,0.002486,0.002501,0.002503,0.002504,0.002505,0.002507,0.002508,0.002513,0.002514,0.002522,0.002523,6888,26231.9,162105.9,512666.5,15385,13021.4,22058,20231.2,170046.2,786463,1129213.7,13021.4,13021.4,15385,9095.4,13021.4,357974.9,35740.1,13021.4,75840.2
84,0.00249,0.002485,0.002484,0.002483,0.002482,0.002481,0.002479,0.002476,0.002475,0.002466,0.002496,0.002497,0.002498,0.002499,0.0025,0.002501,0.002502,0.002504,0.002505,0.002508,13021.4,7025.2,13021.4,13021.4,13021.4,13021.4,35499.3,646493,181667.9,171383.4,13021.4,43430.4,31259.4,20231.2,6133.4,1122325.7,13021.4,13021.4,13021.4,13021.4
85,0.002497,0.002496,0.002495,0.002494,0.002493,0.002492,0.00249,0.002488,0.002487,0.002486,0.002501,0.002503,0.002506,0.002508,0.002511,0.002512,0.002513,0.002522,0.002523,0.002524,6233.4,14830.4,26247.8,13021.4,20041,9161.7,11327.2,352191.5,13021.4,587898,1101661.7,13021.4,15385,21369.7,340174.5,13021.4,33626.4,13021.4,75840.2,455808.8
86,0.002497,0.002496,0.002495,0.002494,0.002493,0.002492,0.00249,0.002489,0.002487,0.002485,0.002501,0.002503,0.002506,0.002508,0.00251,0.002511,0.002512,0.002513,0.002522,0.002523,6233.4,14830.4,26247.8,13021.4,20041,9161.7,11327.2,413504.5,13021.4,490928.4,543942.8,13021.4,15385,21369.7,192577.5,179218.6,13021.4,33626.4,13021.4,75840.2
87,0.002497,0.002496,0.002495,0.002494,0.002493,0.002492,0.00249,0.002489,0.002487,0.002485,0.0025,0.002501,0.002503,0.002505,0.002506,0.002508,0.002509,0.00251,0.002511,0.002512,6233.4,10406,13226.4,13021.4,20041,9161.7,11327.2,422118.3,13021.4,469525.4,6133.4,537054.8,13021.4,2363.6,21551,13021.4,182608.8,18021.4,183992.8,13021.4
88,0.002497,0.002496,0.002495,0.002494,0.002493,0.002492,0.00249,0.002489,0.002488,0.002485,0.002501,0.002503,0.002505,0.002506,0.002508,0.002509,0.00251,0.002512,0.002513,0.002522,6233.4,10406,13226.4,13021.4,20041,9161.7,11327.2,245234,206185.2,13021.4,537054.8,13021.4,2363.6,21551,399766,192865.4,18021.4,13021.4,33626.4,13021.4
89,0.002497,0.002496,0.002495,0.002494,0.002493,0.002492,0.00249,0.002489,0.002488,0.002485,0.002501,0.002503,0.002505,0.002506,0.002507,0.002508,0.00251,0.002512,0.002513,0.002522,6233.4,10406,13226.4,13021.4,20041,9161.7,11327.2,52368.6,398625.4,13021.4,530166.8,13021.4,2363.6,21551,205941.7,205544.7,18021.4,13021.4,33626.4,13021.4
90,0.002497,0.002496,0.002495,0.002494,0.002493,0.002492,0.00249,0.002489,0.002485,0.002484,0.002499,0.0025,0.002501,0.002503,0.002505,0.002506,0.002508,0.002509,0.00251,0.002512,6233.4,10406,13226.4,13021.4,20041,22183.1,207700,248900.2,13021.4,243266.2,13021.4,19333.4,530166.8,13021.4,2363.6,21551,209964.5,196372.8,18021.4,13021.4
91,0.002496,0.002495,0.002494,0.002493,0.002492,0.00249,0.002489,0.002485,0.002484,0.002483,0.002497,0.0025,0.002501,0.002503,0.002505,0.002506,0.002507,0.002508,0.002509,0.00251,10406,13226.4,13021.4,20041,22183.1,11327.2,436499.6,13021.4,732737.2,13021.4,554.6,13021.4,543361.5,13021.4,2363.6,21551,192065.5,13021.4,192065.5,18021.4
92,0.002497,0.002496,0.002495,0.002494,0.002493,0.002492,0.00249,0.002489,0.002485,0.002484,0.002498,0.002501,0.002503,0.002505,0.002507,0.002508,0.00251,0.002512,0.002513,0.002522,28046.2,8042.4,26247.8,22147.5,20041,13021.4,266615.4,307282.1,13021.4,732737.2,554.6,523278.8,13021.4,2363.6,268309.6,782883.4,18021.4,13021.4,33626.4,13021.4
93,0.002498,0.002497,0.002496,0.002495,0.002494,0.002493,0.002492,0.00249,0.002489,0.002485,0.002501,0.002503,0.002505,0.002507,0.002508,0.00251,0.002512,0.002513,0.002522,0.002523,13021.4,28046.2,8042.4,26247.8,22147.5,20041,13021.4,266615.4,307282.1,13021.4,513991.8,13021.4,2363.6,276907.2,774183.1,18021.4,13021.4,33626.4,13021.4,75840.2
94,0.0025,0.002498,0.002497,0.002496,0.002495,0.002494,0.002493,0.002492,0.00249,0.002489,0.002501,0.002502,0.002503,0.002505,0.002507,0.002508,0.00251,0.002512,0.002513,0.002522,1457.7,13021.4,26237.2,10406,13021.4,22147.5,20041,13021.4,266615.4,273231.2,497131.8,500000,13021.4,2363.6,276907.2,265956.2,18021.4,13021.4,33626.4,13021.4
95,0.0025,0.002499,0.002498,0.002497,0.002496,0.002494,0.002493,0.002492,0.002491,0.00249,0.002501,0.002502,0.002503,0.002505,0.002507,0.002508,0.002509,0.00251,0.002512,0.002513,13021.4,26226.6,10619.5,26237.2,10406,13021.4,20041,21991.7,213343.8,208798.8,476385.2,500000,13021.4,2363.6,221941.4,13021.4,197471.6,18021.4,13021.4,33626.4
96,0.002498,0.002497,0.002496,0.002494,0.002493,0.002492,0.002491,0.00249,0.002485,0.002484,0.002501,0.002502,0.002503,0.002505,0.002507,0.002508,0.002509,0.00251,0.002512,0.002513,13021.4,26237.2,10406,13021.4,20041,21991.7,213343.8,208798.8,13021.4,243266.2,451870.6,500000,13021.4,2363.6,221941.4,13021.4,197471.6,18021.4,13021.4,20605
97,0.002497,0.002496,0.002495,0.002494,0.002493,0.002491,0.00249,0.002487,0.002486,0.002485,0.0025,0.002501,0.002502,0.002503,0.002504,0.002505,0.002508,0.002509,0.00251,0.002513,6233.4,7005.6,26247.8,6233.4,15385,13021.4,20359.4,201103.9,193688.1,13021.4,13021.4,26216.1,15385,3005580.6,26200.3,22053.6,13021.4,189419.3,573269.8,7209.8
98,0.002497,0.002496,0.002495,0.002493,0.002491,0.00249,0.002489,0.002487,0.002485,0.002484,0.002501,0.002502,0.002503,0.002504,0.002505,0.002508,0.002509,0.00251,0.002511,0.002513,6233.4,7005.6,13021.4,2363.6,13021.4,20460.9,365506.7,13021.4,13021.4,243266.2,2200405.4,13021.4,2363.6,13021.4,22191.8,13021.4,202440.7,209188.1,338566.5,7209.8
99,0.002496,0.002495,0.002494,0.002493,0.002491,0.00249,0.002489,0.002487,0.002486,0.002485,0.002501,0.002502,0.002503,0.002504,0.002505,0.002509,0.00251,0.002513,0.002514,0.002523,13021.4,20035.4,6233.4,2363.6,13021.4,20460.9,13021.4,13021.4,675572,13021.4,2171744.4,13021.4,2363.6,13021.4,22191.8,13021.4,18021.4,7209.8,22733,13678.1
100,0.002494,0.002492,0.002491,0.00249,0.002489,0.002488,0.002487,0.002486,0.002485,0.002484,0.002495,0.0025,0.002501,0.002502,0.002503,0.002504,0.002505,0.002509,0.00251,0.002513,8597,8995.6,13021.4,11327.2,153297.2,469935.7,13021.4,675572,13021.4,243266.2,403.6,13021.4,2151080.4,13021.4,2363.6,13021.4,22191.8,13021.4,483013.1,7209.8
101,0.002499,0.002498,0.002497,0.002496,0.002494,0.002492,0.002491,0.00249,0.002489,0.002488,0.002501,0.002504,0.002505,0.002507,0.002509,0.00251,0.002513,0.002514,0.002523,0.002524,62466.8,56233.4,63021.4,65385,6233.4,8995.6,13021.4,11327.2,13021.4,252773.1,1709788.2,15385,13021.4,9122.7,13021.4,483013.1,7209.8,35754.4,26699.5,455808.8
102,0.0025,0.002499,0.002498,0.002497,0.002496,0.002494,0.002493,0.002491,0.00249,0.002489,0.002501,0.002504,0.002505,0.002507,0.002509,0.00251,0.002513,0.002514,0.002523,0.002524,13021.4,35314.8,56233.4,63021.4,65385,6233.4,9057,13021.4,11327.2,59620.4,1682236.2,15385,13021.4,22144.1,344892.3,18021.4,7209.8,35754.4,26699.5,455808.8
103,0.0025,0.002499,0.002498,0.002497,0.002496,0.002495,0.002491,0.00249,0.002489,0.002488,0.002502,0.002503,0.002505,0.002507,0.002508,0.002509,0.00251,0.002513,0.002514,0.002523,13021.4,28526.8,8597,13215.8,13021.4,9030,13021.4,11327.2,623735.7,13021.4,6133.4,19317.5,13021.4,2363.6,13021.4,585660.6,18021.4,7209.8,35754.4,26699.5
104,0.002498,0.002496,0.002493,0.002491,0.00249,0.002489,0.002488,0.002487,0.002486,0.002485,0.0025,0.002501,0.002502,0.002503,0.002505,0.002507,0.002508,0.002509,0.00251,0.002512,6233.4,15385,9004.4,13021.4,50702.5,59620.4,13021.4,170046.2,769988,13021.4,6133.4,13194.7,6133.4,19317.5,15385,9038.8,13021.4,13021.4,18021.4,13021.4
105,0.002496,0.002494,0.002493,0.002491,0.00249,0.002489,0.002488,0.002487,0.002485,0.002484,0.002498,0.002499,0.0025,0.002501,0.002502,0.002503,0.002505,0.002507,0.002509,0.00251,8597,26253.1,9004.4,395094.1,884579.3,554475.7,1060490,13021.4,13021.4,181069.1,13021.4,19338.6,13021.4,26216.1,6133.4,19317.5,15385,9038.8,260534.5,266974.7
