timestamp,bid_price_0,bid_price_1,bid_price_2,bid_price_3,bid_price_4,bid_price_5,bid_price_6,bid_price_7,bid_price_8,bid_price_9,ask_price_0,ask_price_1,ask_price_2,ask_price_3,ask_price_4,ask_price_5,ask_price_6,ask_price_7,ask_price_8,ask_price_9,bid_size_0,bid_size_1,bid_size_2,bid_size_3,bid_size_4,bid_size_5,bid_size_6,bid_size_7,bid_size_8,bid_size_9,ask_size_0,ask_size_1,ask_size_2,ask_size_3,ask_size_4,ask_size_5,ask_size_6,ask_size_7,ask_size_8,ask_size_9
0,0.1129,0.1128,0.1127,0.1126,0.1125,0.1124,0.1123,0.1122,0.1121,0.112,0.113,0.1131,0.1132,0.1133,0.1134,0.1135,0.1136,0.1137,0.1138,0.1139,1782,24935,33624,22569,19460,16908,16813,13152,13152,13203,1016,1523,2448,8702,5061,49028,5652,6890,7933,4275
1,0.1128,0.1127,0.1126,0.1125,0.1124,0.1123,0.1122,0.1121,0.112,0.1119,0.113,0.1131,0.1132,0.1133,0.1134,0.1135,0.1136,0.1137,0.1138,0.1139,12151,33624,19643,20793,16908,16871,16813,13152,13203,21413,2288,1477,1705,9234,6654,46880,5653,12267,2648,4275
2,0.1127,0.1126,0.1125,0.1124,0.1123,0.1122,0.1121,0.112,0.1119,0.1118,0.1129,0.113,0.1131,0.1132,0.1133,0.1134,0.1135,0.1136,0.1137,0.1138,16294,17681,19672,24111,13330,20540,15802,15851,15798,13381,1039,1397,3597,2535,4052,4528,46880,11417,8519,2648
3,0.1128,0.1127,0.1126,0.1125,0.1124,0.1123,0.1122,0.1121,0.112,0.1119,0.1129,0.113,0.1131,0.1132,0.1133,0.1134,0.1135,0.1136,0.1137,0.1138,1628,15976,17681,23424,16361,13330,20541,13152,13203,15803,843,1397,3597,1115,4347,8695,3452,11417,4352,2648
4,0.1128,0.1127,0.1126,0.1125,0.1124,0.1123,0.1122,0.1121,0.112,0.1119,0.113,0.1131,0.1132,0.1133,0.1134,0.1135,0.1136,0.1137,0.1138,0.114,7782,28324,23256,24039,17046,16814,13152,13335,15852,23772,1941,2744,2038,2880,6865,2499,5652,11791,2648,55649
5,0.1125,0.1124,0.1123,0.1122,0.1121,0.112,0.1119,0.1118,0.1117,0.1116,0.1127,0.1128,0.1129,0.113,0.1131,0.1132,0.1133,0.1134,0.1135,0.1136,1878,3446,19061,21800,13152,20330,13335,17150,46944,13152,1705,1769,2510,1462,2862,9082,2882,12974,3450,3006
6,0.1125,0.1124,0.1123,0.1122,0.1121,0.112,0.1119,0.1118,0.1117,0.1116,0.1127,0.1128,0.1129,0.113,0.1131,0.1132,0.1133,0.1134,0.1135,0.1136,1878,19323,22598,17078,16518,16933,13152,17054,43272,16934,1978,1804,2210,2540,3101,6393,2882,12974,3450,3006
7,0.1124,0.1123,0.1122,0.1121,0.112,0.1119,0.1118,0.1117,0.1116,0.1115,0.1126,0.1127,0.1128,0.1129,0.113,0.1131,0.1132,0.1133,0.1134,0.1135,5728,18852,20840,21523,17110,13152,17240,47051,13384,13152,1264,1881,1930,1391,2361,1554,3294,8692,12974,3450
8,0.1122,0.1121,0.112,0.1119,0.1118,0.1117,0.1116,0.1115,0.1114,0.1113,0.1124,0.1125,0.1126,0.1127,0.1128,0.1129,0.113,0.1131,0.1132,0.1133,17760,17903,18817,23429,13558,43272,19597,15814,13152,3742,1056,3926,13152,879,2827,13152,3813,13759,15418,2882
9,0.1127,0.1126,0.1125,0.1124,0.1123,0.1122,0.1121,0.112,0.1119,0.1118,0.1129,0.113,0.1131,0.1132,0.1133,0.1134,0.1135,0.1136,0.1137,0.1139,18431,17699,16992,13152,20071,16817,13152,15854,15805,16037,9744,1280,4967,16481,2824,12454,10314,19278,170,13152
10,0.1125,0.1124,0.1123,0.1122,0.1121,0.112,0.1119,0.1118,0.1117,0.1116,0.1127,0.1128,0.1129,0.113,0.1132,0.1133,0.1134,0.1135,0.1136,0.1137,17323,17782,16825,18683,20279,20639,13152,16037,43272,23901,6039,4218,13838,4142,17548,9682,11348,3453,18814,170
11,0.1124,0.1123,0.1122,0.1121,0.112,0.1119,0.1118,0.1117,0.1116,0.1115,0.1126,0.1127,0.1128,0.1129,0.113,0.1131,0.1132,0.1133,0.1134,0.1135,3804,17634,16956,18852,16603,13152,17157,43272,15812,31346,1179,1570,4903,16072,1280,3759,13789,9682,11348,5082
12,0.1125,0.1124,0.1123,0.1122,0.1121,0.112,0.1119,0.1118,0.1117,0.1116,0.1127,0.1128,0.1129,0.113,0.1132,0.1133,0.1134,0.1135,0.1136,0.1137,17502,17864,16835,19158,24838,16877,13152,16038,47053,15812,1240,4218,13835,4167,17548,2882,18118,5082,16182,634
13,0.1127,0.1126,0.1125,0.1124,0.1123,0.1122,0.1121,0.112,0.1119,0.1118,0.1128,0.113,0.1131,0.1132,0.1133,0.1134,0.1135,0.1136,0.1137,0.1138,12831,15674,18310,17681,16390,16821,17059,13203,13152,19814,2650,3112,8107,13789,3988,18118,5082,16182,170,464
14,0.1127,0.1126,0.1125,0.1124,0.1123,0.1122,0.1121,0.112,0.1119,0.1118,0.1129,0.113,0.1131,0.1132,0.1133,0.1134,0.1135,0.1136,0.1137,0.1139,15880,17236,17502,17681,20275,16820,13152,13203,19572,16032,2599,1280,6086,16541,229,8287,3453,22999,5966,15784
15,0.1128,0.1127,0.1126,0.1125,0.1124,0.1123,0.1122,0.1121,0.112,0.1119,0.113,0.1131,0.1132,0.1133,0.1134,0.1135,0.1136,0.1137,0.1138,0.1139,20638,29844,18686,20713,13329,20543,15800,15802,15853,19572,2511,5238,14462,3135,4528,4561,22999,4337,3112,17413
16,0.1127,0.1126,0.1125,0.1124,0.1123,0.1122,0.1121,0.112,0.1119,0.1118,0.1129,0.113,0.1131,0.1132,0.1133,0.1134,0.1135,0.1136,0.1137,0.1138,28408,18661,21945,19938,18693,19468,15802,19615,15803,13381,3605,1280,5917,16657,229,4528,7209,22953,4337,2648
17,0.1128,0.1127,0.1126,0.1125,0.1124,0.1123,0.1122,0.1121,0.112,0.1119,0.113,0.1131,0.1132,0.1133,0.1134,0.1135,0.1136,0.1137,0.1138,0.1139,22019,30960,17855,19459,20847,19526,15802,15802,15853,19571,2357,5238,14463,2578,7274,4561,16182,12688,3112,15784
18,0.1131,0.113,0.1129,0.1128,0.1127,0.1126,0.1125,0.1124,0.1123,0.1122,0.1132,0.1133,0.1134,0.1135,0.1136,0.1137,0.1138,0.1139,0.114,0.1141,2202,16631,17078,24876,27003,16866,17624,15864,15802,15860,1532,18060,15497,16107,12792,13700,17990,15795,21384,13381
19,0.1131,0.113,0.1129,0.1128,0.1127,0.1126,0.1125,0.1124,0.1123,0.1122,0.1133,0.1134,0.1135,0.1136,0.1137,0.1138,0.1139,0.114,0.1141,0.1142,6318,15627,18360,24285,14172,16807,17624,45797,16660,23834,21117,15958,12182,13399,15580,15791,15791,21884,16023,13152
20,0.1132,0.1131,0.113,0.1129,0.1128,0.1127,0.1126,0.1125,0.1124,0.1123,0.1133,0.1134,0.1135,0.1136,0.1137,0.1138,0.1139,0.114,0.1141,0.1142,1467,18183,18435,19315,20068,21618,13152,16466,45797,16999,159,2269,13152,3027,13789,15683,15788,15786,22415,2641
21,0.1135,0.1134,0.1133,0.1132,0.1131,0.113,0.1129,0.1128,0.1127,0.1126,0.1137,0.1138,0.1139,0.114,0.1141,0.1142,0.1143,0.1144,0.1145,0.1146,4167,18535,19145,25352,17374,13203,13152,15786,16806,15791,1179,1346,13152,13790,15910,2629,19557,8996,13209,96
22,0.1135,0.1134,0.1133,0.1132,0.1131,0.113,0.1129,0.1128,0.1127,0.1126,0.1136,0.1138,0.1139,0.114,0.1141,0.1142,0.1143,0.1144,0.1145,0.1146,2347,16242,18356,25277,13595,20630,15784,15786,16806,15791,1784,1300,13152,13780,15895,4542,17648,11612,13209,96
23,0.1135,0.1134,0.1133,0.1132,0.1131,0.113,0.1129,0.1128,0.1127,0.1126,0.1136,0.1137,0.1138,0.1139,0.114,0.1141,0.1142,0.1143,0.1144,0.1145,2059,16418,19266,25019,17374,16849,15784,15786,16806,13152,258,1183,1538,1457,13782,15941,4538,17648,11638,13209
24,0.1138,0.1137,0.1136,0.1135,0.1134,0.1133,0.1132,0.1131,0.113,0.1129,0.114,0.1141,0.1142,0.1143,0.1144,0.1145,0.1146,0.1147,0.1148,0.1149,4676,18613,17306,19263,23803,13152,15782,16225,15836,15784,7278,13381,2563,17648,2618,13209,9401,13209,4316,13683
25,0.114,0.1139,0.1138,0.1137,0.1136,0.1135,0.1134,0.1133,0.1132,0.1131,0.1141,0.1142,0.1143,0.1145,0.1146,0.1147,0.1148,0.1149,0.115,0.1151,2176,18528,17254,22998,20596,16782,15774,15777,15779,16225,360,6771,17648,13864,2781,13209,2687,22958,15017,16126
26,0.1144,0.1143,0.1142,0.1141,0.114,0.1139,0.1138,0.1137,0.1136,0.1135,0.1146,0.1147,0.1148,0.1149,0.115,0.1151,0.1152,0.1153,0.1154,0.1155,4263,18571,18348,25303,13152,20518,13152,13152,15771,15773,7470,2355,659,14897,26540,16119,19246,22419,17230,23945
27,0.1144,0.1143,0.1142,0.1141,0.114,0.1139,0.1138,0.1137,0.1136,0.1135,0.1146,0.1147,0.1148,0.1149,0.115,0.1151,0.1152,0.1153,0.1154,0.1155,17318,18059,18241,25653,17839,16918,13152,15765,15771,15773,3418,4761,15851,668,11684,16120,16628,15809,10606,13400
