timestamp,bid_price_0,bid_price_1,bid_price_2,bid_price_3,bid_price_4,bid_price_5,bid_price_6,bid_price_7,bid_price_8,bid_price_9,ask_price_0,ask_price_1,ask_price_2,ask_price_3,ask_price_4,ask_price_5,ask_price_6,ask_price_7,ask_price_8,ask_price_9,bid_size_0,bid_size_1,bid_size_2,bid_size_3,bid_size_4,bid_size_5,bid_size_6,bid_size_7,bid_size_8,bid_size_9,ask_size_0,ask_size_1,ask_size_2,ask_size_3,ask_size_4,ask_size_5,ask_size_6,ask_size_7,ask_size_8,ask_size_9
0,0.1078,0.1077,0.1076,0.1075,0.1074,0.1073,0.1072,0.1071,0.107,0.1069,0.108,0.1081,0.1082,0.1083,0.1084,0.1085,0.1086,0.1087,0.1088,0.1089,2813,17952,25127,51627,84485,13825,14054,14011,14310,15012,3482,14981,25626,16479,22404,20437,17618,26587,18347,23466
1,0.1078,0.1077,0.1076,0.1075,0.1074,0.1073,0.1072,0.1071,0.107,0.1069,0.1079,0.108,0.1081,0.1082,0.1083,0.1084,0.1085,0.1086,0.1087,0.1088,3035,914,25256,57180,70630,17065,14054,13825,14496,13825,1568,15699,17384,23941,17894,24880,24900,23381,18432,18347
2,0.1078,0.1077,0.1076,0.1075,0.1074,0.1073,0.1072,0.1071,0.107,0.1069,0.108,0.1081,0.1082,0.1083,0.1084,0.1085,0.1086,0.1087,0.1088,0.1089,3035,14739,18245,34277,63621,33773,14518,13825,14062,13825,17234,17017,18075,24608,22109,24900,23381,18432,18347,17703
3,0.1078,0.1077,0.1076,0.1075,0.1074,0.1073,0.1072,0.1071,0.107,0.1069,0.108,0.1081,0.1082,0.1083,0.1084,0.1085,0.1086,0.1087,0.1088,0.1089,3035,18190,24077,47408,97681,13825,14518,13825,14061,15012,7425,14887,21277,14040,18385,24292,18983,30901,18347,17703
4,0.1079,0.1078,0.1077,0.1076,0.1075,0.1074,0.1073,0.1072,0.1071,0.107,0.1081,0.1082,0.1083,0.1084,0.1085,0.1086,0.1087,0.1088,0.1089,0.109,20327,31191,54596,67601,47981,13825,13825,14703,15008,13876,11746,14621,18751,21122,20573,20064,30901,16718,17703,15972
5,0.1079,0.1078,0.1077,0.1076,0.1075,0.1074,0.1073,0.1072,0.1071,0.107,0.1081,0.1082,0.1083,0.1084,0.1085,0.1086,0.1087,0.1088,0.1089,0.109,7496,20539,28681,58922,40307,13825,13825,14720,15009,21953,4986,18992,17630,18134,17964,19768,22939,16718,28534,15972
6,0.1078,0.1077,0.1076,0.1075,0.1074,0.1073,0.1072,0.1071,0.107,0.1069,0.1079,0.108,0.1081,0.1082,0.1083,0.1084,0.1085,0.1086,0.1087,0.1088,2553,18196,19664,22356,33615,13825,14535,13825,15248,15454,1106,18516,19345,20933,14029,18134,16881,22536,30977,21569
7,0.1075,0.1074,0.1073,0.1072,0.1071,0.107,0.1069,0.1068,0.1067,0.1066,0.1077,0.1078,0.1079,0.108,0.1081,0.1082,0.1083,0.1084,0.1085,0.1086,6926,18754,18164,38633,13825,13876,13825,13825,15200,23508,5914,15694,17423,21562,18180,13825,16805,20582,25024,20607
8,0.1078,0.1077,0.1076,0.1075,0.1074,0.1073,0.1072,0.1071,0.107,0.1069,0.1079,0.108,0.1081,0.1082,0.1083,0.1084,0.1085,0.1086,0.1087,0.1088,1800,43049,67477,49752,61972,13825,14054,13825,15245,14325,788,5189,13825,19349,17242,18134,17964,18978,31065,23198
9,0.1078,0.1077,0.1076,0.1075,0.1074,0.1073,0.1072,0.1071,0.107,0.1069,0.108,0.1081,0.1082,0.1083,0.1084,0.1085,0.1086,0.1087,0.1088,0.1089,29253,19014,27774,114517,44107,13825,14054,14010,15060,14325,5189,14633,18547,17291,24054,20735,18978,31065,23198,20471
10,0.1078,0.1077,0.1076,0.1075,0.1074,0.1073,0.1072,0.1071,0.107,0.1069,0.108,0.1081,0.1082,0.1083,0.1084,0.1085,0.1086,0.1087,0.1088,0.1089,5674,17662,27774,84460,51678,13825,14054,13825,15246,14325,4346,18988,14192,22850,21988,16881,18978,31065,23198,20471
11,0.1081,0.108,0.1079,0.1078,0.1077,0.1076,0.1075,0.1074,0.1073,0.1072,0.1083,0.1084,0.1085,0.1086,0.1087,0.1088,0.1089,0.109,0.1091,0.1092,7195,18213,28636,64456,129829,13825,13825,14343,14010,15235,9142,19133,17748,16210,20161,20572,28624,17601,4851,15718
12,0.1083,0.1082,0.1081,0.108,0.1079,0.1078,0.1077,0.1076,0.1075,0.1074,0.1085,0.1086,0.1087,0.1088,0.1089,0.109,0.1091,0.1092,0.1093,0.1094,7455,18567,39233,66312,89626,13825,13825,13825,14012,23550,6836,24754,34450,17527,18557,18737,24747,18478,14553,21818
13,0.1081,0.108,0.1079,0.1078,0.1077,0.1076,0.1075,0.1074,0.1073,0.1072,0.1083,0.1084,0.1085,0.1086,0.1087,0.1088,0.1089,0.109,0.1091,0.1092,7639,14637,13825,84853,63173,13825,13825,14528,15007,22038,8677,20310,20150,30627,24461,20617,17461,20102,29598,18478
14,0.1081,0.108,0.1079,0.1078,0.1077,0.1076,0.1075,0.1074,0.1073,0.1072,0.1082,0.1083,0.1084,0.1085,0.1086,0.1087,0.1088,0.1089,0.109,0.1091,2248,17952,14637,59436,59569,13825,13825,14010,13825,23196,856,6233,22958,20114,21960,27806,17270,17463,20461,29912
15,0.1083,0.1082,0.1081,0.108,0.1079,0.1078,0.1077,0.1076,0.1075,0.1074,0.1084,0.1085,0.1086,0.1087,0.1088,0.1089,0.109,0.1091,0.1092,0.1093,2667,18194,14637,58481,67019,13825,13825,13825,14011,15005,805,19747,28191,33580,17777,19356,19096,32543,16585,14194
16,0.1083,0.1082,0.1081,0.108,0.1079,0.1078,0.1077,0.1076,0.1075,0.1074,0.1085,0.1086,0.1087,0.1088,0.1089,0.109,0.1091,0.1092,0.1093,0.1094,5644,18189,14621,62779,96578,13825,13825,13825,14010,15004,8171,26352,32508,21888,20450,19096,32543,16585,14194,13825
17,0.1084,0.1083,0.1082,0.1081,0.108,0.1079,0.1078,0.1077,0.1076,0.1075,0.1086,0.1087,0.1088,0.1089,0.109,0.1091,0.1092,0.1093,0.1094,0.1095,8909,15560,13825,29428,107161,13825,13825,13825,14013,15002,16470,26028,20787,32982,15972,19219,16585,24324,18676,288
18,0.1083,0.1082,0.1081,0.108,0.1079,0.1078,0.1077,0.1076,0.1075,0.1074,0.1085,0.1086,0.1087,0.1088,0.1089,0.109,0.1091,0.1092,0.1093,0.1094,78764,18997,39076,63736,114923,13825,13825,14012,15003,21918,8728,26120,31150,18050,17007,22583,27258,16585,18600,18676
19,0.1083,0.1082,0.1081,0.108,0.1079,0.1078,0.1077,0.1076,0.1075,0.1074,0.1085,0.1086,0.1087,0.1088,0.1089,0.109,0.1091,0.1092,0.1093,0.1094,77781,18194,14637,70874,140543,13825,13825,14010,13825,23099,11213,23347,33568,14808,17007,22583,27258,16585,18600,18676
20,0.1083,0.1082,0.1081,0.108,0.1079,0.1078,0.1077,0.1076,0.1075,0.1074,0.1085,0.1086,0.1087,0.1088,0.1089,0.109,0.1091,0.1092,0.1093,0.1094,11061,19014,38877,105898,114829,13825,13825,14011,15005,21918,940,15354,23317,21504,20890,20185,17094,16585,26643,18676
21,0.1078,0.1077,0.1076,0.1075,0.1074,0.1073,0.1072,0.1071,0.107,0.1069,0.108,0.1081,0.1082,0.1083,0.1084,0.1085,0.1086,0.1087,0.1088,0.1089,7236,18919,42939,111687,44625,17049,15074,14009,15063,13825,6502,13825,19804,17708,13961,17679,21439,30979,14159,25228
22,0.1076,0.1075,0.1074,0.1073,0.1072,0.1071,0.107,0.1069,0.1068,0.1067,0.1078,0.1079,0.108,0.1081,0.1082,0.1083,0.1084,0.1085,0.1086,0.1087,4864,16374,21270,47692,82708,17022,13876,14009,15399,47669,3731,17028,17420,17708,21240,13825,16737,24720,21447,18417
23,0.1077,0.1076,0.1075,0.1074,0.1073,0.1072,0.1071,0.107,0.1069,0.1068,0.1079,0.108,0.1081,0.1082,0.1083,0.1084,0.1085,0.1086,0.1087,0.1088,21287,17923,26355,92326,72981,15074,13825,14060,15012,14210,802,13825,24273,17386,13825,17815,24720,21447,18417,16930
24,0.1076,0.1075,0.1074,0.1073,0.1072,0.1071,0.107,0.1069,0.1068,0.1067,0.1078,0.1079,0.108,0.1081,0.1082,0.1083,0.1084,0.1085,0.1086,0.1087,6486,17952,33210,62883,75679,13825,13876,14009,15012,31673,9118,16728,20364,17708,17386,17679,16732,24578,21447,18417
25,0.1075,0.1074,0.1073,0.1072,0.1071,0.107,0.1069,0.1068,0.1067,0.1066,0.1077,0.1078,0.1079,0.108,0.1081,0.1082,0.1083,0.1084,0.1085,0.1086,5936,25098,49924,62718,77961,13876,14009,15014,31673,23443,8156,18522,17461,13825,17708,21240,16599,16732,24578,21447
26,0.1075,0.1074,0.1073,0.1072,0.1071,0.107,0.1069,0.1068,0.1067,0.1066,0.1077,0.1078,0.1079,0.108,0.1081,0.1082,0.1083,0.1084,0.1085,0.1086,8387,18698,18325,76256,81520,17115,13825,14226,1373,15402,8621,19599,20944,13825,17679,17386,24798,16732,16596,21447
27,0.1074,0.1073,0.1072,0.1071,0.107,0.1069,0.1068,0.1067,0.1066,0.1065,0.1076,0.1077,0.1078,0.1079,0.108,0.1081,0.1082,0.1083,0.1084,0.1085,4692,18913,32816,79690,22834,13825,13825,13825,24887,50386,8413,18550,17012,14192,14240,21562,20164,24800,16732,16596
28,0.1075,0.1074,0.1073,0.1072,0.1071,0.107,0.1069,0.1068,0.1067,0.1066,0.1076,0.1077,0.1078,0.1079,0.108,0.1081,0.1082,0.1083,0.1084,0.1085,1351,16724,29677,70845,48165,13876,13825,13825,15198,23512,918,19626,18032,20019,14240,21562,20163,24800,16732,16596
29,0.1075,0.1074,0.1073,0.1072,0.1071,0.107,0.1069,0.1068,0.1067,0.1066,0.1077,0.1078,0.1079,0.108,0.1081,0.1082,0.1083,0.1084,0.1085,0.1086,1351,16724,33886,66537,49386,13876,13825,13825,15198,23512,7220,21279,16946,14240,21562,20163,24800,16732,16596,21447
30,0.1076,0.1075,0.1074,0.1073,0.1072,0.1071,0.107,0.1069,0.1068,0.1067,0.1078,0.1079,0.108,0.1081,0.1082,0.1083,0.1084,0.1085,0.1086,0.1087,6439,20420,38115,73311,81572,13825,13876,13825,15196,13825,7909,18148,17859,17708,13825,24009,16732,24742,21447,18417
31,0.1075,0.1074,0.1073,0.1072,0.1071,0.107,0.1069,0.1068,0.1067,0.1066,0.1077,0.1078,0.1079,0.108,0.1081,0.1082,0.1083,0.1084,0.1085,0.1086,9876,28192,29920,85029,66391,13876,13825,14009,15015,23512,7252,21771,17211,14241,17708,20457,27227,20286,16596,21447
32,0.1075,0.1074,0.1073,0.1072,0.1071,0.107,0.1069,0.1068,0.1067,0.1066,0.1077,0.1078,0.1079,0.108,0.1081,0.1082,0.1083,0.1084,0.1085,0.1086,24286,35012,42056,37749,67961,13876,13825,14009,15012,23512,7047,13825,20550,14241,21562,16602,30781,16732,16596,21447
33,0.1074,0.1073,0.1072,0.1071,0.107,0.1069,0.1068,0.1067,0.1066,0.1065,0.1076,0.1077,0.1078,0.1079,0.108,0.1081,0.1082,0.1083,0.1084,0.1085,23183,30337,39724,84567,62996,13825,13825,14009,24703,50386,6885,15429,17083,17346,14241,21562,20156,27227,16732,16596
34,0.1075,0.1074,0.1073,0.1072,0.1071,0.107,0.1069,0.1068,0.1067,0.1066,0.1077,0.1078,0.1079,0.108,0.1081,0.1082,0.1083,0.1084,0.1085,0.1086,2496,27341,31917,70327,67961,13876,13825,13825,15199,23512,7826,13825,20122,14241,17708,24010,27227,16732,16596,21447
35,0.1077,0.1075,0.1074,0.1073,0.1072,0.1071,0.107,0.1069,0.1068,0.1067,0.1078,0.1079,0.108,0.1081,0.1082,0.1083,0.1084,0.1085,0.1086,0.1087,4305,18192,26806,65632,35365,13825,13876,13825,15197,15135,3750,18076,17838,17708,17679,24596,20288,16596,21447,18417
36,0.1075,0.1074,0.1073,0.1072,0.1071,0.107,0.1069,0.1068,0.1067,0.1066,0.1077,0.1078,0.1079,0.108,0.1081,0.1082,0.1083,0.1084,0.1085,0.1086,21799,30011,60835,44928,67970,13876,13825,14010,15014,23512,865,14633,17415,16630,17708,17679,24596,20288,16596,21447
37,0.1075,0.1074,0.1073,0.1072,0.1071,0.107,0.1069,0.1068,0.1067,0.1066,0.1077,0.1078,0.1079,0.108,0.1081,0.1082,0.1083,0.1084,0.1085,0.1086,2110,19167,40433,73385,84572,13876,13825,13825,14010,24703,17298,17047,16837,14241,17708,20457,28150,16732,16596,21447
38,0.1074,0.1073,0.1072,0.1071,0.107,0.1069,0.1068,0.1067,0.1066,0.1065,0.1076,0.1077,0.1078,0.1079,0.108,0.1081,0.1082,0.1083,0.1084,0.1085,3207,27597,31942,67867,65209,13825,13825,13825,15587,50386,16120,17023,14408,20578,18095,24737,16603,20155,16732,16596
39,0.1074,0.1073,0.1072,0.1071,0.107,0.1069,0.1068,0.1067,0.1066,0.1065,0.1076,0.1077,0.1078,0.1079,0.108,0.1081,0.1082,0.1083,0.1084,0.1085,19694,18702,42148,81324,34358,13825,13825,14010,16591,50386,4922,14646,17633,20098,14241,17679,20157,24591,16732,16596
40,0.1075,0.1074,0.1073,0.1072,0.1071,0.107,0.1069,0.1068,0.1067,0.1066,0.1077,0.1078,0.1079,0.108,0.1081,0.1082,0.1083,0.1084,0.1085,0.1086,2682,20299,42141,75872,59635,13876,13825,13825,14010,24617,19029,13825,20525,14457,21562,20157,24585,16732,16596,21447
41,0.1074,0.1073,0.1072,0.1071,0.107,0.1069,0.1068,0.1067,0.1066,0.1065,0.1076,0.1077,0.1078,0.1079,0.108,0.1081,0.1082,0.1083,0.1084,0.1085,11954,27830,33035,62098,50733,13825,13825,14010,16591,50386,2242,14624,20359,17708,14457,17679,16603,28112,16732,16596
42,0.1074,0.1073,0.1072,0.1071,0.107,0.1069,0.1068,0.1067,0.1066,0.1065,0.1076,0.1077,0.1078,0.1079,0.108,0.1081,0.1082,0.1083,0.1084,0.1085,2775,28039,35136,74767,74736,13825,13825,14010,16593,50386,2960,14709,20101,17708,14457,17679,20157,24558,16732,16596
43,0.1073,0.1072,0.1071,0.107,0.1069,0.1068,0.1067,0.1066,0.1065,0.1064,0.1074,0.1075,0.1076,0.1077,0.1078,0.1079,0.108,0.1081,0.1082,0.1083,4659,21970,35345,58205,99324,13825,13825,15692,14239,23091,841,15541,13825,17395,13825,17708,21094,24649,20157,19232
44,0.1072,0.1071,0.107,0.1069,0.1068,0.1067,0.1066,0.1065,0.1064,0.1063,0.1074,0.1075,0.1076,0.1077,0.1078,0.1079,0.108,0.1081,0.1082,0.1083,9948,25713,26014,65310,33584,13825,19948,14054,15199,13825,17633,13825,20128,17708,17679,24657,19247,16742,16603,24083
45,0.1071,0.107,0.1069,0.1068,0.1067,0.1066,0.1065,0.1064,0.1063,0.1062,0.1073,0.1074,0.1075,0.1076,0.1077,0.1078,0.1079,0.108,0.1081,0.1082,2385,22555,14639,86008,17027,19948,14054,14010,15018,18908,3699,14622,17391,16860,21562,13825,24657,19247,16742,16603
46,0.1068,0.1067,0.1066,0.1065,0.1064,0.1063,0.1062,0.1061,0.106,0.1059,0.107,0.1071,0.1072,0.1073,0.1074,0.1075,0.1076,0.1077,0.1078,0.1079,10909,27325,38628,81801,21575,13825,18908,14287,20334,24478,2898,14698,17387,17003,13825,21562,18396,24727,16611,16611
47,0.1066,0.1065,0.1064,0.1063,0.1062,0.1061,0.106,0.1059,0.1058,0.1057,0.1068,0.1069,0.107,0.1071,0.1072,0.1073,0.1074,0.1075,0.1076,0.1077,17766,22293,54642,50524,22074,14102,19137,15030,6335,22217,2908,16466,20499,13825,17679,17708,16624,24652,18396,16616
48,0.1068,0.1067,0.1066,0.1065,0.1064,0.1063,0.1062,0.1061,0.106,0.1059,0.107,0.1071,0.1072,0.1073,0.1074,0.1075,0.1076,0.1077,0.1078,0.1079,2378,29715,54582,60429,17042,13825,18858,14289,20335,54750,6354,13825,17443,17708,15602,16622,16619,24702,16747,16611
49,0.1068,0.1067,0.1066,0.1065,0.1064,0.1063,0.1062,0.1061,0.106,0.1059,0.107,0.1071,0.1072,0.1073,0.1074,0.1075,0.1076,0.1077,0.1078,0.1079,3715,16776,30582,70657,17059,18384,14295,14289,20530,54750,4834,13825,19931,17708,17679,16622,18396,24702,16747,16611
50,0.1068,0.1067,0.1066,0.1065,0.1064,0.1063,0.1062,0.1061,0.106,0.1059,0.1069,0.107,0.1071,0.1072,0.1073,0.1074,0.1075,0.1076,0.1077,0.1078,1860,21491,27065,28980,51540,17057,14295,14102,19324,46757,2826,14590,19739,13825,21562,16622,24701,18396,16616,16747
51,0.1068,0.1067,0.1066,0.1065,0.1064,0.1063,0.1062,0.1061,0.106,0.1059,0.107,0.1071,0.1072,0.1073,0.1074,0.1075,0.1076,0.1077,0.1078,0.1079,3020,28161,27758,65901,33069,13825,14295,14289,19137,16044,3732,17010,14192,17708,17679,26479,16619,16616,16747,16611
52,0.1066,0.1065,0.1064,0.1063,0.1062,0.1061,0.106,0.1059,0.1058,0.1057,0.1068,0.1069,0.107,0.1071,0.1072,0.1073,0.1074,0.1075,0.1076,0.1077,8676,19151,37798,84193,17509,14102,19137,15032,6109,22454,813,16100,17430,17665,17679,17708,16622,24701,18396,16616
53,0.1066,0.1065,0.1064,0.1063,0.1062,0.1061,0.106,0.1059,0.1058,0.1057,0.1068,0.1069,0.107,0.1071,0.1072,0.1073,0.1074,0.1075,0.1076,0.1077,24818,34055,72821,49170,14295,14102,19137,16229,18735,54428,420,15392,19962,14192,13825,21562,20178,24701,16619,16616
54,0.1065,0.1064,0.1063,0.1062,0.1061,0.106,0.1059,0.1058,0.1057,0.1056,0.1067,0.1068,0.1069,0.107,0.1071,0.1072,0.1073,0.1074,0.1075,0.1076,9912,17952,32374,74342,21904,19137,14845,18922,15144,14104,3599,13825,18032,13825,21562,16629,24671,20178,16758,16619
55,0.1066,0.1065,0.1064,0.1063,0.1062,0.1061,0.106,0.1059,0.1058,0.1057,0.1068,0.1069,0.107,0.1071,0.1072,0.1073,0.1074,0.1075,0.1076,0.1077,8865,18181,32925,71258,17541,18670,19282,14845,20119,21961,4967,13825,17430,18341,20527,20181,16624,24952,16619,16616
56,0.1065,0.1064,0.1063,0.1062,0.1061,0.106,0.1059,0.1058,0.1057,0.1056,0.1067,0.1068,0.1069,0.107,0.1071,0.1072,0.1073,0.1074,0.1075,0.1076,6391,17952,33736,91913,17318,19282,19421,14291,23162,14104,3355,14743,20459,13825,22195,14054,24667,20178,16758,16619
57,0.1064,0.1063,0.1062,0.1061,0.106,0.1059,0.1058,0.1057,0.1056,0.1055,0.1066,0.1067,0.1068,0.1069,0.107,0.1071,0.1072,0.1073,0.1074,0.1075,21362,26996,40810,88028,22517,14845,14104,14132,15653,30379,3218,14636,17051,17054,13825,22195,16857,28221,16624,16758
58,0.1065,0.1064,0.1063,0.1062,0.1061,0.106,0.1059,0.1058,0.1057,0.1056,0.1067,0.1068,0.1069,0.107,0.1071,0.1072,0.1073,0.1074,0.1075,0.1076,6331,18247,29224,57780,33603,19282,14845,14291,15144,14452,3558,13825,20491,13825,22195,17608,24667,16624,16758,16988
59,0.1065,0.1064,0.1063,0.1062,0.1061,0.106,0.1059,0.1058,0.1057,0.1056,0.1067,0.1068,0.1069,0.107,0.1071,0.1072,0.1073,0.1074,0.1075,0.1076,6614,18236,27006,57418,17729,19282,14845,14291,15144,15265,3205,13825,20588,13825,22195,16858,28221,16624,16758,16988
60,0.1066,0.1065,0.1064,0.1063,0.1062,0.1061,0.106,0.1059,0.1058,0.1057,0.1068,0.1069,0.107,0.1071,0.1072,0.1073,0.1074,0.1075,0.1076,0.1077,7006,18875,33759,67585,17479,14521,19282,14845,14291,15145,1610,14625,17376,18341,17908,28221,16624,16758,16988,24098
61,0.1064,0.1063,0.1062,0.1061,0.106,0.1059,0.1058,0.1057,0.1056,0.1055,0.1065,0.1066,0.1067,0.1068,0.1069,0.107,0.1071,0.1072,0.1073,0.1074,1922,18801,29223,74654,22501,19422,14104,13945,16356,28750,4127,14636,14998,17062,13825,13825,21145,16858,24667,20178
62,0.106,0.1059,0.1058,0.1057,0.1056,0.1055,0.1054,0.1053,0.1052,0.1051,0.1062,0.1063,0.1064,0.1065,0.1066,0.1067,0.1068,0.1069,0.107,0.1071,6692,18487,17952,23502,29731,26260,22803,14316,15880,14111,4808,13825,17431,25969,13825,13825,24609,19266,21267,17262
63,0.106,0.1059,0.1058,0.1057,0.1056,0.1055,0.1054,0.1053,0.1052,0.1051,0.1062,0.1063,0.1064,0.1065,0.1066,0.1067,0.1068,0.1069,0.107,0.1071,5989,18487,18767,18922,17077,16031,20662,13825,15464,18773,19005,14320,17398,21842,13825,16643,24609,27398,16686,17262
64,0.106,0.1059,0.1058,0.1057,0.1056,0.1055,0.1054,0.1053,0.1052,0.1051,0.1061,0.1062,0.1063,0.1064,0.1065,0.1066,0.1067,0.1068,0.1069,0.107,3668,22387,17952,19728,13825,19282,14430,13825,14258,19980,798,14225,17076,18046,17988,13825,16643,29190,22817,16686
65,0.1059,0.1058,0.1057,0.1056,0.1055,0.1054,0.1053,0.1052,0.1051,0.105,0.1061,0.1062,0.1063,0.1064,0.1065,0.1066,0.1067,0.1068,0.1069,0.107,3711,17952,18768,22749,35207,13825,14431,13825,20169,49946,13917,17046,18046,13825,17988,24782,21224,20187,19266,16686
66,0.1061,0.106,0.1059,0.1058,0.1057,0.1056,0.1055,0.1054,0.1053,0.1052,0.1063,0.1064,0.1065,0.1066,0.1067,0.1068,0.1069,0.107,0.1071,0.1072,5897,21855,20127,22969,29710,17079,16031,14430,14013,15031,12022,17008,22209,13825,18406,28353,19266,16686,18891,18383
67,0.1062,0.1061,0.106,0.1059,0.1058,0.1057,0.1056,0.1055,0.1054,0.1053,0.1063,0.1064,0.1065,0.1066,0.1067,0.1068,0.1069,0.107,0.1071,0.1072,3475,18923,18601,23860,32698,13825,13825,16031,14013,15029,6002,14793,21545,17679,13825,21218,22820,24713,18891,18383
68,0.1062,0.1061,0.106,0.1059,0.1058,0.1057,0.1056,0.1055,0.1054,0.1053,0.1064,0.1065,0.1066,0.1067,0.1068,0.1069,0.107,0.1071,0.1072,0.1073,13018,17952,23783,36791,13825,13825,13825,16219,15027,13825,4981,14864,17401,21613,18406,19268,28267,17262,18383,24093
69,0.1062,0.1061,0.106,0.1059,0.1058,0.1057,0.1056,0.1055,0.1054,0.1053,0.1063,0.1064,0.1065,0.1066,0.1067,0.1068,0.1069,0.107,0.1071,0.1072,7211,13825,18190,18751,13825,32711,13825,16031,14013,15031,4791,14591,19827,17679,17759,21220,19266,28267,18891,18383
70,0.1062,0.106,0.1059,0.1058,0.1057,0.1056,0.1055,0.1054,0.1053,0.1052,0.1063,0.1064,0.1065,0.1066,0.1067,0.1068,0.1069,0.107,0.1071,0.1072,10047,18190,18751,18930,17101,13825,16031,14013,15031,21852,14198,17013,20453,13825,17759,21220,22822,24713,17262,18383
71,0.1062,0.1061,0.106,0.1059,0.1058,0.1057,0.1056,0.1055,0.1054,0.1053,0.1063,0.1064,0.1065,0.1066,0.1067,0.1068,0.1069,0.107,0.1071,0.1072,274,914,20180,17952,23754,13825,17081,14032,14013,15031,4691,17082,16954,17679,22340,24747,20191,16686,18891,18383
72,0.1061,0.106,0.1059,0.1058,0.1057,0.1056,0.1055,0.1054,0.1053,0.1052,0.1063,0.1064,0.1065,0.1066,0.1067,0.1068,0.1069,0.107,0.1071,0.1072,6157,23298,18994,18930,17042,13825,14032,13825,15218,13825,11596,13825,24330,13825,22340,20196,16635,24769,18891,19983
73,0.1062,0.1061,0.106,0.1059,0.1058,0.1057,0.1056,0.1055,0.1054,0.1053,0.1064,0.1065,0.1066,0.1067,0.1068,0.1069,0.107,0.1071,0.1072,0.1073,4943,26188,28185,35701,17057,13825,13825,14032,13825,15217,15429,14054,23948,22340,17382,16635,24780,18891,19983,16748
74,0.1064,0.1063,0.1062,0.1061,0.106,0.1059,0.1058,0.1057,0.1056,0.1055,0.1066,0.1067,0.1068,0.1069,0.107,0.1071,0.1072,0.1073,0.1074,0.1075,9965,19427,28709,41178,22361,13825,14054,14013,13825,15232,13448,13825,24694,25170,13876,17262,27583,18377,7851,13825
75,0.1066,0.1065,0.1064,0.1063,0.1062,0.1061,0.106,0.1059,0.1058,0.1057,0.1068,0.1069,0.107,0.1071,0.1072,0.1073,0.1074,0.1075,0.1076,0.1077,10682,24206,27038,35191,21122,20465,19171,13825,15436,13825,3428,22766,20063,22246,15210,16748,20503,18307,15454,20811
76,0.1067,0.1066,0.1065,0.1064,0.1063,0.1062,0.1061,0.106,0.1059,0.1058,0.1068,0.1069,0.107,0.1071,0.1072,0.1073,0.1074,0.1075,0.1076,0.1077,3196,19662,29639,22181,17092,17922,20465,19359,13825,15252,613,3731,15058,26022,19064,17880,21276,18307,21901,20569
77,0.1067,0.1066,0.1065,0.1064,0.1063,0.1062,0.1061,0.106,0.1059,0.1058,0.1069,0.107,0.1071,0.1072,0.1073,0.1074,0.1075,0.1076,0.1077,0.1078,30178,20474,27618,25404,13825,17922,20465,19359,15021,22113,767,19267,20516,22524,17880,14036,18307,24701,20569,14253
78,0.1068,0.1067,0.1066,0.1065,0.1064,0.1063,0.1062,0.1061,0.106,0.1059,0.107,0.1071,0.1072,0.1073,0.1074,0.1075,0.1076,0.1077,0.1078,0.1079,22456,23453,25494,46981,18054,13825,17922,20653,20365,13825,2299,20010,21539,25423,13825,15505,24701,23366,14253,13825
79,0.1069,0.1068,0.1067,0.1066,0.1065,0.1064,0.1063,0.1062,0.1061,0.106,0.1071,0.1072,0.1073,0.1074,0.1075,0.1076,0.1077,0.1078,0.1079,0.108,4071,23717,28456,44185,41591,18054,13825,17922,20652,20419,13177,22904,20776,21820,15641,16625,23366,25144,14336,17206
80,0.1071,0.107,0.1069,0.1068,0.1067,0.1066,0.1065,0.1064,0.1063,0.1062,0.1072,0.1073,0.1074,0.1075,0.1076,0.1077,0.1078,0.1079,0.108,0.1081,879,25338,28254,28054,34321,17048,40920,18054,14012,19115,1249,23486,19682,15641,21613,18515,24661,17129,22057,16204
81,0.1071,0.107,0.1069,0.1068,0.1067,0.1066,0.1065,0.1064,0.1063,0.1062,0.1072,0.1073,0.1074,0.1075,0.1076,0.1077,0.1078,0.1079,0.108,0.1081,3079,4491,27450,24531,18267,33134,40920,18054,14012,17922,17657,22010,16704,23266,17759,18515,25020,17129,23686,15845
82,0.1071,0.107,0.1069,0.1068,0.1067,0.1066,0.1065,0.1064,0.1063,0.1062,0.1072,0.1073,0.1074,0.1075,0.1076,0.1077,0.1078,0.1079,0.108,0.1081,1392,25647,27450,28511,33988,17102,41149,18054,14012,19115,3129,14757,25044,19619,21613,18515,25020,17129,23686,15845
83,0.1071,0.107,0.1069,0.1068,0.1067,0.1066,0.1065,0.1064,0.1063,0.1062,0.1073,0.1074,0.1075,0.1076,0.1077,0.1078,0.1079,0.108,0.1081,0.1082,5065,24882,27450,24516,18267,17102,41149,18054,14012,19115,30583,17026,23840,17759,15718,25020,17129,23686,15845,369
84,0.1072,0.1071,0.107,0.1069,0.1068,0.1067,0.1066,0.1065,0.1064,0.1063,0.1073,0.1074,0.1075,0.1076,0.1077,0.1078,0.1079,0.108,0.1081,0.1082,2798,811,18409,18757,13825,17092,13825,32745,13825,15204,12498,18406,26867,17965,15718,17040,17129,33029,15845,15823
85,0.1072,0.1071,0.107,0.1069,0.1068,0.1067,0.1066,0.1065,0.1064,0.1063,0.1074,0.1075,0.1076,0.1077,0.1078,0.1079,0.108,0.1081,0.1082,0.1083,3823,17952,27405,52832,32746,13825,13825,32745,15203,13825,11730,20025,29949,15718,14243,17129,33029,18631,15823,18584
86,0.1075,0.1074,0.1073,0.1072,0.1071,0.107,0.1069,0.1068,0.1067,0.1066,0.1076,0.1078,0.1079,0.108,0.1081,0.1082,0.1083,0.1084,0.1085,0.1086,2221,19074,23137,61755,72431,13825,13825,13825,14012,15012,2922,21598,18236,23232,22485,24982,23435,1629,13825,1020
87,0.1074,0.1073,0.1072,0.1071,0.107,0.1069,0.1068,0.1067,0.1066,0.1065,0.1076,0.1077,0.1078,0.1079,0.108,0.1081,0.1082,0.1083,0.1084,0.1085,6710,16163,29718,65049,39950,13825,13825,13825,15851,32745,8586,17385,19403,18565,24455,18625,24982,23435,1629,13825
88,0.1071,0.107,0.1069,0.1068,0.1067,0.1066,0.1065,0.1064,0.1063,0.1062,0.1073,0.1074,0.1075,0.1076,0.1077,0.1078,0.1079,0.108,0.1081,0.1082,10156,17952,23101,34285,17092,13825,32745,14012,15672,53696,1434,19208,24877,14029,13825,19777,20416,32352,18625,22070
89,0.1071,0.107,0.1069,0.1068,0.1067,0.1066,0.1065,0.1064,0.1063,0.1062,0.1073,0.1074,0.1075,0.1076,0.1077,0.1078,0.1079,0.108,0.1081,0.1082,6563,17952,27650,56038,33428,13825,32745,14012,15672,58309,4494,14630,25604,17963,17679,18632,20416,32352,18625,22070
90,0.1073,0.1072,0.1071,0.107,0.1069,0.1068,0.1067,0.1066,0.1065,0.1064,0.1074,0.1075,0.1076,0.1077,0.1078,0.1079,0.108,0.1081,0.1082,0.1083,1861,14640,18577,24362,39323,33386,13825,13825,14241,15017,2921,22779,21366,17679,15843,17785,34983,18625,22070,13825
91,0.1071,0.107,0.1069,0.1068,0.1067,0.1066,0.1065,0.1064,0.1063,0.1062,0.1073,0.1074,0.1075,0.1076,0.1077,0.1078,0.1079,0.108,0.1081,0.1082,4282,16516,19734,22292,33386,13825,14706,14012,15019,58309,7974,14636,17446,25182,13825,15843,17785,34983,18625,22070
92,0.1071,0.107,0.1069,0.1068,0.1067,0.1066,0.1065,0.1064,0.1063,0.1062,0.1073,0.1074,0.1075,0.1076,0.1077,0.1078,0.1079,0.108,0.1081,0.1082,5274,16516,22886,33967,17077,13825,14054,14012,15672,58309,7762,14632,20991,21613,18676,18632,17322,30132,18625,22070
93,0.107,0.1069,0.1068,0.1067,0.1066,0.1065,0.1064,0.1063,0.1062,0.1061,0.1072,0.1073,0.1074,0.1075,0.1076,0.1077,0.1078,0.1079,0.108,0.1081,27535,22884,33976,21204,13825,14195,14478,15205,58309,13825,766,18406,15000,24478,17759,18676,18273,21904,30132,16964
94,0.1071,0.107,0.1069,0.1068,0.1067,0.1066,0.1065,0.1064,0.1063,0.1062,0.1072,0.1073,0.1074,0.1075,0.1076,0.1077,0.1078,0.1079,0.108,0.1081,1510,17328,18928,21200,13825,13825,14195,14478,15205,58309,466,4581,14640,21612,21003,18676,18274,21904,30132,16964
95,0.1071,0.107,0.1069,0.1068,0.1067,0.1066,0.1065,0.1064,0.1063,0.1062,0.1072,0.1073,0.1074,0.1075,0.1076,0.1077,0.1078,0.1079,0.108,0.1081,1510,17328,23047,37207,13825,13825,14195,14478,15205,58309,466,4581,14640,21009,21613,18676,18274,21904,30132,16964
96,0.1071,0.107,0.1069,0.1068,0.1067,0.1066,0.1065,0.1064,0.1063,0.1062,0.1072,0.1073,0.1074,0.1075,0.1076,0.1077,0.1078,0.1079,0.108,0.1081,1422,17313,18928,21200,13825,13825,14195,14478,15205,58309,466,4581,14640,24877,17759,18676,18274,21904,30132,16964
97,0.1071,0.107,0.1069,0.1068,0.1067,0.1066,0.1065,0.1064,0.1063,0.1062,0.1072,0.1073,0.1074,0.1075,0.1076,0.1077,0.1078,0.1079,0.108,0.1081,1100,19791,18928,21200,13825,13825,14195,14478,15205,58309,466,4581,13825,18578,24846,18676,18274,21904,30132,16964
98,0.1071,0.107,0.1069,0.1068,0.1067,0.1066,0.1065,0.1064,0.1063,0.1062,0.1072,0.1073,0.1074,0.1075,0.1076,0.1077,0.1078,0.1079,0.108,0.1081,1100,16516,23915,37407,13825,13825,14195,14478,15205,58309,1097,1089,19224,21006,21613,18676,18274,21904,30132,16964
99,0.1071,0.107,0.1069,0.1068,0.1067,0.1066,0.1065,0.1064,0.1063,0.1062,0.1072,0.1073,0.1074,0.1075,0.1076,0.1077,0.1078,0.1079,0.108,0.1081,2730,16516,19736,17952,17099,13825,14195,14478,14011,58309,337,1089,19224,24802,17759,21466,18633,22415,30132,16605
100,0.1069,0.1068,0.1067,0.1066,0.1065,0.1064,0.1063,0.1062,0.1061,0.106,0.1071,0.1072,0.1073,0.1074,0.1075,0.1076,0.1077,0.1078,0.1079,0.108,30768,18750,18912,21279,14195,13825,14478,18624,15020,40012,891,1248,20311,17427,21245,17759,21466,26721,22415,22079
101,0.1069,0.1068,0.1067,0.1066,0.1065,0.1064,0.1063,0.1062,0.1061,0.106,0.1071,0.1072,0.1073,0.1074,0.1075,0.1076,0.1077,0.1078,0.1079,0.108,7968,18758,18912,21260,14195,13825,13825,19278,15437,40012,968,19545,21247,17395,13825,17759,23359,26721,22415,20186
102,0.1069,0.1068,0.1067,0.1066,0.1065,0.1064,0.1063,0.1062,0.1061,0.106,0.1071,0.1072,0.1073,0.1074,0.1075,0.1076,0.1077,0.1078,0.1079,0.108,6446,18760,18912,21260,14195,13825,13825,19092,15627,40012,7387,14961,24507,14192,13825,20553,23359,26721,22415,20186
103,0.1068,0.1067,0.1066,0.1065,0.1064,0.1063,0.1062,0.1061,0.106,0.1059,0.107,0.1071,0.1072,0.1073,0.1074,0.1075,0.1076,0.1077,0.1078,0.1079,20147,19731,23268,37575,13825,13825,19092,14430,41209,46761,842,20066,14529,20939,17759,13825,16619,23359,26721,22415
104,0.1068,0.1067,0.1066,0.1065,0.1064,0.1063,0.1062,0.1061,0.106,0.1059,0.107,0.1071,0.1072,0.1073,0.1074,0.1075,0.1076,0.1077,0.1078,0.1079,22933,19712,23266,37570,13825,13825,19092,14430,41209,46761,842,20060,18097,20861,22610,13825,16619,26507,18633,22415
105,0.1069,0.1068,0.1067,0.1066,0.1065,0.1064,0.1063,0.1062,0.1061,0.106,0.1071,0.1072,0.1073,0.1074,0.1075,0.1076,0.1077,0.1078,0.1079,0.108,2827,17952,19726,18062,17436,13825,13825,19092,15625,23911,3263,23123,21299,22610,13825,16619,26507,18633,22415,21815
106,0.1066,0.1065,0.1064,0.1063,0.1062,0.1061,0.106,0.1059,0.1058,0.1057,0.1068,0.1069,0.107,0.1071,0.1072,0.1073,0.1074,0.1075,0.1076,0.1077,814,20552,18952,23662,33123,13825,15866,19471,465,15095,16501,14192,20901,18406,18096,20195,21475,24760,24343,20137
107,0.1067,0.1066,0.1065,0.1064,0.1063,0.1062,0.1061,0.106,0.1059,0.1058,0.1069,0.107,0.1071,0.1072,0.1073,0.1074,0.1075,0.1076,0.1077,0.1078,6719,18929,21893,36957,13825,13825,13825,16052,19471,9627,3258,14630,25821,21321,13825,18781,26360,21712,18508,16674
108,0.1068,0.1067,0.1066,0.1065,0.1064,0.1063,0.1062,0.1061,0.106,0.1059,0.1069,0.107,0.1071,0.1072,0.1073,0.1074,0.1075,0.1076,0.1077,0.1078,3903,18762,18929,19430,17072,13825,13825,14480,17246,19471,71,13825,19225,28821,13825,18781,26360,21712,18508,17343
109,0.1066,0.1065,0.1064,0.1063,0.1062,0.1061,0.106,0.1059,0.1058,0.1057,0.1068,0.1069,0.107,0.1071,0.1072,0.1073,0.1074,0.1075,0.1076,0.1077,20358,20249,17952,17087,13825,14480,16210,19658,9629,13896,995,2134,15128,20871,21968,16318,25514,26416,21712,18508
110,0.1067,0.1066,0.1065,0.1064,0.1063,0.1062,0.1061,0.106,0.1059,0.1058,0.1069,0.107,0.1071,0.1072,0.1073,0.1074,0.1075,0.1076,0.1077,0.1078,21791,18936,22354,33702,17087,13825,14480,16397,19471,9629,1148,14638,25533,21613,13825,18781,26416,21712,18508,17343
111,0.1069,0.1068,0.1067,0.1066,0.1065,0.1064,0.1063,0.1062,0.1061,0.106,0.1071,0.1072,0.1073,0.1074,0.1075,0.1076,0.1077,0.1078,0.1079,0.108,880,19341,17538,23051,33000,13966,13825,13825,14667,17406,3925,21971,21304,22715,15425,21712,26487,17343,19811,19184
112,0.1068,0.1067,0.1066,0.1065,0.1064,0.1063,0.1062,0.1061,0.106,0.1059,0.107,0.1071,0.1072,0.1073,0.1074,0.1075,0.1076,0.1077,0.1078,0.1079,2687,16732,23008,34329,17241,13825,13825,13825,17593,19471,3628,14635,21994,17679,22715,18222,21712,26487,17343,19811
113,0.1065,0.1064,0.1063,0.1062,0.1061,0.106,0.1059,0.1058,0.1057,0.1056,0.1067,0.1068,0.1069,0.107,0.1071,0.1072,0.1073,0.1074,0.1075,0.1076,4435,17041,21143,21142,13825,15866,19658,279,15096,41791,2939,15482,17390,17679,18406,21327,24715,21475,18222,23341
114,0.1066,0.1065,0.1064,0.1063,0.1062,0.1061,0.106,0.1059,0.1058,0.1057,0.1068,0.1069,0.107,0.1071,0.1072,0.1073,0.1074,0.1075,0.1076,0.1077,4850,18415,17697,37107,13825,13825,16521,19471,15489,14315,3411,14637,17456,17679,25908,13825,21475,26223,21712,18508
115,0.1066,0.1065,0.1064,0.1063,0.1062,0.1061,0.106,0.1059,0.1058,0.1057,0.1068,0.1069,0.107,0.1071,0.1072,0.1073,0.1074,0.1075,0.1076,0.1077,7824,18415,21449,37118,13825,14480,15866,19658,15303,14315,3594,15601,17407,22260,17759,17383,24106,26223,21712,18508
116,0.1065,0.1064,0.1063,0.1062,0.1061,0.106,0.1059,0.1058,0.1057,0.1056,0.1067,0.1068,0.1069,0.107,0.1071,0.1072,0.1073,0.1074,0.1075,0.1076,20324,17851,17952,37324,13825,16521,19658,14104,15516,40162,2776,16128,14192,20918,18406,21317,16627,21475,26223,21712
117,0.1066,0.1065,0.1064,0.1063,0.1062,0.1061,0.106,0.1059,0.1058,0.1057,0.1068,0.1069,0.107,0.1071,0.1072,0.1073,0.1074,0.1075,0.1076,0.1077,6582,19031,17041,21205,13825,13825,16521,19658,15303,14315,3563,14644,21285,18406,21317,16627,21475,26223,21712,18508
118,0.1066,0.1065,0.1064,0.1063,0.1062,0.1061,0.106,0.1059,0.1058,0.1057,0.1068,0.1069,0.107,0.1071,0.1072,0.1073,0.1074,0.1075,0.1076,0.1077,20077,14862,13966,17078,13825,14480,15866,19658,15304,14760,5039,14630,18046,21828,17759,17383,21475,26223,21712,18508
119,0.1066,0.1065,0.1064,0.1063,0.1062,0.1061,0.106,0.1059,0.1058,0.1057,0.1068,0.1069,0.107,0.1071,0.1072,0.1073,0.1074,0.1075,0.1076,0.1077,21629,18983,18965,18093,17015,14480,15866,19658,15302,14760,2948,14623,17411,22466,17759,17383,21475,26374,21712,18508
120,0.1067,0.1066,0.1065,0.1064,0.1063,0.1062,0.1061,0.106,0.1059,0.1058,0.1069,0.107,0.1071,0.1072,0.1073,0.1074,0.1075,0.1076,0.1077,0.1078,19772,18836,22342,37920,13966,13825,14480,16053,20667,22167,1974,14629,14192,29419,17383,18676,26374,21712,18508,17343
121,0.1068,0.1067,0.1066,0.1065,0.1064,0.1063,0.1062,0.1061,0.106,0.1059,0.107,0.1071,0.1072,0.1073,0.1074,0.1075,0.1076,0.1077,0.1078,0.1079,19921,18769,18020,21427,13825,13966,14479,14012,17060,19471,3444,14630,17445,22462,26168,13976,21712,26503,18943,17180
122,0.1067,0.1066,0.1065,0.1064,0.1063,0.1062,0.1061,0.106,0.1059,0.1058,0.1069,0.107,0.1071,0.1072,0.1073,0.1074,0.1075,0.1076,0.1077,0.1078,19238,18824,22401,37319,14619,13825,13825,16053,20670,23477,3880,15559,17435,17881,18406,22610,20180,21712,24610,18943
123,0.1067,0.1066,0.1065,0.1064,0.1063,0.1062,0.1061,0.106,0.1059,0.1058,0.1069,0.107,0.1071,0.1072,0.1073,0.1074,0.1075,0.1076,0.1077,0.1078,19238,23036,34089,21414,13966,14479,13825,16053,20670,23477,2374,15559,14192,25713,13825,26168,16622,24343,24610,18943
124,0.1067,0.1066,0.1065,0.1064,0.1063,0.1062,0.1061,0.106,0.1059,0.1058,0.1069,0.107,0.1071,0.1072,0.1073,0.1074,0.1075,0.1076,0.1077,0.1078,3085,18262,23218,34090,17209,14479,13825,16053,20669,22167,2997,14645,17426,26396,13825,22234,24586,24343,16615,18943
125,0.1067,0.1066,0.1065,0.1064,0.1063,0.1062,0.1061,0.106,0.1059,0.1058,0.1069,0.107,0.1071,0.1072,0.1073,0.1074,0.1075,0.1076,0.1077,0.1078,20943,19074,23366,37328,13966,14479,13825,16053,20668,22167,1467,14631,14192,29609,13825,22234,24586,21712,16615,18943
126,0.1067,0.1066,0.1065,0.1064,0.1063,0.1062,0.1061,0.106,0.1059,0.1058,0.1069,0.107,0.1071,0.1072,0.1073,0.1074,0.1075,0.1076,0.1077,0.1078,19873,23980,37352,18135,13825,14479,13825,17250,19471,22167,787,18305,15007,24826,18608,22234,16622,16619,24711,18943
127,0.1069,0.1068,0.1067,0.1066,0.1065,0.1064,0.1063,0.1062,0.1061,0.106,0.1071,0.1072,0.1073,0.1074,0.1075,0.1076,0.1077,0.1078,0.1079,0.108,20089,18864,23128,37408,14054,13966,13825,15054,15207,24057,7468,14637,14192,29576,15603,16619,29562,18943,24535,4641
128,0.1066,0.1065,0.1064,0.1063,0.1062,0.1061,0.106,0.1059,0.1058,0.1057,0.1068,0.1069,0.107,0.1071,0.1072,0.1073,0.1074,0.1075,0.1076,0.1077,5718,18147,22969,29768,17017,13825,15866,19658,23482,14315,19320,18766,25683,17759,14054,16627,21485,24865,18398,21466
129,0.1064,0.1063,0.1062,0.1061,0.106,0.1059,0.1058,0.1057,0.1056,0.1055,0.1066,0.1067,0.1068,0.1069,0.107,0.1071,0.1072,0.1073,0.1074,0.1075,5473,18193,19129,33670,15866,19471,14104,14083,9302,14599,8505,18879,22692,21549,13825,17759,16858,29311,18681,16763
130,0.1064,0.1063,0.1062,0.1061,0.106,0.1059,0.1058,0.1057,0.1056,0.1055,0.1066,0.1067,0.1068,0.1069,0.107,0.1071,0.1072,0.1073,0.1074,0.1075,14860,23070,29781,17054,15866,20127,14104,14083,9302,14599,4610,18892,18838,25390,13825,17759,18636,29311,21755,16763
131,0.1064,0.1063,0.1062,0.1061,0.106,0.1059,0.1058,0.1057,0.1056,0.1055,0.1065,0.1066,0.1067,0.1068,0.1069,0.107,0.1071,0.1072,0.1073,0.1074,1346,3558,24122,29784,19067,15501,14104,13896,14129,14599,1547,20830,22297,22309,17759,13825,16632,23509,24812,21673
132,0.1063,0.1062,0.1061,0.106,0.1059,0.1058,0.1057,0.1056,0.1055,0.1054,0.1065,0.1066,0.1067,0.1068,0.1069,0.107,0.1071,0.1072,0.1073,0.1074,8379,19370,17791,15866,18054,14760,13896,18465,15989,40078,21397,23700,21646,16954,17759,16633,26502,21731,16709,21673
133,0.1063,0.1062,0.1061,0.106,0.1059,0.1058,0.1057,0.1056,0.1055,0.1054,0.1065,0.1066,0.1067,0.1068,0.1069,0.107,0.1071,0.1072,0.1073,0.1074,7373,17937,19485,31370,18054,14760,13896,18465,15989,40078,18828,23697,21646,16954,17759,16633,26502,21731,16709,21673
134,0.1062,0.1061,0.106,0.1059,0.1058,0.1057,0.1056,0.1055,0.1054,0.1053,0.1064,0.1065,0.1066,0.1067,0.1068,0.1069,0.107,0.1071,0.1072,0.1073,14805,23285,31380,18106,14104,14553,18465,14786,41282,31662,2920,20553,23265,17059,14034,17759,18411,29305,16999,16709
135,0.1063,0.1062,0.1061,0.106,0.1059,0.1058,0.1057,0.1056,0.1055,0.1054,0.1065,0.1066,0.1067,0.1068,0.1069,0.107,0.1071,0.1072,0.1073,0.1074,7239,18755,17549,34587,14845,14104,14553,18652,15801,53920,7450,19452,26169,20626,13825,18411,29305,16999,16709,22042
136,0.1063,0.1062,0.1061,0.106,0.1059,0.1058,0.1057,0.1056,0.1055,0.1054,0.1065,0.1066,0.1067,0.1068,0.1069,0.107,0.1071,0.1072,0.1073,0.1074,5799,17952,19496,34566,14845,14760,13896,18465,15988,53920,22764,23315,21578,14034,17759,16632,26399,16999,16709,22042
137,0.1061,0.106,0.1059,0.1058,0.1057,0.1056,0.1055,0.1054,0.1053,0.1052,0.1063,0.1064,0.1065,0.1066,0.1067,0.1068,0.1069,0.107,0.1071,0.1072,5583,26117,35238,64195,13896,18465,14599,14012,31897,8032,5963,18350,19393,23296,17759,14034,16637,21213,26399,18628
138,0.1061,0.106,0.1059,0.1058,0.1057,0.1056,0.1055,0.1054,0.1053,0.1052,0.1063,0.1064,0.1065,0.1066,0.1067,0.1068,0.1069,0.107,0.1071,0.1072,6527,20923,25043,90859,13896,14483,14599,14012,36550,8338,4554,18576,19393,23297,17759,14034,22996,16632,26250,16999
139,0.1063,0.1062,0.1061,0.106,0.1059,0.1058,0.1057,0.1056,0.1055,0.1054,0.1064,0.1065,0.1066,0.1067,0.1068,0.1069,0.107,0.1071,0.1072,0.1073,50,4928,13825,16676,51785,17336,13896,14483,14787,15029,3191,19835,26299,23316,14034,23137,16632,24621,16858,16627
140,0.1061,0.106,0.1059,0.1058,0.1057,0.1056,0.1055,0.1054,0.1053,0.1052,0.1063,0.1064,0.1065,0.1066,0.1067,0.1068,0.1069,0.107,0.1071,0.1072,7986,14684,14845,84410,14553,13825,14599,14013,36550,8338,7497,19742,22620,22678,17759,14034,21359,18411,26250,16858
141,0.1062,0.1061,0.106,0.1059,0.1058,0.1057,0.1056,0.1055,0.1054,0.1053,0.1064,0.1065,0.1066,0.1067,0.1068,0.1069,0.107,0.1071,0.1072,0.1073,21579,23033,34910,75905,14104,13896,14483,14787,23097,36550,3185,19842,24821,29027,14033,20325,16632,24659,16858,18256
142,0.1061,0.106,0.1059,0.1058,0.1057,0.1056,0.1055,0.1054,0.1053,0.1052,0.1063,0.1064,0.1065,0.1066,0.1067,0.1068,0.1069,0.107,0.1071,0.1072,8081,21573,40619,41638,14553,13825,14599,14013,36550,8373,9633,17188,21144,26087,17759,18614,16778,18410,26288,16858
143,0.1061,0.106,0.1059,0.1058,0.1057,0.1056,0.1055,0.1054,0.1053,0.1052,0.1062,0.1063,0.1064,0.1065,0.1066,0.1067,0.1068,0.1069,0.107,0.1071,1988,18029,22513,57464,17140,14483,14599,14013,37754,21892,1538,19314,22321,25119,13825,17759,16848,31182,16632,18261
144,0.1062,0.1061,0.106,0.1059,0.1058,0.1057,0.1056,0.1055,0.1054,0.1053,0.1063,0.1064,0.1065,0.1066,0.1067,0.1068,0.1069,0.107,0.1071,0.1072,2022,18853,22522,80345,14104,13896,14483,14599,15215,36550,5849,18912,19860,26185,17759,14033,23135,16632,26230,16858
145,0.1063,0.1062,0.1061,0.106,0.1059,0.1058,0.1057,0.1056,0.1055,0.1054,0.1065,0.1066,0.1067,0.1068,0.1069,0.107,0.1071,0.1072,0.1073,0.1074,5845,16518,16618,50110,18118,14104,14553,13825,14787,15027,22845,23787,25530,19569,18547,18409,24601,17227,18256,21673
146,0.1063,0.1062,0.1061,0.106,0.1059,0.1058,0.1057,0.1056,0.1055,0.1054,0.1065,0.1066,0.1067,0.1068,0.1069,0.107,0.1071,0.1072,0.1073,0.1074,1718,18441,18515,50104,18118,14760,13896,13825,14787,15029,20313,20300,29017,19569,18547,16632,26379,17227,18256,21673
147,0.1063,0.1062,0.1061,0.106,0.1059,0.1058,0.1057,0.1056,0.1055,0.1054,0.1065,0.1066,0.1067,0.1068,0.1069,0.107,0.1071,0.1072,0.1073,0.1074,4982,18445,19950,29406,18118,14760,13896,13825,14787,15029,21084,23787,25499,19569,18547,16632,26379,17227,18256,21673
148,0.1062,0.1061,0.106,0.1059,0.1058,0.1057,0.1056,0.1055,0.1054,0.1053,0.1064,0.1065,0.1066,0.1067,0.1068,0.1069,0.107,0.1071,0.1072,0.1073,6928,19110,14681,33658,14104,14553,13825,14787,15029,36550,8322,20819,26530,21948,14033,21357,18410,24601,17227,18256
149,0.1062,0.1061,0.106,0.1059,0.1058,0.1057,0.1056,0.1055,0.1054,0.1053,0.1064,0.1065,0.1066,0.1067,0.1068,0.1069,0.107,0.1071,0.1072,0.1073,7028,19110,14682,30380,17307,14553,13825,14599,14013,37754,22435,24683,22676,21948,18614,16776,18410,26230,17227,16627
150,0.106,0.1059,0.1058,0.1057,0.1056,0.1055,0.1054,0.1053,0.1052,0.1051,0.1062,0.1063,0.1064,0.1065,0.1066,0.1067,0.1068,0.1069,0.107,0.1071,19837,19861,44804,63648,13825,15257,13825,18902,23855,14318,4746,18826,19301,28947,13825,18406,20401,24905,16683,23112
151,0.106,0.1059,0.1058,0.1057,0.1056,0.1055,0.1054,0.1053,0.1052,0.1051,0.1062,0.1063,0.1064,0.1065,0.1066,0.1067,0.1068,0.1069,0.107,0.1071,7541,19872,14104,81048,17087,15257,13825,18902,23856,14318,6127,21262,22552,24296,13825,21224,20401,24905,16683,23112
152,0.1059,0.1058,0.1057,0.1056,0.1055,0.1054,0.1053,0.1052,0.1051,0.105,0.1061,0.1062,0.1063,0.1064,0.1065,0.1066,0.1067,0.1068,0.1069,0.107,7265,18196,14692,32621,15257,13825,18478,14013,15318,66546,7044,21044,25064,19704,17759,16645,29355,20401,16776,16683
153,0.106,0.1059,0.1058,0.1057,0.1056,0.1055,0.1054,0.1053,0.1052,0.1051,0.1062,0.1063,0.1064,0.1065,0.1066,0.1067,0.1068,0.1069,0.107,0.1071,7360,19055,19005,31253,17048,15257,13825,18666,15030,14111,7896,21288,26694,17969,13825,21224,26638,16776,16683,23112
154,0.1061,0.106,0.1059,0.1058,0.1057,0.1056,0.1055,0.1054,0.1053,0.1052,0.1063,0.1064,0.1065,0.1066,0.1067,0.1068,0.1069,0.107,0.1071,0.1072,2395,17989,26130,71881,17102,13825,15257,13825,19869,22000,6129,18919,26109,21822,18406,18629,24951,16683,23112,18827
155,0.1062,0.1061,0.106,0.1059,0.1058,0.1057,0.1056,0.1055,0.1054,0.1053,0.1064,0.1065,0.1066,0.1067,0.1068,0.1069,0.107,0.1071,0.1072,0.1073,3859,19129,23897,55857,17373,13896,14483,14787,13825,19681,6247,22564,35617,14033,14033,20183,16683,29489,18827,21720
156,0.1063,0.1062,0.1061,0.106,0.1059,0.1058,0.1057,0.1056,0.1055,0.1054,0.1065,0.1066,0.1067,0.1068,0.1069,0.107,0.1071,0.1072,0.1073,0.1074,2402,18955,24939,56397,33330,14104,14553,13825,14787,15027,10760,27227,17671,17887,15744,16683,31118,18827,21720,15718
157,0.1063,0.1062,0.1061,0.106,0.1059,0.1058,0.1057,0.1056,0.1055,0.1054,0.1065,0.1066,0.1067,0.1068,0.1069,0.107,0.1071,0.1072,0.1073,0.1074,2981,17755,25189,51637,33326,14760,13896,13825,15987,13825,6482,21784,26091,17967,15744,16683,31118,18827,21720,15718
158,0.1063,0.1062,0.1061,0.106,0.1059,0.1058,0.1057,0.1056,0.1055,0.1054,0.1065,0.1066,0.1067,0.1068,0.1069,0.107,0.1071,0.1072,0.1073,0.1074,7090,17755,19908,56332,33326,14760,13896,14013,15799,13825,6338,21787,22237,24132,15744,16683,31118,18827,21720,15718
159,0.1065,0.1064,0.1063,0.1062,0.1061,0.106,0.1059,0.1058,0.1057,0.1056,0.1067,0.1068,0.1069,0.107,0.1071,0.1072,0.1073,0.1074,0.1075,0.1076,6779,19028,19405,71886,32579,13825,14845,14948,15092,18465,7150,24855,22387,21664,18881,19032,29715,20151,13825,13825
160,0.1065,0.1064,0.1063,0.1062,0.1061,0.106,0.1059,0.1058,0.1057,0.1056,0.1067,0.1068,0.1069,0.107,0.1071,0.1072,0.1073,0.1074,0.1075,0.1076,4239,17952,24873,49762,17067,14480,14845,14104,14084,19666,8832,24041,24508,21823,18881,19032,29715,20151,13825,13825
161,0.1064,0.1063,0.1062,0.1061,0.106,0.1059,0.1058,0.1057,0.1056,0.1055,0.1066,0.1067,0.1068,0.1069,0.107,0.1071,0.1072,0.1073,0.1074,0.1075,17655,18506,21806,67830,13825,15501,14104,14084,19666,14599,6881,17139,20230,27448,17810,18881,18663,24622,18522,13825
162,0.1066,0.1065,0.1064,0.1063,0.1062,0.1061,0.106,0.1059,0.1058,0.1057,0.1068,0.1069,0.107,0.1071,0.1072,0.1073,0.1074,0.1075,0.1076,0.1078,2258,20791,35130,50897,32558,13825,13825,15501,14292,15096,7278,21723,21406,22667,15795,16627,18522,27002,16334,3359
163,0.1067,0.1066,0.1065,0.1064,0.1063,0.1062,0.1061,0.106,0.1059,0.1058,0.1069,0.107,0.1071,0.1072,0.1073,0.1074,0.1075,0.1076,0.1077,0.1078,2492,21260,33725,51146,17022,13825,14480,13825,14845,16833,8395,27173,19201,20053,13825,18522,29804,14705,13825,20833
164,0.1068,0.1067,0.1066,0.1065,0.1064,0.1063,0.1062,0.1061,0.106,0.1059,0.107,0.1071,0.1072,0.1073,0.1074,0.1075,0.1076,0.1077,0.1078,0.1079,20476,20366,30248,58481,17083,13825,13825,14668,13825,16041,9000,23033,25081,17679,16117,21837,17504,21802,20833,5093
165,0.107,0.1069,0.1068,0.1067,0.1066,0.1065,0.1064,0.1063,0.1062,0.1061,0.1072,0.1073,0.1074,0.1075,0.1076,0.1077,0.1078,0.1079,0.108,0.1081,20892,25492,41280,70485,13825,14054,13825,14013,15015,14480,7943,20267,24233,17291,17878,16622,26846,21887,21466,13825
166,0.1071,0.107,0.1069,0.1068,0.1067,0.1066,0.1065,0.1064,0.1063,0.1062,0.1072,0.1073,0.1074,0.1075,0.1076,0.1077,0.1078,0.1079,0.108,0.1081,111,18195,27560,49664,17059,13825,14054,13825,14013,24932,6288,21121,30024,20895,17958,16811,24211,24587,23887,13825
167,0.1071,0.107,0.1069,0.1068,0.1067,0.1066,0.1065,0.1064,0.1063,0.1062,0.1073,0.1074,0.1075,0.1076,0.1077,0.1078,0.1079,0.108,0.1081,0.1082,3168,18907,27853,69980,17059,13825,14054,13825,14013,24931,31294,27362,20951,17958,16810,24211,24587,23887,13825,13825
168,0.1071,0.107,0.1069,0.1068,0.1067,0.1066,0.1065,0.1064,0.1063,0.1062,0.1072,0.1073,0.1074,0.1075,0.1076,0.1077,0.1078,0.1079,0.108,0.1081,3053,28779,25743,64917,32845,13825,14054,13825,14011,16822,4581,20127,23283,17044,21812,16810,24211,24587,23887,18918
169,0.107,0.1069,0.1068,0.1067,0.1066,0.1065,0.1064,0.1063,0.1062,0.1061,0.1072,0.1073,0.1074,0.1075,0.1076,0.1077,0.1078,0.1079,0.108,0.1081,9733,34643,39383,63489,13825,14054,13825,14011,15018,15631,4595,22668,27605,17065,17878,16810,24211,24587,23887,13825
170,0.107,0.1069,0.1068,0.1067,0.1066,0.1065,0.1064,0.1063,0.1062,0.1061,0.1072,0.1073,0.1074,0.1075,0.1076,0.1077,0.1078,0.1079,0.108,0.1081,2327,20628,35307,40412,32806,14054,13825,13825,15815,15020,21087,24649,31157,13825,14024,16812,24211,24587,23887,13825
171,0.1069,0.1068,0.1067,0.1066,0.1065,0.1064,0.1063,0.1062,0.1061,0.106,0.1071,0.1072,0.1073,0.1074,0.1075,0.1076,0.1077,0.1078,0.1079,0.108,2417,25009,29449,71063,14054,13825,13825,13825,15206,22230,7379,24035,17425,23506,18676,16818,24809,19360,16985,25516
172,0.1069,0.1068,0.1067,0.1066,0.1065,0.1064,0.1063,0.1062,0.1061,0.106,0.1071,0.1072,0.1073,0.1074,0.1075,0.1076,0.1077,0.1078,0.1079,0.108,9256,35148,34429,65677,14054,13825,13825,14011,16827,22230,10221,20285,15976,22861,22530,14024,16812,19360,25150,25516
173,0.1071,0.107,0.1069,0.1068,0.1067,0.1066,0.1065,0.1064,0.1063,0.1062,0.1072,0.1073,0.1074,0.1075,0.1076,0.1077,0.1078,0.1079,0.108,0.1081,4182,21587,36068,78230,17099,13825,14054,13825,14011,15020,4511,21981,25302,21867,17878,16812,19360,24610,23887,13825
174,0.1071,0.107,0.1069,0.1068,0.1067,0.1066,0.1065,0.1064,0.1063,0.1062,0.1073,0.1074,0.1075,0.1076,0.1077,0.1078,0.1079,0.108,0.1081,0.1082,3130,20228,34070,64881,33159,13825,14054,13825,15815,15020,12683,23155,17413,21812,14021,24211,24610,23887,13825,18918
175,0.107,0.1069,0.1068,0.1067,0.1066,0.1065,0.1064,0.1063,0.1062,0.1061,0.1072,0.1073,0.1074,0.1075,0.1076,0.1077,0.1078,0.1079,0.108,0.1081,22244,34677,37487,68215,13825,14054,13825,15815,15020,13825,4432,24933,18860,18830,21812,14021,24211,29703,23887,13825
176,0.107,0.1069,0.1068,0.1067,0.1066,0.1065,0.1064,0.1063,0.1062,0.1061,0.1072,0.1073,0.1074,0.1075,0.1076,0.1077,0.1078,0.1079,0.108,0.1081,2070,20356,34623,68962,13825,14054,13825,15629,14011,15020,9917,21600,23625,22530,17958,16810,19360,29703,23887,13825
177,0.1069,0.1068,0.1067,0.1066,0.1065,0.1064,0.1063,0.1062,0.1061,0.106,0.107,0.1071,0.1072,0.1073,0.1074,0.1075,0.1076,0.1077,0.1078,0.1079,2159,25588,29795,76618,17333,13825,13825,15629,15206,54117,3333,21057,21981,17049,25290,18676,21911,24805,19360,16616
178,0.1069,0.1068,0.1067,0.1066,0.1065,0.1064,0.1063,0.1062,0.1061,0.106,0.1071,0.1072,0.1073,0.1074,0.1075,0.1076,0.1077,0.1078,0.1079,0.108,2159,25261,29830,79836,14054,13825,13825,13825,17010,55746,11555,21260,19672,23506,18676,21911,24805,19360,16726,23887
179,0.1069,0.1068,0.1067,0.1066,0.1065,0.1064,0.1063,0.1062,0.1061,0.106,0.1071,0.1072,0.1073,0.1074,0.1075,0.1076,0.1077,0.1078,0.1079,0.108,9035,35010,39407,64952,14054,13825,13825,15814,15020,55746,8761,19470,19227,19652,22530,21910,24805,19360,16726,23887
180,0.1069,0.1068,0.1067,0.1066,0.1065,0.1064,0.1063,0.1062,0.1061,0.106,0.107,0.1071,0.1072,0.1073,0.1074,0.1075,0.1076,0.1077,0.1078,0.1079,2065,19152,36066,64297,17314,13825,13825,15628,15206,55746,3333,20095,19025,24599,19652,18676,21910,24805,19360,16616
181,0.1069,0.1068,0.1067,0.1066,0.1065,0.1064,0.1063,0.1062,0.1061,0.106,0.107,0.1071,0.1072,0.1073,0.1074,0.1075,0.1076,0.1077,0.1078,0.1079,2065,29131,26062,86140,17314,13825,13825,15628,15206,55746,3333,19289,19821,18860,23506,18676,21910,24805,19360,16616
182,0.1069,0.1068,0.1067,0.1066,0.1065,0.1064,0.1063,0.1062,0.1061,0.106,0.1071,0.1072,0.1073,0.1074,0.1075,0.1076,0.1077,0.1078,0.1079,0.108,2591,28683,26886,69010,17258,13825,13825,13825,15815,55746,21673,18658,21779,23506,18676,21912,25007,19360,16616,19351
183,0.1069,0.1068,0.1067,0.1066,0.1065,0.1064,0.1063,0.1062,0.1061,0.106,0.1071,0.1072,0.1073,0.1074,0.1075,0.1076,0.1077,0.1078,0.1079,0.108,2567,19152,36718,55076,17258,13825,13825,13825,14011,55746,7612,21452,22729,19652,18676,21912,25007,19360,16616,19351
184,0.1069,0.1068,0.1067,0.1066,0.1065,0.1064,0.1063,0.1062,0.1061,0.106,0.1071,0.1072,0.1073,0.1074,0.1075,0.1076,0.1077,0.1078,0.1079,0.108,8722,27867,20386,83882,14054,13825,13825,15628,15208,55746,7217,21701,21146,23506,18676,21911,25007,19360,16616,19351
185,0.107,0.1069,0.1068,0.1067,0.1066,0.1065,0.1064,0.1063,0.1062,0.1061,0.1072,0.1073,0.1074,0.1075,0.1076,0.1077,0.1078,0.1079,0.108,0.1081,2548,21264,34749,47514,17066,14054,13825,13825,14011,15022,21723,20288,28538,18676,19117,25007,19360,16616,19351,13825
186,0.1069,0.1068,0.1067,0.1066,0.1065,0.1064,0.1063,0.1062,0.1061,0.106,0.1071,0.1072,0.1073,0.1074,0.1075,0.1076,0.1077,0.1078,0.1079,0.108,9900,27047,26767,141735,17268,13825,15628,14011,15022,55746,7335,18335,19251,21435,18676,25762,25007,19360,16616,19351
187,0.1071,0.107,0.1069,0.1068,0.1067,0.1066,0.1065,0.1064,0.1063,0.1062,0.1073,0.1074,0.1075,0.1076,0.1077,0.1078,0.1079,0.108,0.1081,0.1082,7103,18191,28007,67575,32698,13825,14054,13825,15814,16649,7808,18315,22239,26706,14021,19360,24627,19351,13825,13825
188,0.1074,0.1073,0.1072,0.1071,0.107,0.1069,0.1068,0.1067,0.1066,0.1065,0.1076,0.1077,0.1078,0.1079,0.108,0.1081,0.1082,0.1083,0.1084,0.1086,5436,20011,27640,88452,56312,13825,13825,13825,14011,15243,1782,14642,25725,20885,16561,16614,21701,15703,16456,14845
189,0.1076,0.1075,0.1074,0.1073,0.1072,0.1071,0.107,0.1069,0.1068,0.1067,0.1078,0.1079,0.108,0.1081,0.1082,0.1083,0.1084,0.1085,0.1086,0.1087,3442,20429,38746,61625,75338,13825,13825,15624,14011,15010,9611,18535,24048,13825,25313,21132,19234,13219,14845,6314
190,0.1075,0.1074,0.1073,0.1072,0.1071,0.107,0.1069,0.1068,0.1067,0.1066,0.1077,0.1078,0.1079,0.108,0.1081,0.1082,0.1083,0.1084,0.1085,0.1086,7707,33909,40534,78071,53309,15625,13825,14011,15010,21998,5669,20391,19043,25758,13825,22427,21323,24327,8126,14845
191,0.1075,0.1074,0.1073,0.1072,0.1071,0.107,0.1069,0.1068,0.1067,0.1066,0.1076,0.1077,0.1078,0.1079,0.108,0.1081,0.1082,0.1083,0.1084,0.1086,2957,28296,30872,73777,53865,17040,15625,13825,14011,23187,1635,20361,19153,18676,22277,17679,16793,29332,24327,14845
192,0.1075,0.1074,0.1073,0.1072,0.1071,0.107,0.1069,0.1068,0.1067,0.1066,0.1077,0.1078,0.1079,0.108,0.1081,0.1082,0.1083,0.1084,0.1086,0.1087,9018,26918,22860,42421,89864,17040,13825,14011,13825,23188,6508,22005,20804,20495,17869,16601,29332,24327,14845,20139
193,0.1076,0.1075,0.1074,0.1073,0.1072,0.1071,0.107,0.1069,0.1068,0.1067,0.1078,0.1079,0.108,0.1081,0.1082,0.1083,0.1084,0.1086,0.1087,0.1088,1663,19024,28306,57949,36475,13825,18838,13825,14011,15013,25847,18676,22644,17868,16601,29332,24327,14845,20139,15576
194,0.1074,0.1073,0.1072,0.1071,0.107,0.1069,0.1068,0.1067,0.1066,0.1065,0.1075,0.1076,0.1077,0.1078,0.1079,0.108,0.1081,0.1082,0.1083,0.1084,1121,18192,26680,22663,31606,13825,13825,13825,14011,15246,1544,20096,17910,22530,13825,20495,16978,18383,21125,24327
195,0.1075,0.1074,0.1073,0.1072,0.1071,0.107,0.1069,0.1068,0.1067,0.1066,0.1077,0.1078,0.1079,0.108,0.1081,0.1082,0.1083,0.1084,0.1085,0.1086,3084,17952,24599,57115,62729,13825,13825,15625,14011,15015,19563,19043,15606,24349,14198,16603,21125,24327,2776,14845
196,0.1072,0.1071,0.107,0.1069,0.1068,0.1067,0.1066,0.1065,0.1064,0.1063,0.1074,0.1075,0.1076,0.1077,0.1078,0.1079,0.108,0.1081,0.1082,0.1083,2314,28402,36821,82647,13825,13825,13825,14054,15203,16055,16296,18676,14192,13825,26706,16608,19343,18759,16603,21494
197,0.1073,0.1072,0.1071,0.107,0.1069,0.1068,0.1067,0.1066,0.1065,0.1064,0.1075,0.1076,0.1077,0.1078,0.1079,0.108,0.1081,0.1082,0.1083,0.1084,4159,28459,34384,63094,44682,13825,15624,13825,14240,15017,20434,13825,18113,22852,17679,19343,16979,16603,21494,19234
198,0.1073,0.1072,0.1071,0.107,0.1069,0.1068,0.1067,0.1066,0.1065,0.1064,0.1075,0.1076,0.1077,0.1078,0.1079,0.108,0.1081,0.1082,0.1083,0.1084,3835,26196,29339,39311,80498,15624,13825,13825,14240,15017,20434,13825,16088,24634,17679,19343,16979,16603,21494,19234
199,0.1073,0.1072,0.1071,0.107,0.1069,0.1068,0.1067,0.1066,0.1065,0.1064,0.1075,0.1076,0.1077,0.1078,0.1079,0.108,0.1081,0.1082,0.1083,0.1084,3353,20585,39845,45240,90002,15624,13825,13825,14240,15017,20525,14631,17390,28488,13825,19343,24973,16603,21494,19234
200,0.1073,0.1072,0.1071,0.107,0.1069,0.1068,0.1067,0.1066,0.1065,0.1064,0.1075,0.1076,0.1077,0.1078,0.1079,0.108,0.1081,0.1082,0.1083,0.1084,1523,31501,38838,49518,48893,15624,13825,13825,15430,13825,21073,14636,17430,28488,13825,19343,25074,16603,21494,19234
201,0.1073,0.1072,0.1071,0.107,0.1069,0.1068,0.1067,0.1066,0.1065,0.1064,0.1075,0.1076,0.1077,0.1078,0.1079,0.108,0.1081,0.1082,0.1083,0.1084,9392,32302,38029,102504,60682,13825,15625,13825,15430,15454,18676,14636,14192,27830,17679,19343,25074,16603,21494,19234
202,0.1074,0.1073,0.1072,0.1071,0.107,0.1069,0.1068,0.1067,0.1066,0.1065,0.1076,0.1077,0.1078,0.1079,0.108,0.1081,0.1082,0.1083,0.1084,0.1085,11031,28721,28580,84373,43202,13825,13825,15811,15013,22108,772,16415,21677,17048,20415,19291,16603,29192,19234,2776
203,0.1072,0.1071,0.107,0.1069,0.1068,0.1067,0.1066,0.1065,0.1064,0.1063,0.1074,0.1075,0.1076,0.1077,0.1078,0.1079,0.108,0.1081,0.1082,0.1083,20108,35351,62855,92781,13825,13825,13825,14445,15018,24038,943,14623,14192,22104,24065,19461,19344,24996,16603,21125
204,0.107,0.1069,0.1068,0.1067,0.1066,0.1065,0.1064,0.1062,0.1061,0.106,0.1071,0.1072,0.1073,0.1074,0.1075,0.1076,0.1077,0.1078,0.1079,0.108,3777,18488,28191,43908,13825,14054,13825,19819,8715,16242,978,18615,14632,21280,17376,17759,23491,16615,24656,19344
