timestamp,bid_price_0,bid_price_1,bid_price_2,bid_price_3,bid_price_4,bid_price_5,bid_price_6,bid_price_7,bid_price_8,bid_price_9,ask_price_0,ask_price_1,ask_price_2,ask_price_3,ask_price_4,ask_price_5,ask_price_6,ask_price_7,ask_price_8,ask_price_9,bid_size_0,bid_size_1,bid_size_2,bid_size_3,bid_size_4,bid_size_5,bid_size_6,bid_size_7,bid_size_8,bid_size_9,ask_size_0,ask_size_1,ask_size_2,ask_size_3,ask_size_4,ask_size_5,ask_size_6,ask_size_7,ask_size_8,ask_size_9
0,67653.82,67653.81,67653.23,67653.1,67653.09,67652.36,67652.28,67652,67651.5,67651.25,67653.83,67653.84,67654,67654.06,67654.57,67654.6,67654.83,67654.84,67654.85,67654.86,1.05589,0.00008,0.00008,0.01184,0.13311,0.01487,0.00008,0.00026,0.003,0.00008,0.81334,0.0008,0.0012,0.00089,0.00008,0.00009,0.0375,0.03369,0.00008,0.01192
1,67747.57,67747.56,67747.16,67747.15,67747.14,67747.12,67745.82,67745.81,67745.77,67745.52,67747.58,67747.59,67747.61,67747.68,67747.98,67748,67748.2,67748.38,67748.39,67748.46,1.42823,0.0004,0.02422,0.01802,0.00008,0.00008,0.04749,0.01493,0.00008,0.00008,0.1935,0.00072,0.00008,0.00009,0.00462,0.002,0.00009,0.00008,0.05093,0.00008
2,67754,67753.99,67753.88,67753.4,67753.37,67753.2,67752.79,67752.62,67752.61,67752.53,67754.01,67754.02,67755.2,67755.46,67755.51,67756.36,67756.39,67756.57,67756.9,67757.02,0.00884,0.0004,0.00008,0.00009,0.00029,0.00008,0.13948,0.00008,0.0006,0.00008,3.22048,0.00008,0.003,0.00031,0.00008,0.16716,0.10993,0.00008,0.003,0.22273
3,67758.83,67758.68,67758.61,67758.12,67758.11,67757.93,67755.51,67755.24,67755.2,67754.19,67758.84,67758.85,67759.17,67760,67760.48,67760.49,67760.62,67760.79,67760.8,67760.84,0.54491,0.00008,0.00008,0.00008,0.01485,0.00008,0.00008,0.00009,0.003,0.03559,1.03138,0.00016,0.00461,0.0012,0.24653,0.4876,0.00008,0.00008,0.00008,0.00009
4,67771.61,67771.6,67771.02,67771.01,67770.76,67770.32,67770.31,67770,67769.71,67769.54,67771.62,67771.63,67772.16,67772.2,67772.78,67773.41,67773.46,67773.59,67773.6,67773.85,0.1104,0.00073,0.00008,0.02516,0.00008,0.00008,0.00008,0.03297,0.01182,0.00008,1.97824,0.00016,0.00008,0.003,0.00008,0.13313,0.00008,0.17536,0.33864,0.01122
5,67824.31,67824.3,67824,67823.6,67823.45,67823.42,67823.2,67822.84,67822.83,67822.82,67824.32,67824.33,67825.26,67825.44,67826.24,67826.59,67827.18,67827.52,67827.55,67828.69,1.10455,0.13324,0.0008,0.00009,0.00008,0.00089,0.003,0.03826,0.03195,0.03877,0.02481,0.00024,0.00008,0.00008,0.00008,0.00008,0.00008,0.00008,0.00008,0.00008
6,67863.61,67863.6,67862.84,67862.64,67862.63,67862.45,67862.44,67862.43,67862.3,67862.12,67863.62,67863.63,67863.97,67864,67864.14,67864.65,67865.18,67865.19,67865.2,67865.4,0.96266,0.00016,0.00837,0.00025,0.00008,0.03116,0.07578,0.10024,0.003,0.00009,0.45729,0.00056,0.00008,0.0012,0.00089,0.00008,0.04127,0.02054,0.04179,0.00008
7,67834.92,67834.91,67833.7,67833.59,67833.57,67833.29,67833.28,67833,67832.1,67832,67834.93,67834.94,67835.1,67835.43,67835.6,67836.74,67836.75,67836.76,67836.77,67836.79,0.03079,0.0004,0.00008,0.00008,0.00015,0.00008,0.00015,0.00044,0.00008,0.0008,1.15917,0.00016,0.003,0.00008,0.00008,0.01798,0.04893,0.00016,0.04962,0.00016
8,67765.23,67764.69,67764.68,67763.63,67763.62,67763.6,67763.33,67762.24,67762.23,67762.18,67765.24,67765.25,67765.5,67765.73,67765.74,67766,67766.03,67766.4,67766.57,67767.27,0.81406,0.00008,0.01182,0.02589,0.04306,0.04359,0.00008,0.02198,0.03482,0.00008,0.64392,0.00088,0.00008,0.05525,0.00008,0.004,0.00008,0.00009,0.03559,0.02516
9,67727.39,67727.26,67727.18,67727.16,67726.79,67726.3,67725.54,67725.53,67725.43,67725.42,67727.4,67727.73,67727.74,67727.94,67727.99,67728,67728.5,67728.54,67728.81,67728.87,0.84848,0.29257,0.0218,0.13788,1.51239,0.003,0.00008,0.22987,1.67536,2.06772,0.00017,0.00008,0.00008,0.00009,0.00008,0.0012,0.00233,0.00089,0.00008,0.00008
10,67799.99,67799.98,67799.57,67799.56,67799.54,67799.53,67799.14,67799.04,67799.03,67798.8,67800,67800.01,67800.2,67800.32,67800.48,67800.89,67800.96,67800.97,67801.05,67801.1,0.19005,0.0008,0.00008,0.13312,0.00008,0.00008,0.00008,0.00599,0.00599,0.00008,1.00889,0.00302,0.00009,0.00009,0.00008,0.00216,0.11956,0.13312,0.00008,0.003
11,67810.45,67810.44,67810.19,67809.99,67809.78,67809.77,67809.76,67809.27,67808.8,67808.79,67810.46,67810.47,67811.3,67811.75,67811.76,67811.96,67811.97,67812,67812.12,67813,0.83435,0.00104,0.00008,0.00008,0.00008,0.08508,0.12768,0.00008,0.03738,0.00008,1.67261,0.00597,0.003,0.09078,0.12768,0.111,0.00614,0.0004,0.00008,0.003
12,67834.97,67834.79,67834.78,67834.41,67834.22,67834.21,67833.4,67832.36,67832.35,67832.16,67834.98,67834.99,67835.43,67835.84,67835.85,67836,67836.55,67836.56,67836.6,67836.65,2.4744,0.42479,0.20724,0.00008,0.04,1.3617,0.003,0.00022,2.08974,0.00024,0.00516,0.00064,0.00008,0.00008,0.00016,0.0012,0.00008,0.00016,0.00009,0.00019
13,67871.25,67871.24,67870.79,67870.74,67870.63,67870.62,67870.06,67868.74,67868.73,67868,67871.26,67871.27,67871.73,67872,67872.06,67872.43,67872.44,67872.5,67872.7,67872.8,0.43886,0.00112,0.00049,0.00008,0.00008,0.01482,0.00008,0.00008,0.00008,0.00008,1.22049,0.00008,0.00589,0.0012,0.00008,0.07603,0.05574,0.003,0.00009,0.03736
14,67931.24,67931.23,67931.22,67930.77,67930.24,67930.23,67930.2,67930.18,67930.12,67930.03,67931.25,67931.26,67931.35,67931.36,67931.55,67931.62,67932,67932.1,67932.7,67932.82,0.29186,0.00104,0.14244,0.09499,0.00008,0.1328,0.00009,0.00008,0.00028,0.00008,1.8253,0.00008,0.12424,0.14968,0.00008,0.00008,0.00308,0.01188,0.00625,0.01451
15,67919.31,67919.3,67919.29,67918.85,67918.68,67918.63,67918.4,67918.02,67917.94,67917.35,67919.32,67919.33,67919.49,67919.5,67919.54,67919.55,67919.8,67919.81,67919.94,67920,0.79508,0.0004,0.00036,0.0145,0.00008,0.18557,0.003,0.00008,0.48655,0.00008,0.89492,0.00088,0.02115,0.02508,0.00008,0.00008,0.00009,0.00008,0.00008,0.0008
16,67872.37,67872.36,67872.09,67872.07,67872.06,67872.05,67871.99,67871.68,67871.52,67871.47,67872.38,67872.39,67872.5,67872.97,67873.42,67873.53,67873.55,67873.58,67874,67874.11,0.64614,0.00072,0.00008,0.00008,0.00016,0.00008,0.00008,0.00008,0.00008,0.00008,1.14942,0.04925,0.003,0.00016,0.00008,0.00349,0.0392,0.1331,0.00353,0.00008
17,67862.35,67862.34,67862.07,67862,67861.68,67861.33,67861.28,67861.17,67860.9,67860.66,67862.36,67862.37,67862.77,67862.78,67862.95,67863.09,67863.1,67863.3,67863.71,67863.97,0.02962,0.00056,0.00008,0.0012,0.00351,0.00098,0.00008,0.00008,0.00024,0.00008,1.22932,0.00016,0.07921,0.15016,0.00008,0.00011,0.00008,0.00008,0.05598,0.00008
18,67856.73,67856.72,67856.16,67856.15,67855.84,67855.41,67854.08,67854.07,67854.06,67854.05,67856.74,67856.75,67858.11,67858.45,67858.46,67858.48,67858.58,67858.74,67858.9,67859.55,0.69254,0.00064,0.00008,0.13289,0.0118,0.00008,0.06061,0.00016,0.00008,0.00008,1.79403,0.00036,0.01188,0.07752,0.4736,0.09732,0.00016,0.00008,0.05882,0.00008
19,67850,67849.99,67849.61,67849.6,67849.3,67849.16,67849.15,67849.14,67849.1,67848.89,67850.01,67850.02,67850.57,67850.74,67850.75,67850.83,67850.84,67850.9,67850.91,67850.92,1.23089,0.00032,0.00016,0.00009,0.00067,0.04582,0.15362,0.48705,0.00469,0.01491,0.8874,0.00064,0.00008,0.00008,0.01196,0.00008,0.00008,0.00008,0.09365,0.11496
20,67812.43,67812.42,67812.12,67812,67811.32,67811.1,67811.09,67810.6,67810.57,67810.56,67812.44,67812.45,67812.49,67812.5,67812.64,67813.37,67813.99,67814,67814.36,67814.7,1.01791,0.00064,0.00008,0.00162,0.00061,0.00008,0.00016,0.00009,0.00008,0.00813,1.37966,0.05072,0.0647,0.05016,0.00008,0.00035,0.00008,0.04016,0.11598,0.003
21,67831.94,67831.93,67831.7,67830,67829.96,67829.95,67829.94,67828.77,67828.3,67827.87,67831.95,67831.96,67832,67832.1,67832.71,67833.13,67833.14,67833.69,67833.7,67834,1.85245,0.00016,0.003,0.003,0.05379,0.21592,0.05422,0.00008,0.003,0.14976,0.07166,0.00064,0.0012,0.00008,0.00471,0.00027,0.00012,0.00008,0.00235,0.00129
22,67791.01,67791,67790.55,67790,67789.88,67789.87,67789.8,67789.52,67789.35,67789.26,67791.02,67791.03,67792.14,67792.6,67793.95,67793.96,67793.97,67793.98,67794.21,67794.3,0.00901,0.00072,0.00023,0.0012,0.00008,0.02272,0.00009,0.00089,0.00008,0.00008,2.58357,0.00008,0.00008,0.003,0.07908,0.67314,1.94705,0.00008,0.00011,0.003
23,67830.54,67830.53,67830.41,67830.21,67829.89,67829.69,67829.68,67829.53,67828.86,67828.77,67830.55,67830.56,67831.36,67831.37,67831.4,67831.55,67831.94,67831.99,67832,67832.1,1.43279,0.00144,0.00598,0.00008,0.0059,0.13973,0.13283,0.00008,0.00008,0.00008,0.89356,0.00096,0.07474,0.13307,0.00009,0.00008,0.02016,0.00008,0.02872,0.00008
24,67804.1,67804.09,67804,67803.38,67803.3,67803.08,67803.04,67802.8,67802.69,67802.18,67804.11,67804.12,67804.5,67805.45,67805.46,67805.47,67806.2,67806.35,67807.05,67807.06,0.04913,0.00056,0.0012,0.00238,0.48713,0.00089,0.003,0.00009,0.00008,0.00008,2.6418,0.00016,0.003,0.08812,0.14976,0.00797,0.003,0.00022,0.00011,0.7071
25,67748.02,67748.01,67747.64,67747.63,67746.86,67746.85,67746.84,67746.83,67746.49,67745.71,67748.03,67748.04,67748.14,67748.15,67748.16,67748.4,67748.41,67748.62,67748.85,67749.14,0.188,0.0008,0.00008,0.00008,0.00016,0.12773,0.00016,0.01182,0.00008,0.00016,1.32284,0.00008,0.00016,0.07024,0.00008,0.003,0.00008,0.00217,0.00008,0.00008
26,67788.94,67788.93,67788.81,67787.4,67787.39,67787.38,67787.37,67785.8,67785.48,67785.43,67788.95,67788.96,67789.52,67789.75,67789.76,67789.8,67789.84,67789.85,67789.86,67790,1.25849,0.00024,0.00008,0.00016,0.01727,0.00016,0.05742,0.003,0.00008,0.00027,0.92192,0.00048,0.00089,0.00024,0.01188,0.00009,0.00008,0.00024,0.02272,0.0012
27,67852.13,67852.12,67852.11,67852.1,67851.99,67851.98,67851.55,67851.47,67851.46,67851.45,67852.14,67852.15,67852.51,67852.83,67852.84,67853.84,67854.04,67854.05,67854.11,67854.12,1.4648,0.00008,0.00252,0.003,0.00399,0.00008,0.05371,0.00008,0.12118,0.1476,0.21421,0.00064,0.00008,0.00008,0.00008,0.00008,0.00032,0.12612,0.00024,0.01445
28,67901.89,67901.88,67901.86,67901.4,67901.21,67901.2,67901.17,67901.14,67900,67899.99,67901.9,67901.91,67902,67902.03,67902.11,67902.48,67903.14,67903.15,67903.39,67903.49,3.55321,0.00008,0.23431,0.003,0.82978,0.79602,1.15127,0.00008,0.18982,0.19041,0.02742,0.00064,0.0012,0.00008,0.0003,0.00008,0.00008,0.003,0.00406,0.00024
29,67865.53,67865.52,67865.4,67865.35,67865.2,67864.57,67864.56,67864.13,67864,67863.55,67865.54,67865.55,67865.7,67866.17,67866.19,67866.2,67866.21,67867.03,67867.04,67867.05,0.22505,0.0004,0.00008,0.00355,0.00009,0.00024,0.48678,0.00089,0.0012,0.00008,1.54761,0.00008,0.003,0.00008,0.00016,0.3738,1.18681,0.00016,1.94713,0.14167
30,67896.8,67896.79,67896.3,67896.04,67896.03,67896.02,67895.73,67895.52,67895.37,67895.36,67896.81,67896.82,67898,67898.08,67898.19,67898.29,67898.43,67898.47,67898.48,67898.49,1.76744,0.00008,0.003,0.00016,0.07926,0.14763,0.00008,0.00009,0.00024,0.11677,0.33341,0.00048,0.0012,0.00089,0.00036,0.00008,0.00008,0.00016,0.05242,0.025
31,67939.42,67939.41,67939.4,67938.97,67938.74,67938.73,67938.66,67938.29,67938.24,67937.89,67939.43,67940.4,67940.41,67940.49,67940.5,67941.12,67941.97,67941.98,67941.99,67942.2,0.146,0.03496,0.00055,0.00008,0.00024,0.14741,0.00008,0.00008,0.00008,0.00016,2.72574,0.00736,0.13266,0.00736,0.003,0.01186,0.62284,1.15119,0.79602,0.003
32,67929.29,67929.28,67928.68,67928.67,67928.66,67928.65,67928.64,67928.16,67928,67927.66,67929.3,67929.31,67930.3,67931.08,67931.09,67931.1,67932,67932.61,67932.62,67932.63,0.77755,0.00272,0.00008,0.00008,0.00016,0.04518,0.12746,0.00008,0.0012,0.00473,2.48443,0.00016,0.003,0.00016,0.09876,0.31834,0.00308,0.00016,0.14336,0.24697
33,67876.79,67876.78,67876.14,67876.02,67876.01,67876,67875.99,67875.39,67875.01,67875,67876.8,67876.81,67876.99,67877.36,67877.37,67877.38,67877.48,67877.6,67877.71,67878,0.5782,0.00048,0.00008,0.00028,0.00008,0.00008,0.00024,0.00008,0.00024,0.01188,1.38727,0.00008,0.00236,0.00016,0.08446,0.13301,0.00008,0.003,0.00089,0.0012
34,67918.67,67918.45,67918.4,67916.7,67916.67,67916.01,67916,67915.99,67915.35,67915,67918.68,67918.69,67918.76,67919.31,67919.55,67919.7,67919.71,67919.8,67920,67920.95,2.53286,0.00008,0.003,0.003,0.00008,0.00016,0.07216,0.24103,0.00008,0.003,0.44492,0.0008,0.00009,0.00354,0.00008,0.00024,0.05008,0.00009,0.0012,0.00008
35,67977.32,67977.31,67977.03,67977.02,67976.99,67976.87,67976.53,67976.2,67975.95,67975.57,67977.33,67977.34,67977.49,67977.64,67977.66,67977.72,67977.98,67978,67978.35,67978.36,1.24421,0.00008,0.00022,0.00016,1.41876,0.20716,0.20716,0.003,0.00008,0.14976,0.00123,0.00056,0.00021,0.00009,0.00446,0.00023,0.00009,0.0012,0.00008,0.00668
36,67913.11,67913.1,67912.36,67912.02,67912.01,67912,67911.99,67911.6,67911.27,67911.25,67913.12,67913.13,67913.56,67913.72,67913.74,67914,67914.6,67914.64,67914.69,67915.22,1.474,0.00008,0.00008,0.00024,0.06036,0.206,0.10529,0.003,0.00008,0.00016,0.29853,0.00072,0.00008,0.00008,0.00008,0.0012,0.00009,0.00008,0.00008,0.0623
37,67857.43,67857.42,67857.38,67856.45,67856.44,67856.4,67856.39,67855.81,67855.41,67854.85,67857.44,67858.72,67858.73,67858.74,67858.75,67858.9,67858.91,67859.25,67859.66,67859.67,0.76989,0.002,0.0118,0.00024,0.1236,0.00024,0.01529,0.00027,0.00008,0.07782,1.213,0.46278,0.00016,0.14976,0.13286,0.00316,0.00016,0.00008,0.00428,0.03618
38,67979.6,67979.59,67979.58,67979.57,67978.63,67978.62,67978.61,67978.58,67978.14,67978,67979.61,67981.3,67981.51,67981.62,67981.63,67981.66,67981.95,67982,67982.36,67982.77,0.08829,0.00088,0.00008,0.00008,0.00008,0.00016,0.00016,0.00008,0.00008,0.0024,1.3148,0.003,0.00008,0.00016,0.0608,0.00008,0.00008,0.00008,0.00009,0.00016
39,68017.48,68017.47,68017.46,68017.05,68016.8,68016.79,68016.65,68016,68015.97,68015.69,68017.49,68017.57,68017.58,68017.59,68017.78,68017.79,68017.81,68018.58,68018.67,68018.95,0.286,0.00032,0.00084,0.0026,0.00024,0.14731,0.00008,0.00049,0.00008,0.00022,0.92111,0.00016,0.13146,0.12356,0.00016,0.1325,0.01178,0.00008,0.003,0.00013
40,67963.96,67963.95,67963.38,67963.37,67963.28,67962.75,67962.66,67962.61,67962.6,67962.52,67963.97,67963.98,67964,67964.62,67965.15,67965.16,67965.17,67965.3,67966,67967.13,1.04896,0.00008,0.00744,0.01029,0.00008,0.00804,0.0148,0.00008,0.003,0.00022,0.25684,0.00016,0.0008,0.00008,0.00008,0.00008,0.00058,0.00016,0.0004,0.00015
41,68009.99,68009.98,68009.62,68009.47,68009.46,68009.25,68009.22,68009.11,68009.1,68008.99,68010,68010.01,68010.09,68010.14,68010.47,68010.8,68010.88,68010.89,68010.9,68011.23,0.54065,0.00299,0.00008,0.00016,0.01506,0.00008,0.00008,0.00016,0.01572,0.00016,0.46778,0.0004,0.00008,0.00008,0.00351,0.00009,0.00009,0.00008,0.00008,0.00008
42,67995.8,67995.79,67995.44,67995.43,67995.27,67995.2,67995.03,67994.31,67994,67993.92,67995.81,67995.82,67996.27,67996.28,67996.9,67996.91,67996.92,67996.93,67996.94,67997.05,0.67319,0.03536,0.00016,0.00008,0.00008,0.00017,0.00008,0.00008,0.0012,0.00016,0.74319,0.00008,0.00024,0.01186,0.00024,0.06147,0.14976,0.00043,0.0006,0.00008
43,67974.66,67974.65,67974.5,67974.4,67974.3,67974.2,67974.19,67974,67973.86,67973.22,67974.67,67974.68,67974.76,67975.29,67975.68,67976.33,67976.48,67976.78,67977.31,67977.42,0.84657,0.00008,0.00353,0.00009,0.0148,0.00634,0.01382,0.0012,0.00008,0.06517,0.00695,0.00024,0.00008,0.00008,0.00009,0.00008,0.00008,0.00008,0.00008,0.00008
44,67967.21,67967.2,67966.78,67966.6,67966.01,67966,67965.85,67965.82,67965.81,67965.3,67967.22,67967.23,67967.56,67967.7,67967.71,67968.61,67968.62,67968.63,67968.64,67968.68,0.00439,0.00112,0.00008,0.00009,0.00123,0.0012,0.00472,0.00008,0.00008,0.00008,1.74588,0.00008,0.12996,0.003,0.00008,0.05694,0.51848,1.94721,0.37233,0.00008
45,67942.32,67942.31,67942,67941.99,67940.6,67940.56,67940.55,67940.3,67940.24,67940.16,67942.33,67942.34,67943.01,67943.72,67943.73,67943.74,67943.75,67943.98,67943.99,67944,0.89686,0.001,0.0012,0.00008,0.00009,0.00016,0.05667,0.00008,0.00008,0.00012,0.53799,0.00072,0.00008,0.00024,0.05563,0.1931,0.48629,0.00024,0.00024,0.04071
46,67942,67941.99,67941.67,67941.29,67940.6,67940.01,67940,67939.71,67939,67938.83,67942.01,67942.02,67942.03,67942.2,67942.8,67942.81,67942.82,67943.01,67943.89,67943.9,0.00617,0.00064,0.00008,0.0036,0.00009,0.00008,0.0012,0.00008,0.00044,0.00089,2.26657,0.00008,0.1089,0.003,0.65354,1.94713,0.00445,0.00008,0.00029,0.003
47,67931.23,67931.22,67931.21,67931.16,67931.15,67930.31,67930.3,67928.91,67928.67,67928.66,67931.24,67931.25,67931.75,67932,67932.8,67932.81,67932.9,67932.91,67933.48,67933.49,2.79619,1.15135,0.00393,0.44875,0.79594,0.00736,0.003,0.11392,0.04038,0.29688,0.01303,0.00064,0.00027,0.00008,0.00009,0.00308,0.00024,0.96145,0.00008,0.0036
48,67889.25,67889.24,67888.72,67888.71,67888.6,67888,67887.1,67887.09,67886.79,67886.19,67889.26,67889.27,67889.5,67889.68,67890,67890.01,67890.4,67890.52,67890.99,67891.2,0.02644,0.00032,0.00008,0.00016,0.00009,0.0012,0.00008,0.00008,0.00015,0.00048,3.06057,0.00008,0.003,0.00008,0.1496,0.17024,0.00008,0.00016,0.00008,0.003
49,67919.82,67919.81,67919.8,67919.59,67919.58,67919.4,67919.14,67918.76,67918.68,67918.45,67919.83,67919.84,67920.02,67920.4,67920.41,67920.72,67921.31,67922.01,67922.24,67922.25,1.3666,0.00016,0.00009,0.11348,0.14442,0.00361,0.00008,0.00017,0.00008,0.00089,0.80632,0.00008,0.00008,0.00008,0.00016,0.00008,0.00008,0.00008,0.05716,0.14442
50,67930.4,67930.39,67930.31,67930.3,67928.98,67928.97,67928.96,67928.8,67928.79,67928.7,67930.41,67930.42,67930.43,67930.45,67930.85,67931.18,67931.19,67931.2,67931.53,67931.95,0.91055,0.00088,0.00024,0.01471,0.00016,0.04579,0.00016,0.00008,0.00113,0.00008,0.92725,0.17071,0.00051,0.00016,0.00008,0.00016,0.0721,0.1328,0.00008,0.00029
51,67956.92,67956.91,67956.9,67955.8,67955.31,67955.3,67954.37,67954.36,67954.25,67954.24,67956.93,67956.94,67957.99,67958,67958.34,67958.55,67958.64,67958.77,67958.8,67958.81,2.63517,0.00024,0.10386,0.003,0.00024,0.12514,0.00008,0.01385,0.00016,0.80305,0.23856,0.0088,0.00015,0.0004,0.00008,0.05185,0.00008,0.00026,0.00009,0.00008
52,67938.74,67938.73,67938.66,67938.5,67938.05,67938.04,67938,67937.87,67937.86,67937.49,67938.75,67938.76,67938.8,67939.63,67939.64,67939.65,67939.66,67939.67,67939.68,67939.69,0.26105,0.00048,0.00008,0.00009,0.00008,0.00008,0.00129,0.00008,0.00008,0.00481,3.04116,0.00008,0.003,0.00016,0.12378,0.10711,0.00016,0.00024,0.14976,0.01854
53,67957.13,67957.12,67957.11,67956.94,67956.93,67956.21,67956.2,67956,67955.85,67955.52,67957.14,67957.15,67957.5,67957.87,67958.64,67959.2,67959.23,67959.24,67960.67,67960.9,0.00264,0.00064,0.00061,0.00008,0.00008,0.00044,0.00025,0.0012,0.00008,0.00008,4.40975,0.00008,0.003,0.00008,0.00008,0.003,0.04008,0.24442,0.33983,0.003
54,67869.1,67869.09,67868.86,67868.73,67868.52,67868.22,67868.21,67868,67867.8,67867.14,67869.11,67869.29,67869.88,67870,67870.01,67870.43,67870.44,67870.79,67870.8,67870.84,0.0119,0.0004,0.00241,0.00008,0.00008,0.00024,0.05016,0.0012,0.00009,0.00008,2.31286,0.00008,0.12571,1.61124,2.40805,0.04,0.00016,0.00449,0.003,0.00008
55,67871.27,67871.26,67871.11,67870.92,67870.8,67870.79,67870.4,67870.03,67870.01,67870,67871.28,67871.29,67872.06,67872.15,67872.16,67872.5,67872.51,67872.69,67872.7,67872.71,1.69449,0.00008,0.00008,0.00089,0.003,0.01669,0.00009,0.01482,0.00022,0.0012,0.04329,0.00008,0.00008,0.00008,0.00008,0.00016,0.04008,0.00008,0.00024,0.04138
56,67898.18,67898.17,67898.08,67898.04,67898,67897.92,67897.15,67896.51,67896.4,67896,67898.19,67898.21,67898.23,67898.24,67898.7,67899.01,67899.39,67899.4,67899.7,67900.06,0.00522,0.0004,0.00089,0.0048,0.0004,0.00016,0.00008,0.00015,0.00009,0.0008,2.69252,0.12462,0.00016,0.00008,0.00008,0.00016,0.18222,0.00008,0.003,0.00032
57,67887.8,67887.79,67887.09,67886.96,67886.2,67886.19,67886.1,67885.99,67885.38,67885.37,67887.81,67887.82,67887.86,67888,67888.14,67888.15,67888.17,67888.59,67888.6,67888.7,1.1703,0.00016,0.00016,0.00008,0.00008,0.34962,0.003,0.00008,0.00008,0.00008,0.9132,0.00056,0.003,0.0012,0.00008,0.00008,0.0048,0.00026,0.00009,0.00008
58,67891.64,67891.63,67891.29,67891.2,67890.58,67890.01,67890,67889.93,67889.92,67889.68,67891.65,67891.66,67892.04,67892.12,67892.35,67892.48,67892.52,67892.53,67892.57,67892.9,0.00354,0.00032,0.00089,0.00009,0.0024,0.00008,0.0012,0.00016,0.02444,0.00008,3.55345,0.00008,0.00008,0.05574,0.00008,0.01469,0.06355,0.14976,0.04016,0.003
59,67834,67833.99,67833.79,67833.78,67833.77,67833.41,67833.33,67833.29,67833.28,67833.22,67834.01,67834.02,67834.24,67834.25,67834.69,67834.7,67834.71,67834.93,67835.39,67835.4,1.08803,0.00032,0.00112,0.00017,0.00482,0.00008,0.00275,0.00008,0.01188,0.00009,1.0623,0.00016,0.00015,0.00008,0.00008,0.00016,0.13322,0.00008,0.00028,0.00008
60,67835.1,67835.09,67835.08,67834.93,67834.92,67834.68,67834.59,67834.38,67834.3,67834.26,67835.11,67835.12,67835.13,67835.43,67836,67836.28,67836.55,67836.56,67836.6,67836.95,1.50457,0.00022,0.00008,0.00008,0.13306,0.00008,0.00008,0.00826,0.00008,0.00008,0.20868,0.00088,0.01123,0.00008,0.0012,0.00008,0.00008,0.0418,0.00009,0.00008
61,67865.21,67865.2,67865.19,67864.66,67864.22,67864.21,67864.01,67863.98,67862.76,67862.75,67865.22,67865.23,67865.4,67865.63,67865.7,67865.8,67865.81,67865.82,67865.99,67866,0.02117,0.00056,0.01731,0.00008,0.00016,0.01496,0.00026,0.00008,0.00008,0.00826,1.4447,0.00008,0.00008,0.00485,0.003,0.06574,0.00016,0.12763,0.00745,0.0012
62,67849.9,67849.89,67849.61,67849.6,67849.52,67849.3,67848.85,67848.75,67848.63,67848,67849.91,67849.92,67850.32,67850.4,67850.56,67850.57,67850.96,67850.97,67850.98,67850.99,0.0262,0.00016,0.00008,0.00009,0.00015,0.00028,0.00008,0.00008,0.00008,0.0012,2.35293,0.00008,0.51221,0.003,0.04,0.38216,1.84939,0.20241,0.1754,0.24727
63,67854.04,67854.03,67854,67853.64,67853.63,67853.34,67853.27,67853.26,67852.36,67852.2,67854.05,67854.06,67855.41,67855.47,67855.48,67855.5,67855.6,67855.87,67856.36,67856.89,0.03184,0.00016,0.0008,0.00008,0.00008,0.00008,0.00008,0.00008,0.00008,0.00009,2.31857,0.00008,0.00008,0.04262,0.04644,0.003,0.05582,0.00008,0.01459,0.00023
64,67869.15,67869.14,67868.73,67868,67867.93,67867.82,67867.81,67867.8,67867.77,67867.36,67869.16,67869.17,67870.73,67870.8,67871.18,67871.49,67871.5,67871.51,67871.52,67871.83,0.13892,0.00064,0.00008,0.0012,0.00045,0.00024,0.01509,0.00009,0.00242,0.00008,2.23116,0.00008,0.00008,0.003,0.00008,0.00016,0.05272,0.21559,0.3341,0.00008
65,67854.04,67854.03,67854,67853.42,67853.18,67852.96,67852.73,67852.72,67852.71,67852.5,67854.05,67854.06,67854.79,67855.19,67855.41,67856.19,67856.2,67856.21,67856.22,67856.49,0.46964,0.00032,0.0012,0.00365,0.00008,0.00009,0.00016,0.04348,0.12758,0.00008,1.10293,0.42443,0.00029,0.00008,0.00008,0.04422,0.07015,0.05161,0.00008,0.00008
66,67820,67819.99,67819.96,67819.73,67818.78,67818.41,67818.4,67818.16,67818.15,67818,67820.01,67820.02,67820.04,67820.05,67820.09,67820.1,67820.74,67820.99,67821,67821.01,0.04497,0.00064,0.00243,0.00015,0.00008,0.00008,0.00009,0.00024,0.01483,0.0012,3.03143,0.00008,0.00016,0.05016,0.00016,0.05016,0.00008,0.00016,0.19376,0.13572
67,67767.14,67767.13,67767.01,67767,67766.81,67766.4,67766.12,67765.7,67765.69,67765.5,67767.15,67767.16,67768.6,67768.8,67768.83,67768.89,67768.9,67770.49,67770.5,67772.15,0.0054,0.00056,0.00015,0.00308,0.00008,0.00009,0.00008,0.00025,0.00039,0.00008,3.41524,0.00008,0.00009,0.003,0.00008,0.18968,0.11032,0.00008,0.003,0.05309
68,67801.46,67801.45,67801.17,67801.16,67801.15,67801.14,67801.1,67800.49,67800.21,67799.4,67801.47,67801.48,67801.74,67802,67802.13,67802.18,67802.8,67803.07,67803.08,67803.81,2.09441,0.20049,0.00016,0.66343,0.00038,0.13303,0.003,0.00008,0.00008,0.003,0.84431,0.00116,0.00008,0.0012,0.00008,0.00259,0.00009,0.00016,0.00089,0.00008
69,67765.68,67765.67,67765.5,67764.79,67764.78,67764.77,67764.69,67764,67763.8,67763.52,67765.69,67765.7,67766.18,67766.26,67766.27,67766.56,67766.7,67767.1,67767.38,67767.83,0.36444,0.00778,0.00008,0.00008,0.00008,0.00024,0.00008,0.0012,0.00009,0.00366,1.20905,0.28936,0.00932,0.00016,0.1277,0.00532,0.00008,0.003,0.05547,0.01443
70,67758.69,67758.68,67758.6,67758.59,67758.25,67758.24,67758,67757.99,67757.93,67757.8,67758.7,67758.71,67758.84,67759.33,67759.34,67759.79,67759.8,67759.95,67760.3,67760.56,0.44339,0.00008,0.00009,0.00008,0.00008,0.00822,0.0004,0.00028,0.00008,0.00008,1.19775,0.00221,0.00008,0.00016,0.12775,0.00016,0.04,0.00008,0.003,0.05964
71,67795.99,67795.98,67795.76,67795.47,67795.42,67795.41,67795.08,67794.77,67794.76,67794.41,67796,67796.01,67796.3,67797.59,67797.6,67797.66,67797.7,67797.73,67797.75,67797.77,0.2527,0.00056,0.00057,0.00008,0.00024,0.01484,0.00008,0.00016,0.01188,0.00008,1.51173,0.00008,0.00089,0.00745,0.00009,0.00016,0.003,0.05743,0.00008,0.00008
72,67830.01,67830,67829.99,67829.41,67829.35,67829.34,67828.86,67828.77,67828.72,67828.31,67830.02,67830.03,67830.04,67830.21,67830.28,67830.55,67830.57,67830.68,67831.25,67831.26,0.18909,0.00056,0.08314,0.00008,0.00031,0.00016,0.00008,0.00008,0.00009,0.00024,1.40333,0.06092,0.3781,0.00097,0.12774,0.02272,0.05574,0.00261,0.01474,0.00025
73,67849.99,67849.98,67849.32,67849.31,67849.12,67848.75,67848.7,67848.45,67848.3,67848.29,67850,67850.01,67850.56,67850.57,67850.81,67850.82,67850.89,67850.9,67851.42,67851.43,0.85031,0.00024,0.00024,0.14767,0.00008,0.00008,0.003,0.00008,0.00024,0.15121,1.30563,0.00048,0.00016,0.00089,0.00016,0.12757,0.00016,0.02264,0.00016,0.05
74,67890.77,67890.76,67890.46,67890.45,67889.75,67889.52,67889.51,67889.5,67889.47,67889.46,67890.78,67890.79,67891,67891.2,67891.29,67891.61,67891.62,67891.63,67891.67,67892,1.32365,0.00008,0.00016,0.14749,0.00008,0.00016,0.03208,0.003,0.00008,0.00016,0.59304,0.00024,0.00046,0.00009,0.00089,0.00016,0.00024,0.02272,0.00008,0.0012
75,67949.38,67949.37,67949.29,67949.28,67949.1,67948.66,67948.65,67948.42,67947.98,67947.97,67949.39,67949.4,67949.64,67949.98,67949.99,67950,67950.7,67950.77,67951,67951.09,0.65763,0.00048,0.00024,0.12734,0.00008,0.00028,0.00008,0.00008,0.00024,0.04192,1.27694,0.00016,0.00016,0.00016,0.07553,2.01006,0.003,0.0049,0.00009,0.00009
76,67954.55,67954.54,67954.06,67954,67953.88,67953.87,67953.85,67953.84,67953.83,67953.62,67954.56,67954.57,67955.31,67955.8,67955.84,67956.95,67956.96,67956.97,67957,67957.02,0.18976,0.00064,0.01472,0.0008,0.00024,0.14738,0.00016,0.00008,0.00008,0.00008,1.76472,0.00008,0.00008,0.003,0.00008,0.08031,0.08073,0.00008,0.00008,0.00354
77,67941.68,67941.67,67941.23,67941.22,67940.64,67940.63,67940.5,67940.44,67940.07,67940.06,67941.69,67941.7,67941.99,67942,67942.39,67943.01,67943.2,67943.55,67943.56,67943.61,0.37075,0.00016,0.00008,0.00597,0.00008,0.00597,0.003,0.00008,0.00024,0.04232,1.53869,0.03624,0.00008,0.0012,0.00367,0.00008,0.00009,0.00016,0.00016,0.00008
78,67891.64,67891.63,67891.54,67891.29,67891.2,67890,67889.68,67889.6,67889.45,67889.27,67891.65,67891.66,67892.04,67892.05,67892.22,67892.7,67892.71,67892.81,67892.9,67892.91,0.02392,0.0004,0.00008,0.00089,0.00009,0.0012,0.00008,0.00015,0.00008,0.00333,2.4111,0.00008,1.33757,0.10865,0.00789,0.72445,0.16599,0.01008,0.003,0.00027
79,67868.86,67868.85,67868.73,67868.72,67868.38,67868.33,67868.32,67868.31,67868.08,67867.71,67868.87,67868.88,67868.89,67869.1,67869.11,67870,67870.05,67870.24,67870.28,67870.29,0.07439,0.00048,0.00016,0.00008,0.00008,0.00008,0.00016,0.00008,0.00016,0.00008,0.98879,0.00008,0.13551,0.003,0.05574,0.0004,0.00008,0.00028,0.08095,0.19557
80,67806.41,67806.4,67806,67805.95,67805.46,67805.4,67805.19,67804.89,67804.28,67804.17,67806.42,67806.43,67807.22,67807.23,67807.24,67807.25,67807.4,67807.41,67807.42,67807.83,0.05248,0.00064,0.0012,0.00244,0.00008,0.00009,0.00012,0.00008,0.00221,0.00058,2.04622,0.00008,0.00016,0.38615,0.00016,0.20453,0.00016,0.4563,0.42741,0.04008
81,67875.9,67875.89,67875.39,67874.75,67874.66,67874.65,67874.21,67874.2,67874.12,67873.21,67875.91,67877.6,67878.33,67878.72,67878.73,67879.3,67879.49,67879.5,67879.62,67879.67,0.04602,0.0008,0.00008,0.00008,0.00024,0.04008,0.00024,0.04008,0.00008,0.00008,1.76167,0.003,0.08155,0.00008,0.38688,0.003,0.00008,0.26946,0.00031,0.37225
82,67849.47,67849.46,67848.76,67848.75,67848.63,67847.18,67847.17,67847,67846.58,67846.46,67849.48,67849.49,67850.29,67850.35,67850.4,67850.46,67851.42,67851.43,67851.44,67852,0.03365,0.00064,0.00016,0.00008,0.00008,0.00024,0.00008,0.00009,0.003,0.00008,1.33152,0.17524,0.31442,0.05574,0.003,0.00008,0.08332,0.50125,0.00008,0.002
83,67836,67835.99,67835.43,67834,67833.98,67833.71,67833.7,67833.1,67832.32,67832.31,67836.01,67836.8,67837.99,67838,67838.38,67838.39,67838.5,67838.76,67838.77,67838.78,0.88739,0.00032,0.00008,0.00049,0.00037,0.07521,0.00016,0.0003,0.00024,0.02542,1.08273,0.003,0.00033,0.17508,0.00016,0.02,0.003,0.00171,0.1496,0.00008
84,67773.36,67773.35,67772.2,67772.16,67772.12,67770.52,67770.51,67770.5,67769.79,67769.78,67773.37,67773.38,67773.39,67773.48,67773.65,67773.73,67774,67774.02,67774.19,67774.2,2.68704,0.00008,0.003,0.00008,0.00008,0.00016,0.01484,0.003,0.00016,0.1496,0.28331,0.0008,0.34193,0.00032,0.00008,0.003,0.0004,0.00008,0.00008,0.00017
85,67813.46,67813.45,67812.65,67812.12,67811.97,67810.2,67810.19,67809.85,67809.84,67808.79,67813.47,67813.48,67814,67814.66,67814.7,67815.04,67815.3,67815.31,67815.36,67815.45,0.85182,0.0004,0.00008,0.00008,0.00008,0.00024,0.02446,0.00008,0.00545,0.00008,1.23472,0.00017,0.0012,0.00008,0.003,0.00008,0.00147,0.05574,0.00009,0.00008
86,67808,67807.99,67807.18,67807.17,67807.16,67807.12,67807.01,67806.9,67806.89,67806,67808.01,67808.63,67808.79,67808.8,67809.6,67809.93,67810.45,67810.46,67810.62,67810.63,0.2631,0.00048,0.00016,0.00016,0.00008,0.00008,0.00365,0.00033,0.12354,0.0012,2.00777,0.00722,0.00024,0.11945,0.003,0.00008,0.00016,0.92429,0.00016,0.17524
87,67851.32,67851.31,67851.07,67850.56,67850.4,67850.39,67848.86,67848.85,67848.75,67848.7,67851.33,67851.34,67852.08,67853.51,67853.52,67855.29,67855.3,67855.41,67856.36,67856.37,1.44346,0.00008,0.00008,0.11461,0.003,0.00008,0.00008,0.00008,0.00008,0.003,0.35843,0.00008,0.00008,0.00008,0.00008,0.00024,0.00814,0.00008,0.00024,0.13291
88,67894.08,67894.07,67893.79,67893.71,67893.42,67893.4,67892.71,67892.52,67892.51,67892.43,67894.09,67894.1,67894.14,67894.6,67894.85,67894.86,67895.05,67895.36,67895.37,67895.38,0.16863,0.00032,0.00008,0.00008,0.00008,0.00008,0.00008,0.00008,0.00008,0.00008,1.35671,0.00008,0.00604,0.003,0.00016,0.15417,0.00008,0.00016,0.56941,0.0269
89,67920.03,67920.02,67919.79,67918.76,67918.75,67918.68,67918.4,67917.87,67916.7,67916,67920.04,67920.05,67920.96,67920.97,67921.31,67921.32,67921.47,67921.5,67921.92,67921.93,2.01687,0.00008,0.00008,2.00694,0.56735,0.00008,0.003,0.00008,0.003,2.64977,0.0956,0.00056,0.00008,0.00008,0.00008,0.00008,0.00365,0.00487,0.00024,0.14467
90,67913.97,67913.96,67913.71,67913.7,67913.3,67912.69,67912.18,67912.05,67912.04,67912.03,67913.98,67913.99,67914.08,67914.09,67914.21,67914.22,67915,67915.19,67915.31,67915.35,0.09503,0.00048,0.00016,0.00008,0.00008,0.00008,0.00009,0.00016,0.06736,0.00016,1.31087,0.00144,0.00016,0.0081,0.00016,0.00842,0.003,0.00008,0.00008,0.00008
91,67879.99,67879.98,67879.74,67879.58,67879.3,67878.93,67878.85,67878.72,67878.03,67878.02,67880,67880.01,67880.5,67880.8,67880.81,67880.86,67881,67881.01,67881.21,67881.25,1.65263,0.00008,0.0376,0.14754,0.003,0.13286,0.00008,0.00008,0.06885,1.2382,0.06631,0.00024,0.00008,0.00009,0.00008,0.00008,0.00008,0.00024,0.00028,0.00008
92,67949.38,67949.37,67949.1,67949,67948.65,67948.63,67948.4,67948.15,67948.14,67948,67949.39,67950,67950.01,67950.45,67950.46,67950.7,67950.83,67950.88,67951.03,67951.26,0.14354,0.00048,0.00008,0.00008,0.00008,0.003,0.00009,0.00008,0.00008,0.0008,1.95394,0.07859,0.49989,0.04,0.11466,0.003,0.00031,0.22265,0.00144,0.00008
93,67979.03,67979.02,67978.62,67978.55,67978.54,67978.5,67978.22,67978.14,67977.23,67977.22,67979.04,67979.05,67979.73,67979.74,67980.16,67980.3,67980.31,67981.25,67981.26,67981.3,0.63909,0.00394,0.00008,0.00016,0.01448,0.00008,0.00016,0.00008,0.00016,0.00833,0.84408,0.00032,0.00024,0.12749,0.00008,0.00008,0.00016,0.07506,0.07453,0.003
94,68008.06,68008.05,68008,68006.81,68006.41,68006.4,68006.37,68006.25,68006.24,68006,68008.07,68008.08,68008.21,68008.33,68008.35,68008.36,68008.41,68008.45,68008.46,68008.52,0.0082,0.00024,0.0008,0.00089,0.00008,0.00008,0.00015,0.00024,0.02508,0.0008,3.04377,0.14952,0.12752,0.027,1.23525,0.00008,0.003,0.61752,0.1024,0.01438
95,68071.06,68071.05,68070.84,68070.83,68070.82,68070.24,68070.23,68070.06,68070.05,68070.01,68071.07,68071.08,68071.33,68071.34,68071.35,68071.39,68071.86,68072,68072.03,68072.81,2.56752,0.00008,0.00028,0.00359,0.08016,0.00016,0.07016,0.00016,1.8251,0.00045,0.00407,0.00056,0.00024,0.01858,0.00445,0.00243,0.00008,0.0012,0.00008,0.00008
96,68053.55,68053.54,68052.54,68052.53,68052.45,68051.89,68051.88,68051.78,68051.53,68051.24,68053.56,68053.57,68053.71,68054,68054.35,68054.44,68054.45,68054.47,68054.58,68054.62,1.20841,0.00048,0.00024,0.22066,0.00008,0.00029,0.00008,0.00008,0.00118,0.0017,1.596,0.0046,0.0004,0.0004,0.00016,0.00089,0.00008,0.00008,0.003,0.00016
97,68050.59,68050.58,68050.51,68050.5,68049.99,68049.15,68048.55,68047.89,68047.4,68047.2,68050.6,68050.61,68050.62,68050.63,68051.15,68051.16,68051.54,68051.55,68051.88,68051.89,0.22468,0.00056,0.00008,0.00008,0.00008,0.00015,0.00008,0.00008,0.00008,0.00009,1.9579,0.00008,0.00016,0.42638,0.00016,0.17816,0.00016,0.05574,0.00008,0.21508
98,68073.01,68073,68072.95,68072.94,68072.84,68072.83,68072,68071.86,68071.68,68071.36,68073.02,68073.03,68073.13,68073.82,68073.83,68074.06,68074.6,68074.73,68074.77,68075.19,0.9514,0.00008,0.00016,0.0147,0.00016,0.1326,0.0012,0.00008,0.003,0.00008,0.31417,0.0004,0.00016,0.00024,0.13252,0.00008,0.00588,0.00588,0.00008,0.00008
99,68148.44,68148.43,68148.39,68148.38,68147.96,68147.95,68146.78,68146.77,68146.32,68146.31,68148.45,68148.46,68148.63,68149.85,68149.98,68149.99,68150,68150.06,68150.29,68150.34,0.11311,0.00008,0.00024,0.10008,0.00008,0.00008,0.00008,0.00008,0.00024,0.22219,1.83056,0.00008,0.003,0.00031,0.00016,0.11587,0.12431,0.50032,0.00013,0.003
100,68159.18,68159.17,68158.82,68158.81,68158.5,68158.44,68157.4,68157.39,68157.15,68156.99,68159.19,68159.2,68160.55,68160.6,68160.72,68160.78,68161.2,68161.48,68161.77,68161.93,0.303,0.00032,0.00008,0.00008,0.00008,0.00008,0.00008,0.00032,0.00008,0.00024,1.48117,0.00008,0.00025,0.003,0.00008,0.00147,0.00008,0.00008,0.00008,0.04008
101,68186.44,68186.43,68186.25,68186.2,68185.08,68184.54,68182.83,68182,68181.99,68181.75,68186.45,68186.46,68187.04,68187.05,68187.12,68187.16,68187.17,68187.2,68187.21,68187.22,3.41714,0.00008,0.003,0.00008,0.00008,0.003,0.003,0.00016,0.22382,0.00008,0.55494,0.0004,0.00008,0.00008,0.003,0.00024,0.144,0.00045,0.00024,0.01485
102,68140.06,68140.05,68138.46,68138.2,68138,68137.58,68137.36,68136.87,68136.7,68136.69,68140.07,68140.08,68141.79,68143.29,68143.3,68143.5,68143.55,68143.56,68143.64,68143.65,0.43492,0.0004,0.00008,0.00009,0.0004,0.00008,0.00012,0.00008,0.00016,0.14699,2.14363,0.00308,0.00308,0.00016,0.41472,0.003,0.00038,0.17524,0.00016,0.1496
103,68144.42,68144.41,68144.16,68144,68143.64,68143.41,68143.4,68142.98,68142.97,68142.75,68144.43,68144.44,68145.12,68145.21,68145.66,68146.17,68146.34,68146.92,68147.47,68147.48,1.01436,0.00064,0.00012,0.0008,0.00008,0.00008,0.00017,0.00008,0.00097,0.00008,1.98439,0.00701,0.00008,0.003,0.00008,0.00035,0.00008,0.003,0.00016,0.01445
104,68117.33,68117.32,68117.31,68117.3,68115.96,68115.21,68115.15,68114.36,68114.35,68114.34,68117.34,68117.35,68117.4,68117.62,68117.63,68117.85,68118,68118.31,68118.48,68118.64,0.2524,0.00064,0.00013,0.00008,0.00016,0.00008,0.00008,0.00024,0.12547,0.13127,1.21567,0.00488,0.00009,0.00016,0.04008,0.003,0.0028,0.00022,0.00008,0.00008
105,68098.79,68098.78,68098.73,68098.72,68098.5,68097.99,68097.71,68097.1,68097.09,68097.06,68098.8,68098.81,68098.97,68098.98,68099.04,68099.2,68099.63,68099.65,68099.73,68100,0.27958,0.01124,0.00024,0.4851,0.00008,0.00052,0.00008,0.00024,0.40779,0.01184,1.12656,0.00008,0.00016,0.02508,0.003,0.00009,0.00247,0.00008,0.00008,0.0008
106,68025.07,68025.06,68025.05,68024.99,68024.98,68023.8,68023.66,68023.4,68022.87,68022.71,68025.08,68025.09,68025.24,68025.42,68025.69,68025.7,68025.8,68025.81,68026,68026.1,2.23041,0.00008,0.00008,0.00016,0.12015,0.003,0.01184,0.00008,0.02166,0.00024,0.17335,0.03167,0.00008,0.00008,0.00008,0.00016,0.00024,0.12742,0.0004,0.00008
107,68022.34,68022.33,68022.05,68022.01,68022,68021.91,68021.53,68021.38,68021.2,68021.06,68022.35,68022.36,68023.5,68023.51,68024.07,68024.64,68024.65,68024.66,68024.67,68025.24,1.37073,0.00056,0.00008,0.00008,0.0008,0.00008,0.00035,0.00008,0.00009,0.00008,1.55072,0.04725,0.00016,0.00789,0.00008,0.00016,0.02,0.00016,0.01434,0.00008
108,67997.19,67997.18,67997.14,67997.13,67997.12,67997.07,67996.88,67996.62,67996.6,67996.38,67997.2,67997.21,67997.24,67997.25,67997.34,67997.35,67997.36,67998.37,67998.38,67998.51,1.2219,0.00008,0.00024,0.28471,0.61936,0.00012,0.0005,0.0081,0.003,0.00008,0.59669,0.00048,0.00016,0.02564,0.00195,0.00008,0.00008,0.00008,0.00008,0.00008
109,67980.68,67980.67,67980.1,67980.07,67980.01,67980,67979.62,67979.61,67979.6,67979.5,67980.69,67980.7,67980.74,67980.75,67980.94,67980.95,67980.96,67980.97,67981.05,67981.06,1.45348,0.01072,0.00016,0.00008,0.00015,0.0024,0.0148,0.00089,0.00009,0.00008,0.23371,0.0008,0.00024,0.00008,0.00024,0.03575,0.00008,0.00016,0.00024,0.00016
110,67963.86,67963.85,67963.28,67963.19,67963.18,67962.89,67962.61,67962.6,67962.32,67962.16,67963.87,67963.88,67963.95,67963.99,67964,67964.62,67964.73,67964.74,67964.82,67965.3,1.33752,0.00008,0.00008,0.1746,0.14734,0.05574,0.00008,0.003,0.00009,0.40757,0.66432,0.00056,0.00008,0.00015,0.00129,0.00008,0.00024,0.025,0.00009,0.00016
111,68000.01,68000,67999.37,67999.36,67999.35,67999.27,67999.09,67998.6,67998.41,67998.32,68000.02,68000.03,68001.57,68001.78,68001.93,68002.95,68002.96,68003.13,68003.28,68003.8,0.24025,0.00357,0.03678,0.00016,0.00008,0.00008,0.00008,0.00008,0.00008,0.00024,1.95494,0.00537,0.003,0.00008,0.00008,0.00016,0.20716,0.00008,0.003,0.00031
112,68011.17,68011.16,68010.8,68009.88,68009.87,68009.81,68009.8,68009.79,68009.76,68009.57,68011.18,68011.19,68011.83,68011.92,68013.54,68015.25,68015.26,68015.32,68015.48,68015.49,0.05428,0.00064,0.00009,0.00024,0.00016,0.00008,0.00024,0.00032,0.00024,0.00016,2.73395,0.00008,0.003,0.00008,0.003,0.00308,0.24509,0.14952,0.04022,1.63085
113,67989.26,67989.25,67988.95,67988.62,67988.61,67988.28,67986.89,67986.88,67986.81,67986.69,67989.27,67989.28,67989.49,67989.63,67989.8,67990,67991.14,67991.5,67991.59,67991.94,0.31349,0.00032,0.00008,0.00008,0.00008,0.00008,0.00008,0.00008,0.00008,0.00016,1.54624,0.01611,0.12735,0.01435,0.003,0.00129,0.00009,0.003,0.08016,0.00008
114,67984.78,67984.77,67983.48,67983.47,67983.4,67983.39,67983.38,67983.37,67983.13,67983.12,67984.79,67984.8,67985.1,67985.26,67985.28,67985.55,67985.56,67985.57,67986,67986.24,0.79413,0.00008,0.00016,0.12727,0.00016,0.01186,0.00024,0.14731,0.00024,0.10048,0.69679,0.00065,0.00372,0.00008,0.00305,0.00016,0.00706,0.00008,0.0012,0.00008
115,67964.31,67964.3,67964.25,67964.01,67964,67963.86,67963.48,67963.28,67962.99,67962.98,67964.32,67964.33,67964.68,67964.69,67965.09,67965.3,67965.42,67965.43,67967.66,67967.7,0.62319,0.00056,0.00027,0.00008,0.00509,0.00026,0.00248,0.00008,0.00024,0.14744,1.48793,0.01107,0.00016,0.13901,0.00453,0.00016,0.00016,0.02,0.00008,0.003
116,67991.99,67991.98,67991.5,67991.48,67991.47,67991.32,67991.31,67990.98,67990.97,67990.96,67992,67992.01,67992.09,67992.6,67993.2,67993.21,67993.55,67993.56,67993.67,67993.96,3.04588,0.00008,0.003,0.00016,0.14739,0.00016,0.14728,0.00008,0.00016,0.38666,0.02567,0.00072,0.00372,0.00009,0.00008,0.00089,0.00024,0.02264,0.00008,0.00496
117,68003,68002.99,68002.61,68002.47,68002.27,68002.26,68002.25,68002.24,68002.01,68001.93,68003.01,68003.02,68003.27,68003.55,68003.8,68004,68004.3,68004.48,68004.99,68005.26,0.76509,0.00064,0.00008,0.00049,0.00008,0.00605,0.00621,0.12733,0.00147,0.00008,1.06706,0.00008,0.00132,0.00008,0.00008,0.0055,0.00009,0.00008,0.003,0.00008
118,67968.46,67968.45,67968.15,67968.14,67968,67967.95,67967.94,67967.89,67967.29,67967.28,67968.47,67968.48,67968.63,67968.64,67970.64,67970.65,67971.1,67971.4,67971.64,67971.65,0.90315,0.00064,0.00024,0.01067,0.0012,0.00016,0.01186,0.00372,0.00008,0.00024,1.83218,0.0086,0.00008,0.00008,0.00008,0.00024,0.003,0.00008,0.00016,0.00736
119,67981.76,67981.75,67981.69,67981.68,67981.3,67981.23,67980.85,67980.84,67980.83,67980.82,67981.77,67981.78,67981.95,67982,67982.2,67982.44,67982.86,67984,67984.18,67984.41,1.6979,0.10267,0.00016,0.30008,0.003,0.0148,0.00008,0.00016,0.64068,0.00008,0.7003,0.00032,0.00008,0.0012,0.00009,0.0015,0.00008,0.0012,0.00008,0.00027
120,67982,67981.99,67981.5,67981.3,67980.85,67980.4,67980.02,67980.01,67980,67979.61,67982.01,67982.02,67982.24,67982.86,67983.03,67983.1,67983.54,67983.82,67984.57,67984.75,3.3189,0.00008,0.00373,0.003,0.00008,0.00008,0.00016,0.00735,0.0012,0.00089,0.37959,0.00032,0.0007,0.00008,0.0006,0.00008,0.00008,0.00008,0.00008,0.00038
121,67982,67981.99,67980.71,67980.7,67980.53,67980.4,67980.31,67980.3,67980.17,67980.01,67982.01,67982.02,67982.17,67982.18,67983,67983.1,67983.54,67983.62,67983.63,67983.82,0.8398,0.00064,0.00024,0.13926,0.0029,0.00008,0.00024,0.04195,0.00008,0.00008,1.25911,0.00008,0.00081,0.01206,0.003,0.00008,0.00008,0.00016,0.01494,0.00008
122,67965.14,67965.13,67964.63,67964.53,67964.52,67964.51,67963.96,67961.99,67961.98,67961.97,67965.15,67965.16,67965.3,67965.37,67965.38,67965.98,67966,67966.02,67966.32,67966.6,0.20583,0.00032,0.00008,0.00015,0.00008,0.00016,0.00008,0.00008,0.00008,0.00008,1.69284,0.01177,0.00008,0.12761,0.01178,0.00008,0.0042,0.00089,0.00986,0.00009
123,67999.89,67999.88,67999.76,67999.46,67999.45,67999.09,67998.75,67998.6,67998.59,67998.41,67999.9,67999.91,67999.92,67999.99,68000,68000.01,68000.4,68000.75,68000.76,68001.1,0.93945,0.00032,0.00008,0.00016,0.00822,0.00008,0.00027,0.00024,0.14968,0.00008,1.24001,0.00048,0.00498,0.00024,0.99972,0.00089,0.00009,0.00024,0.1272,0.00008
124,68072.84,68072.83,68072.72,68072.37,68072.36,68072,68071.86,68071.53,68071.52,68070.6,68072.85,68073.39,68075.1,68075.12,68075.19,68075.69,68075.7,68075.88,68076.13,68076.14,0.07328,0.0008,0.00008,0.00024,0.00008,0.0008,0.00008,0.00016,0.00008,0.00009,2.81453,0.003,0.003,0.00822,0.00008,0.04008,0.01488,0.00009,0.05574,0.08
125,68082.88,68082.87,68082.85,68081.85,68080.88,68080.87,68080.24,68079.65,68079.64,68079.44,68082.89,68083.6,68083.65,68083.88,68084,68084.11,68084.19,68084.23,68084.24,68084.34,1.22141,0.00024,0.00008,0.00008,0.00016,0.14414,0.00008,0.00016,0.10008,0.00016,1.06899,0.00009,0.003,0.00012,0.0008,0.00008,0.00008,0.00024,0.00825,0.00024
126,68123.99,68123.98,68123.38,68122.59,68122.58,68122.57,68122.54,68122.53,68122.44,68122.43,68124,68124.01,68124.69,68124.7,68124.72,68124.88,68124.91,68124.92,68124.95,68125,0.26152,0.00048,0.00008,0.00008,0.00024,0.48485,0.00024,0.03436,0.00024,0.12717,1.40187,0.00008,0.00316,0.04008,0.00008,0.00008,0.00015,0.00026,0.00008,0.00013
127,68091.4,68091.39,68090.49,68090.28,68090.01,68090,68089.84,68089.67,68089.66,68089.6,68091.41,68091.42,68091.84,68091.98,68092.3,68092.32,68092.97,68095.16,68095.17,68095.18,1.10372,0.00008,0.003,0.00008,0.00016,0.48766,0.00009,0.00016,0.07024,0.00008,0.7765,0.00024,0.00008,0.00026,0.00008,0.00052,0.00008,0.00008,0.00008,0.00016
128,68061.63,68061.62,68061.42,68060.98,68060.89,68060.87,68060.86,68060.01,68060,68059.71,68061.64,68061.65,68061.87,68062.8,68063.32,68063.33,68064,68064.01,68064.03,68064.44,1.34628,0.34669,0.003,0.00008,0.00022,0.00016,0.01534,0.00743,0.00008,0.003,0.07282,0.00024,0.00008,0.00009,0.00024,0.009,0.0004,0.00008,0.00008,0.00016
129,68058.54,68058.53,68058,68057.85,68056.29,68055.95,68055.92,68055.9,68055.84,68055.77,68058.55,68058.56,68058.69,68058.7,68058.92,68058.93,68059.2,68059.62,68059.87,68059.97,2.13813,0.00008,0.003,0.1473,0.003,0.52953,0.00008,0.00008,0.00009,0.05574,0.02898,0.00056,0.00024,0.025,0.00008,0.00544,0.00008,0.0015,0.00008,0.00008
130,68079.31,68079.3,68079.14,68078.7,68078.69,68078.53,68078.52,68078.39,68077.61,68077.44,68079.32,68079.33,68079.46,68080,68080.14,68081,68081.62,68081.63,68081.67,68081.85,1.90071,0.00008,0.00008,0.00016,0.01444,0.00015,0.00308,0.22184,0.03532,0.00008,0.03732,0.00024,0.00008,0.0008,0.00008,0.00009,0.003,0.00008,0.00089,0.00008
131,68043.99,68043.98,68043.97,68043.96,68043.15,68043.14,68043.13,68042.37,68042,68041.89,68044,68044.01,68044.04,68044.05,68044.19,68044.32,68044.38,68044.6,68045.22,68045.55,0.32768,0.00016,0.00008,0.00008,0.00008,0.00008,0.00008,0.00008,0.0008,0.00008,1.04165,0.00056,0.00016,0.05,0.00008,0.003,0.00008,0.00008,0.00008,0.00016
132,68043.99,68043.98,68043.96,68043.22,68043.14,68043.13,68043.03,68043.02,68042.99,68042.63,68044,68044.01,68044.38,68044.6,68045.22,68046.23,68046.24,68046.39,68046.4,68046.41,1.17865,0.00031,0.00008,0.00008,0.00008,0.00067,0.00016,0.00805,0.00008,0.00016,0.13633,0.00048,0.00008,0.00008,0.00008,0.00016,0.11693,0.00016,0.00008,0.00008
133,68034.54,68034.53,68034.3,68034.06,68034.01,68033.77,68033.76,68033.27,68033.19,68032.35,68034.55,68034.56,68034.98,68034.99,68035,68035.06,68035.07,68035.23,68035.41,68035.42,2.0486,0.00008,0.23408,0.003,0.207,0.19664,1.28648,0.00016,0.24284,0.003,0.00224,0.0004,0.00024,0.0004,0.00016,0.00008,0.00008,0.00008,0.00048,0.07062
134,68049.11,68049.1,68049.05,68049.04,68049.03,68049.02,68048.96,68048.95,68048.76,68048.75,68049.12,68049.13,68049.35,68049.46,68049.74,68049.92,68049.93,68050.41,68050.45,68050.46,0.99369,0.00064,0.00016,0.88285,0.26511,0.48554,0.00016,0.12718,0.00008,0.08567,1.06292,0.00064,0.00211,0.00008,0.00008,0.00016,0.12718,0.00008,0.00016,0.01737
135,68157.52,68157.51,68157.32,68157.31,68157.3,68157.15,68156.4,68155.83,68155.82,68155.8,68157.53,68158.29,68158.3,68158.31,68158.44,68158.49,68158.88,68158.89,68159.17,68159.49,0.25124,0.00064,0.00024,0.0087,0.00015,0.00008,0.00009,0.00024,0.15512,0.00008,1.75311,0.00734,0.00016,0.20708,0.00008,0.00008,0.00025,0.003,0.00008,0.24662
136,68158.36,68158.35,68158.34,68158,68157.83,68156.99,68156.98,68156.6,68156.48,68156.4,68158.37,68158.44,68158.5,68158.89,68159.06,68159.15,68159.16,68159.18,68159.65,68159.66,0.06852,0.00056,0.00267,0.0008,0.00008,0.00024,0.02272,0.00089,0.00008,0.00009,2.31407,0.00008,0.05566,0.003,0.34585,0.00022,0.1496,0.00016,0.11149,0.22767
137,68167.24,68167.23,68166.8,68166.55,68166.28,68166.01,68166,68165.75,68165.61,68165.53,68167.25,68167.26,68167.29,68167.3,68167.44,68167.95,68168.19,68168.21,68168.22,68168.43,0.45889,0.0008,0.00009,0.00008,0.48454,0.00008,0.0008,0.01174,0.00008,0.11619,1.56097,0.00008,0.00008,0.05008,0.003,0.00008,0.00008,0.00016,0.00016,0.00008
138,68144.37,68144.36,68144.35,68144.31,68144.3,68143.99,68143.98,68143.82,68143.81,68143.64,68144.38,68144.39,68144.68,68144.69,68145.12,68145.55,68145.66,68146,68146.32,68146.33,2.37018,0.00016,0.05016,0.00008,0.05016,0.00008,0.01184,0.00008,0.13228,0.00008,0.3687,0.01627,0.00008,0.00016,0.00008,0.00369,0.00008,0.00097,0.00016,0.09864
139,68173.84,68173.83,68172.58,68172.57,68172.02,68171.99,68171.76,68171.75,68171.49,68171.48,68173.85,68173.86,68173.97,68173.98,68173.99,68174,68174.48,68174.49,68174.6,68175.09,2.25314,0.00008,0.0254,0.003,0.00008,0.00008,0.00008,0.14968,0.00022,0.05011,0.00309,0.00024,0.00008,0.00008,0.00008,0.0008,0.00008,0.00008,0.00009,0.00008
140,68183.82,68183.21,68182.83,68182.82,68182.76,68182.52,68182.38,68182.15,68181.75,68181.74,68183.83,68183.84,68183.86,68183.87,68183.88,68183.9,68183.96,68183.97,68184,68184.36,2.04039,0.02688,0.003,0.00008,0.00009,0.04259,0.00008,0.00008,0.00008,0.1496,0.00112,0.0004,0.00016,0.00008,0.00089,0.00008,0.00024,0.01008,0.0008,0.00024
141,68209.21,68209.2,68209.19,68209.17,68209.16,68208.47,68208.4,68208.39,68208.29,68208.28,68209.22,68209.23,68210.19,68210.51,68210.62,68210.71,68211.19,68211.72,68211.9,68212.47,1.72293,0.0004,0.00008,0.00008,0.00008,0.00008,0.00009,0.00008,0.00024,0.10048,1.38944,0.00008,0.003,0.00008,0.00008,0.00008,0.00022,0.00008,0.003,0.00008
142,68209.21,68209.2,68209.18,68209.17,68208.84,68208.39,68207.67,68207.66,68207.38,68207.37,68209.22,68209.23,68209.83,68210,68210.08,68210.09,68210.1,68210.18,68210.19,68210.51,0.77307,0.00064,0.00008,0.00008,0.13852,0.00008,0.00016,0.00008,0.00016,0.01107,1.13091,0.00008,0.00008,0.0008,0.00495,0.00016,0.12694,0.00008,0.00308,0.00008
143,68216.41,68216.4,68216.16,68215.99,68215.92,68215.71,68215.7,68215.05,68214.85,68214.23,68216.42,68216.43,68217.37,68217.93,68217.94,68218.32,68218.33,68218.34,68218.35,68218.38,0.7446,0.00064,0.00009,0.00008,0.00008,0.00024,0.04164,0.00008,0.00008,0.00031,1.90505,0.00008,0.00313,0.00016,0.21797,0.00016,0.20708,0.00479,0.00009,0.00008
144,68200.92,68200.91,68200.7,68200.69,68200.6,68200.39,68200.3,68200.07,68200,68199.9,68200.93,68200.94,68201.22,68201.64,68201.73,68202.42,68203.13,68203.14,68203.15,68203.16,0.35512,0.00048,0.00199,0.00015,0.00025,0.00008,0.00008,0.00373,0.0008,0.00024,1.5339,0.00041,0.00008,0.003,0.00016,0.00034,0.00016,0.00741,0.00016,0.00741
145,68249.99,68249.98,68249.7,68249.5,68249.01,68249,68248.82,68248.36,68248.35,68248.29,68250,68250.08,68250.61,68250.62,68250.63,68250.94,68251.23,68251.34,68251.39,68251.58,0.81428,0.00048,0.00008,0.00008,0.00024,0.04276,0.00008,0.00029,0.00008,0.00016,1.58792,0.00019,0.00016,3.00016,1.00008,0.00009,0.00775,0.00021,0.00025,0.00008
146,68254.89,68254.88,68254.65,68254.64,68254.28,68251.94,68251.93,68251.92,68251.87,68251.85,68254.9,68254.91,68254.98,68254.99,68255,68255.01,68255.2,68255.21,68255.52,68256.24,0.09905,0.00048,0.00008,0.00008,0.00008,0.00016,0.16734,0.00008,0.00008,0.00016,1.73402,0.00008,0.00016,0.22949,0.3505,0.00008,0.00016,0.04008,0.01106,0.00009
147,68265.53,68265.52,68265.2,68265,68264.97,68264.96,68264.91,68264.64,68264.63,68264.51,68265.54,68265.55,68265.66,68267.26,68267.27,68267.28,68267.48,68267.5,68267.57,68267.58,4.91145,0.00429,0.00008,0.00008,0.00016,0.48408,0.003,0.00016,0.12673,0.00008,1.1196,0.00048,0.00008,0.00476,0.00314,0.00008,0.00058,0.00009,0.00016,0.13845
148,68186,68185.99,68185.72,68185.27,68185.26,68185.15,68185.14,68185.08,68185,68184.95,68186.01,68186.02,68186.03,68186.23,68186.25,68186.26,68186.71,68188.01,68188.22,68188.41,1.53619,0.0004,0.00015,0.00016,0.25008,0.00016,0.02739,0.00008,0.00009,0.00373,1.53806,0.00024,0.00008,0.00269,0.00016,0.12681,0.00008,0.0074,0.00665,0.00016
149,68103.74,68103.73,68103.7,68103,68102.85,68102.1,68102.07,68102.06,68102.05,68102.04,68103.75,68103.76,68104.17,68104.82,68105.33,68105.5,68105.67,68105.88,68106.01,68107.58,0.57658,0.00032,0.00371,0.00009,0.00008,0.00089,0.00008,0.00503,0.00024,2.07058,2.17064,0.00008,0.003,0.00008,0.00181,0.00008,0.26495,0.003,0.24009,0.00191
150,68109.82,68109.81,68109.31,68109.3,68108.93,68108.26,68108.25,68107.59,68107.35,68105.88,68109.83,68109.84,68110.57,68112,68112.11,68112.12,68112.2,68113.29,68113.3,68113.37,2.07304,0.00008,0.00192,0.003,0.00008,0.00016,0.25008,0.003,0.00008,0.003,0.10748,0.00072,0.003,0.0004,0.00016,0.04407,0.00009,0.00024,0.0074,0.00024
151,68090.27,68090.26,68090.11,68090,68089.84,68088.8,68088.48,68088,68087.87,68087.71,68090.28,68090.45,68090.49,68092.2,68092.5,68092.51,68093.91,68094.06,68094.07,68094.25,0.46019,0.0004,0.003,0.0008,0.00009,0.00009,0.00089,0.00088,0.00008,0.00011,1.59455,0.00016,0.003,0.003,0.00016,0.22447,0.003,1.1474,0.00016,0.05566
152,68069.13,68069.12,68069.11,68069.1,68069.07,68069.06,68069.05,68067.98,68067.7,68067.08,68069.14,68069.15,68069.6,68069.61,68069.97,68070.04,68070.11,68070.12,68070.6,68070.7,0.23782,0.00024,0.00024,0.05008,0.00024,0.05157,0.05048,0.00008,0.00008,0.00056,1.04473,0.00008,0.00016,0.02912,0.003,0.00008,0.00016,0.00648,0.00009,0.00008
153,68125.38,68125.37,68124.7,68124.69,68124.62,68123.95,68123.88,68122.98,68122.59,68122.05,68125.39,68125.4,68125.56,68125.85,68126,68127.23,68127.65,68127.8,68127.93,68128,2.20419,0.00008,0.00425,0.003,0.00008,0.09036,0.14709,0.003,0.23802,0.20016,0.00397,0.00048,0.00497,0.00037,0.0008,0.00015,0.00008,0.00009,0.00373,0.0008
154,68112.92,68112.91,68112.9,68112.73,68112.28,68112.2,68112,68111.82,68111.75,68111.66,68112.93,68112.94,68113.44,68113.45,68114.43,68115.13,68115.15,68115.47,68116.14,68116.87,0.25689,0.00088,0.12783,0.00373,0.00025,0.00009,0.0008,0.00008,0.0026,0.00008,2.52806,0.00008,0.00016,0.12501,0.003,0.00153,0.00008,0.00008,0.003,0.00742
155,68094.99,68094.98,68094.97,68093.91,68093.03,68093.02,68092.57,68092.55,68092.47,68092.3,68095,68095.01,68095.17,68095.29,68095.3,68095.31,68095.92,68095.95,68096,68096.6,1.16283,0.00048,0.00383,0.00308,0.00016,0.01184,0.00041,0.00008,0.00008,0.00016,0.40305,0.00032,0.00008,0.00089,0.00024,0.02536,0.00009,0.00008,0.0004,0.00009
156,68074.46,68074.45,68074.44,68074.13,68074.11,68074.1,68074,68073.66,68073.65,68073.39,68074.47,68074.48,68075.09,68075.19,68075.48,68076.12,68076.13,68076.16,68076.65,68076.66,1.78488,0.10113,0.21841,0.00084,0.00016,0.12627,0.0012,0.00016,0.1262,0.00064,0.85586,0.00008,0.00024,0.00008,0.00008,0.00024,0.00811,0.00008,0.00008,0.00008
157,68016,68015.99,68015.48,68015.45,68015.44,68015.25,68014.78,68014.75,68014.53,68014.47,68016.01,68016.02,68016.76,68016.96,68017.48,68017.49,68017.55,68018.15,68018.17,68018.18,0.00896,0.00064,0.00052,0.00374,0.00008,0.00008,0.00498,0.00008,0.00009,0.00024,2.67232,0.00008,0.2357,0.003,0.00796,0.18108,0.15426,1.4698,0.88162,0.00008
158,68017.54,68017.53,68017.31,68017.1,68017.09,68016.8,68016.41,68015.5,68015.49,68015.32,68017.55,68017.56,68017.99,68018,68018.58,68018.6,68018.67,68018.79,68018.8,68019.16,0.63245,0.00032,0.00008,0.00008,0.00008,0.00008,0.00024,0.00008,0.00008,0.00008,1.16822,0.00008,0.00016,0.0008,0.00008,0.00009,0.003,0.00016,0.02008,0.00016
159,67999.68,67999.67,67999.59,67999.33,67999.32,67999.25,67999.24,67998.91,67998.6,67998.57,67999.69,67999.7,67999.81,67999.82,67999.99,68000,68000.41,68000.43,68000.44,68000.52,1.25462,0.00008,0.00008,0.00016,0.25008,0.00147,0.00602,0.00008,0.00008,0.00375,0.08377,0.00048,0.00024,0.01076,0.00024,0.32884,0.00008,0.00008,0.00562,0.00016
160,67963.71,67963.7,67963.55,67963.47,67963.46,67963.45,67962.93,67962.92,67962.87,67962.6,67963.72,67963.73,67963.75,67964.65,67964.66,67964.95,67964.96,67965.3,67965.61,67965.73,0.86241,0.00072,0.00087,0.00011,0.0006,0.00376,0.00024,0.25024,0.00024,0.003,0.94761,0.01194,0.00008,0.00016,0.02008,0.00016,0.12748,0.00008,0.00008,0.00008
161,68000.06,68000.05,68000.01,68000,67999.7,67999.69,67999.68,67999.06,67999.01,67998.6,68000.07,68000.08,68001.01,68001.02,68001.04,68001.05,68001.1,68001.49,68001.5,68001.57,0.48149,0.00072,0.00089,0.0008,0.00008,0.00008,0.00508,0.00008,0.0025,0.00008,2.00314,0.00275,0.00016,0.01452,0.00016,0.05582,0.00008,0.00016,0.08016,0.003
162,68019.96,68019.95,68019.91,68019.53,68018.58,68018.01,68018,68017.99,68017.49,68017.48,68019.97,68019.98,68020,68020.38,68020.42,68020.68,68020.69,68020.89,68021.2,68021.51,0.60539,0.00064,0.00008,0.00008,0.00008,0.00024,0.13116,0.55164,0.00024,0.32453,0.75559,0.00008,0.0008,0.003,0.00089,0.00016,0.00832,0.00008,0.00009,0.00016
163,67978.85,67978.84,67978.62,67978,67977.98,67977.76,67977.75,67977.1,67977,67976.59,67978.86,67978.87,67979.33,67979.34,67979.6,67979.94,67980.47,67980.48,67980.62,67981.29,0.22976,0.00088,0.00008,0.0012,0.00009,0.00024,0.12743,0.00375,0.00009,0.00024,1.45252,0.00008,0.00016,0.04008,0.003,0.00008,0.00016,0.05574,0.00008,0.00016
164,67959.58,67959.57,67959.26,67959.2,67959.19,67959.13,67958.97,67958.96,67958.94,67958.84,67959.59,67959.6,67959.88,67959.89,67960,67960.5,67960.51,67960.65,67960.83,67961.12,0.92051,0.00008,0.00016,0.003,0.00008,0.00008,0.00016,0.12741,0.00008,0.00008,0.53717,0.00064,0.00032,0.00496,0.0012,0.00024,0.00757,0.00008,0.00008,0.00024
165,67955.07,67955.06,67955.05,67954.64,67954.63,67954.51,67954.4,67954.17,67954.08,67954,67955.08,67955.09,67955.1,67955.14,67955.15,67955.31,67955.51,67955.62,67955.8,67956.06,1.1736,0.20152,0.01072,0.00016,0.12739,0.0025,0.00016,0.00008,0.01186,0.0012,0.77783,0.00064,0.05016,0.00024,0.05032,0.00008,0.00034,0.00008,0.003,0.00008
166,67947.92,67947.91,67947.7,67947.59,67947.25,67947.24,67946.96,67946.88,67946.51,67946.36,67947.93,67947.94,67948.65,67949.4,67949.41,67949.91,67950.7,67950.73,67950.74,67950.8,1.03289,0.00048,0.00008,0.00008,0.00008,0.00008,0.00012,0.00252,0.00008,0.00008,0.6268,0.00016,0.00008,0.00008,0.00258,0.00008,0.003,0.00016,0.13267,0.00016
167,67951.97,67951.96,67951.91,67951.71,67951.31,67951.3,67950.92,67950.91,67950.59,67950.36,67951.98,67951.99,67952,67952.13,67952.14,67952.39,67952.42,67953.03,67953.04,67953.18,0.23277,0.00048,0.00008,0.00008,0.00008,0.00052,0.00024,0.0004,0.00008,0.01178,0.76861,0.00008,0.0032,0.00016,0.12743,0.0001,0.00089,0.00016,0.01186,0.00024
168,67949.38,67949.37,67949.28,67949.06,67949.05,67948.65,67948.4,67948.01,67948,67947.88,67949.39,67949.4,67950.7,67951.28,67951.55,67951.56,67951.98,67951.99,67952,67952.01,0.11967,0.0008,0.00016,0.00008,0.00008,0.00008,0.00009,0.00008,0.0012,0.00063,1.963,0.00008,0.003,0.00008,0.00016,0.04008,0.00024,0.00829,0.10671,0.00016
169,67900.87,67900.86,67900.81,67900.8,67900.43,67900.29,67900.21,67900.01,67900,67899.96,67900.88,67900.89,67901.4,67902.03,67902.11,67902.12,67902.15,67902.16,67902.83,67903.1,0.22237,0.00056,0.00065,0.00698,0.00085,0.00008,0.00049,0.00024,0.0393,0.00378,1.94796,0.00008,0.003,0.00008,0.00317,0.00008,0.00024,0.02276,0.00008,0.003
170,67906.17,67906.16,67906,67905.6,67905.57,67905.36,67905.3,67905.29,67905.01,67904.98,67906.18,67906.19,67906.2,67906.21,67906.24,67906.25,67906.5,67906.92,67907.99,67908,0.55408,0.00064,0.0012,0.00009,0.00008,0.00008,0.00016,0.01188,0.0005,0.00008,1.05261,0.00024,0.05008,0.00008,0.00016,0.05016,0.003,0.00008,0.00325,0.00008
171,67941.99,67941.98,67941.97,67940.5,67940.37,67940.22,67940,67939.99,67939.1,67939.09,67942,67942.01,67942.62,67942.63,67943.02,67943.03,67943.04,67943.09,67943.2,67943.21,1.24943,0.00008,0.00479,0.003,0.00008,0.00008,0.00016,0.1292,0.0076,0.01481,0.18579,0.00056,0.00024,0.12765,0.00016,0.00024,0.02508,0.00008,0.00009,0.00008
172,67947.94,67947.93,67947.89,67947.76,67947.75,67947.3,67947.27,67947.26,67947.2,67946.93,67947.95,67947.96,67947.99,67948,67948.4,67948.41,67948.65,67948.76,67948.77,67948.92,2.36624,0.00008,0.00008,0.00016,0.14756,0.003,0.00016,0.1474,0.00008,0.00016,0.41672,0.00057,0.00016,0.0012,0.00017,0.00008,0.00008,0.00024,0.05032,0.00024
173,68017.48,68017.47,68017.46,68017.45,68017.41,68017.4,68017.24,68017.23,68016.9,68016.89,68017.49,68017.5,68017.72,68017.94,68018,68018.58,68018.6,68018.67,68018.73,68018.74,0.64275,0.09432,0.00032,0.05016,0.00016,0.05008,0.00008,0.00759,0.00016,0.10008,1.16516,0.00008,0.0001,0.00009,0.0008,0.00008,0.00009,0.003,0.00016,0.00821
174,68054.71,68054.7,68054.69,68054.64,68054.63,68054.6,68054.59,68054.58,68054.28,68053.75,68054.72,68054.73,68054.79,68054.8,68055,68055.21,68055.31,68055.76,68056,68056.53,2.30972,0.00024,0.15436,0.00016,0.20011,0.00016,0.05153,0.003,0.00022,0.00008,0.8984,0.00032,0.00024,0.02264,0.00009,0.00008,0.00009,0.00073,0.0008,0.00375
175,68028.42,68028.41,68028.4,68028.07,68027.87,68027.86,68027.72,68026.7,68026.69,68025.85,68028.43,68028.44,68028.57,68028.93,68029.43,68029.44,68029.83,68030.12,68030.13,68030.38,0.56649,0.00016,0.00016,0.0026,0.00008,0.00008,0.00008,0.00008,0.00008,0.00008,2.11416,0.00008,0.00008,0.003,0.00016,0.03,0.00021,0.00016,0.09499,0.00375
176,68008.63,68008.62,68008.58,68008.49,68008.41,68008.2,68008,68007.93,68007.91,68007.8,68008.64,68008.65,68008.69,68008.7,68008.9,68008.91,68008.92,68008.93,68009.23,68009.24,1.7264,0.00008,0.00008,0.00008,0.003,0.00009,0.0008,0.00008,0.00008,0.00508,0.00439,0.05501,0.00016,0.05,0.00016,0.01698,0.00016,0.00008,0.00008,0.00008
177,68034.37,68034.36,68032.7,68032.67,68032.35,68031.9,68031.56,68031.55,68030.98,68030.97,68034.38,68034.39,68034.64,68035.13,68035.22,68035.23,68035.45,68035.49,68035.5,68035.51,0.9949,0.00016,0.00008,0.28775,0.003,0.00008,0.00024,0.23822,0.00759,0.26443,0.37643,0.0004,0.00051,0.00008,0.00008,0.00008,0.00008,0.00008,0.005,0.00024
178,68058,68057.99,68057.59,68057.09,68057.06,68056.3,68056.29,68056,68055.99,68055.76,68058.01,68058.02,68058.12,68058.13,68058.54,68058.82,68059.1,68060,68060.02,68060.04,1.76344,0.35007,0.00008,0.01478,0.00008,0.15834,0.003,1.23584,0.14715,0.08535,0.00128,0.00024,0.00024,0.01,0.00008,0.00024,0.0025,0.0008,0.00017,0.00008
179,68079.82,68079.81,68079.77,68079.76,68079.61,68079.36,68079.35,68078.9,68078.53,68078.52,68079.83,68079.84,68079.98,68079.99,68080,68081.85,68081.94,68082.63,68082.64,68083.37,1.16577,0.00249,0.00016,0.00789,0.002,0.00016,0.01005,0.00008,0.00015,0.00008,0.46503,0.00008,0.00008,0.00024,1.12163,0.00008,0.003,0.00008,0.00008,0.00072
180,68089.84,68089.83,68089.76,68089.07,68089.04,68089.03,68088.81,68088.8,68088.51,68088.48,68089.85,68090.49,68091.83,68091.84,68091.86,68092.2,68092.41,68092.42,68093.87,68093.88,0.18383,0.0008,0.00012,0.00187,0.00024,0.12714,0.00008,0.00009,0.00008,0.00089,1.40864,0.003,0.00026,0.00008,0.00008,0.003,0.00016,0.04532,0.00016,0.11075
181,68111.93,68111.92,68111.88,68111.87,68111.82,68111.81,68111.75,68111.74,68111.66,68111.1,68111.94,68111.95,68112.29,68112.3,68112.72,68112.73,68112.81,68113.39,68113.58,68113.66,0.14044,0.00088,0.00016,0.05313,0.00024,0.09824,0.00008,0.00008,0.00008,0.00008,2.44861,0.00008,0.00016,0.12702,0.003,0.01184,0.01109,0.00374,0.08616,0.01439
182,68080.01,68080,68079.84,68079.83,68079.74,68079.57,68078.93,68078.52,68078.4,68078,68080.02,68080.03,68080.23,68080.51,68080.91,68081.85,68081.94,68083.53,68083.65,68084.12,0.00168,0.00168,0.00024,0.07024,0.00008,0.00499,0.00249,0.00008,0.00009,0.0008,4.27268,0.00008,0.003,0.05962,0.54556,0.00008,0.003,0.00072,0.003,0.06292
183,68087.07,68087.06,68086.31,68086.3,68086,68085.99,68085.91,68085.72,68085.56,68085.36,68087.08,68087.09,68087.76,68087.85,68087.86,68087.88,68087.91,68088,68088.44,68088.48,1.26957,0.00008,0.48519,0.00008,0.0075,0.14386,0.00239,0.00008,0.01477,0.003,0.05583,0.0004,0.00008,0.00016,0.00008,0.00102,0.00008,0.0012,0.00008,0.00089
184,68088.14,68088.13,68087.9,68087.89,68087.77,68086.72,68086,68085.99,68085.7,68085.18,68088.15,68088.16,68088.48,68088.51,68088.78,68088.8,68088.81,68088.93,68088.94,68089.13,0.49506,0.00008,0.00016,0.00805,0.00008,0.00008,0.00016,0.13876,0.00008,0.00008,0.56492,0.00072,0.00089,0.00008,0.003,0.00017,0.00008,0.00024,0.12708,0.00008
185,68079.54,68079.53,68078.52,68078.51,68077.99,68077.95,68077.93,68077.65,68077.24,68077.01,68079.55,68079.56,68079.63,68079.64,68080.71,68080.72,68081.44,68081.76,68081.77,68081.78,0.92809,0.00072,0.00308,0.0056,0.00008,0.00276,0.00016,0.00016,0.00008,0.00024,0.59722,0.00016,0.00024,0.13883,0.00016,0.00056,0.04,0.00024,0.11482,0.00008
186,68111.34,68111.33,68111.01,68110.97,68110.93,68110.29,68109.99,68109.81,68109.65,68109.64,68111.35,68111.36,68111.8,68111.81,68111.82,68111.87,68111.88,68111.89,68111.93,68111.94,2.04945,0.00008,0.003,0.00008,0.00126,0.00008,0.00008,0.05574,0.0962,0.03017,0.00455,0.00064,0.00008,0.00008,0.00008,0.00008,0.00008,0.00504,0.00008,0.00008
187,68097.57,68097.56,68097.44,68097.43,68097.33,68097.32,68096.6,68096.42,68096.01,68096,68097.58,68097.67,68097.68,68097.69,68097.7,68098.01,68098.02,68098.35,68098.36,68098.5,0.40382,0.00056,0.00008,0.00024,0.00008,0.00512,0.00009,0.00009,0.00024,0.00715,1.54838,0.00016,0.08016,0.04016,0.00442,0.00016,0.16705,0.00016,0.04008,0.00008
188,68109.76,68109.75,68109.6,68109.58,68109.48,68108.91,68108.83,68108.49,68108,68107.78,68109.77,68109.78,68111.01,68111.67,68111.68,68111.74,68111.82,68112.72,68113.04,68113.47,0.78255,0.00024,0.00009,0.00009,0.00252,0.00089,0.00008,0.00008,0.00128,0.00008,0.98339,0.00145,0.003,0.00016,0.09835,0.00008,0.00008,0.003,0.00008,0.00016
189,68162.92,68162.91,68162.9,68162.72,68162.33,68162.32,68162.17,68162.16,68161.77,68161.76,68162.93,68162.94,68163.07,68163.37,68163.38,68163.84,68164.02,68164.63,68165.08,68165.09,1.05545,0.08164,0.02834,0.00009,0.00016,0.01182,0.00016,0.12695,0.00008,0.00008,0.21536,0.00008,0.00016,0.00008,0.00008,0.00008,0.003,0.00008,0.00024,0.10431
190,68142.03,68142.02,68142,68141.86,68141.79,68141.76,68140.91,68140.8,68140.73,68140.34,68142.04,68142.05,68143.76,68143.77,68144.36,68144.37,68144.38,68144.52,68145.12,68145.29,1.71423,0.00032,0.0012,0.00008,0.00308,0.00377,0.0001,0.00009,0.02508,0.09338,0.04184,0.00024,0.00024,0.02298,0.00008,0.00008,0.00016,0.00008,0.00008,0.00016
191,68140.06,68140.05,68140,68139.56,68139.55,68139.28,68139.27,68138.99,68138.46,68138.21,68140.07,68140.08,68141.33,68141.34,68141.78,68141.79,68142.68,68142.85,68142.89,68142.99,0.40115,0.0008,0.0012,0.00024,0.05189,0.00024,0.1388,0.00252,0.00008,0.10073,1.41173,0.00308,0.00016,0.17933,0.00016,0.01803,0.00009,0.00022,0.00797,0.00008
192,68167.59,68167.58,68167.57,68165.99,68165.73,68165.56,68165.1,68164.02,68163.86,68163.83,68167.6,68167.61,68167.95,68168,68168.19,68168.43,68168.6,68168.61,68168.8,68169.22,1.44154,0.0702,0.48461,0.26459,0.003,0.01182,0.00008,0.003,0.1322,0.00348,0.16518,0.0004,0.00252,0.0012,0.00378,0.00008,0.00024,0.01174,0.00009,0.00018
193,68167.14,68167.13,68165.73,68165.13,68165.12,68165.1,68164.39,68164.38,68164.02,68162.68,68167.15,68167.16,68167.17,68167.7,68167.71,68168,68168.13,68168.43,68168.59,68169.4,1.98428,0.00128,0.003,0.00741,0.01475,0.00008,0.00741,0.04133,0.003,0.08416,0.05725,0.01508,0.00867,0.00015,0.00008,0.0004,0.00028,0.00008,0.00378,0.00018
194,68165.95,68165.94,68165.52,68165.42,68165.1,68164.45,68164.2,68164,68163.44,68163.43,68165.96,68167.14,68167.15,68167.16,68167.19,68167.2,68167.43,68167.44,68167.96,68168.42,0.51165,0.00024,0.00008,0.00008,0.00008,0.00008,0.00009,0.0004,0.00008,0.00008,1.77258,0.00016,0.21516,0.5397,0.00016,0.1764,0.00016,0.17808,0.00072,0.00734
195,68168.13,68168.12,68168,68167.88,68167.87,68167.7,68167.44,68166.8,68166.65,68166.36,68168.14,68168.15,68168.16,68168.17,68168.43,68168.72,68169.13,68169.14,68169.15,68169.21,0.99491,0.00008,0.0008,0.00016,0.01182,0.00008,0.003,0.00009,0.00519,0.09455,0.3401,0.0004,0.12701,0.01174,0.00008,0.00008,0.00024,0.01107,0.00437,0.00329
196,68189.85,68189.84,68189.67,68188.41,68187.96,68186.95,68186.94,68186.93,68186.25,68185.5,68189.86,68189.87,68190,68190.01,68190.2,68190.21,68190.22,68190.36,68190.45,68190.48,2.17861,0.63109,0.01096,0.00008,0.003,0.05126,0.19478,0.02794,0.003,1.23584,0.00137,0.00032,0.00194,1.20962,0.00017,0.00008,0.00012,0.00008,0.00029,0.00008
197,68214.19,68214.18,68213.57,68213.56,68212.63,68212.62,68212.37,68212.36,68211.9,68211.72,68214.2,68214.21,68214.28,68214.39,68214.47,68214.72,68214.79,68214.82,68214.86,68214.96,1.23636,0.00032,0.00016,0.00841,0.00016,0.05574,0.00016,0.01475,0.003,0.00008,0.18115,0.00689,0.00008,0.00016,0.00011,0.00022,0.00301,0.00008,0.00009,0.00016
198,68228.02,68228.01,68228,68227.98,68227.97,68227.92,68227.91,68227.75,68227.74,68227.19,68228.03,68228.37,68228.51,68229,68229.2,68229.21,68230,68230.01,68230.28,68230.29,0.48259,0.0004,0.0012,0.00024,0.01474,0.00016,0.01182,0.00024,0.12693,0.00008,1.0444,0.00008,0.00008,0.003,0.00008,0.00008,0.00016,0.10804,0.00016,0.04
199,68209.55,68209.54,68209.43,68208.75,68208.6,68208.48,68208.39,68208.25,68208.24,68208.23,68209.56,68209.57,68209.94,68210,68210.1,68211,68211.16,68211.41,68211.46,68211.54,1.28414,0.00008,0.00008,0.05574,0.01452,0.003,0.00008,0.06702,0.04008,1.94871,0.40609,0.00056,0.00008,0.0008,0.00008,0.00009,0.00088,0.00255,0.00008,0.00008
200,68369.99,68369.98,68369.89,68369.59,68369.32,68369.22,68368.23,68368.05,68368.01,68368,68370,68370.01,68370.09,68370.17,68370.3,68370.37,68370.41,68370.96,68370.97,68371.06,0.58241,0.00008,0.0538,0.00008,0.44599,0.003,0.00008,0.00008,0.08903,0.14391,0.0037,0.00024,0.00011,0.00008,0.00025,0.0001,0.00047,0.00008,0.00021,0.0002
201,68351.76,68351.75,68351.74,68351.58,68351.31,68350.46,68350.45,68350.37,68350.33,68350.32,68351.77,68351.78,68351.98,68352,68352.01,68352.02,68352.2,68352.21,68352.66,68352.87,1.02831,0.00032,0.08201,0.00008,0.00008,0.00016,0.13189,0.00008,0.0148,0.0118,0.37471,0.0004,0.00008,0.002,0.00024,0.13229,0.00008,0.00371,0.00008,0.00527
202,68379.29,68379.28,68378.22,68378.01,68378,68377.91,68377.77,68377.38,68377.37,68377.23,68379.3,68379.31,68379.36,68379.9,68379.91,68379.95,68380,68380.34,68380.35,68380.36,1.43502,0.00008,0.00008,0.48304,0.00364,0.00008,0.003,0.00016,0.13181,0.00008,0.04849,0.00072,0.00009,0.00024,0.01451,0.00008,0.00129,0.00024,0.00815,0.00024
203,68361.78,68361.77,68361.57,68361.36,68361.07,68360,68359.62,68359.2,68358.56,68358.24,68361.79,68361.8,68362.38,68362.53,68362.54,68362.9,68363.6,68363.98,68363.99,68364,0.00976,0.00057,0.00008,0.00088,0.00008,0.0012,0.00009,0.00009,0.00016,0.00008,2.8418,0.00008,0.003,0.97963,0.31645,0.00008,0.00815,0.26452,0.00008,0.00008
204,68268.66,68268.65,68268.33,68268.19,68267.99,68267.49,68267.43,68267.42,68266.68,68266.62,68268.67,68268.68,68268.76,68269.27,68269.28,68269.35,68269.56,68269.57,68269.58,68270,1.88823,0.00008,0.00308,0.11174,0.30231,0.00008,0.69735,0.00008,0.00072,0.003,0.21765,0.00048,0.00008,0.00024,0.0118,0.00371,0.00008,0.00024,0.13242,0.0012
205,68276.27,68276.26,68276.16,68276,68275.59,68275.36,68274.99,68274.05,68274.04,68274,68276.28,68276.45,68276.46,68276.88,68277.71,68277.87,68277.88,68278.31,68278.32,68278.59,0.94562,0.00048,0.00369,0.00089,0.00008,0.00008,0.00008,0.00024,0.02508,0.0012,3.08907,0.00037,0.22864,0.003,0.0057,0.00016,0.02,0.00008,0.00008,0.003
206,68239.32,68239.31,68239.26,68239.16,68239.15,68239.14,68239.13,68239.12,68238.84,68238.83,68239.33,68239.34,68239.7,68239.71,68240.09,68240.1,68240.11,68241.48,68241.69,68241.79,1.5012,0.00186,0.003,0.00024,0.48418,0.01182,0.00016,0.12685,0.00008,0.02272,1.2701,0.00024,0.00016,0.01751,0.00016,0.00008,0.00008,0.00008,0.00008,0.00022
207,68274.23,68274.22,68274.17,68272.85,68272.84,68272.83,68272.82,68271.85,68271.75,68271.66,68274.24,68274.25,68274.59,68274.99,68275.17,68275.35,68275.51,68275.52,68276,68276.16,1.75201,0.00008,0.18029,0.00056,0.0136,0.16302,0.00016,0.00016,0.003,0.00008,0.28934,0.00072,0.00008,0.00008,0.00008,0.00008,0.00024,0.00822,0.00009,0.00024
208,68251.5,68251.49,68250.46,68250.45,68250,68249.1,68249.09,68249.08,68248.35,68248.31,68251.51,68251.52,68251.53,68251.54,68251.55,68251.58,68251.6,68251.68,68252.27,68252.45,0.002,0.00032,0.00008,0.00068,0.00009,0.00008,0.00008,0.00008,0.00008,0.00008,3.04071,0.17532,0.96644,0.17524,0.22524,0.00883,0.05008,0.00008,0.00128,0.00024
209,68188.39,68188.38,68187.96,68187.84,68187.6,68187.44,68187.43,68186.38,68186.37,68186.35,68188.4,68188.41,68189.06,68189.82,68189.97,68190,68190.01,68190.32,68190.33,68190.34,1.61853,0.00008,0.003,0.00016,0.00008,0.00016,0.05582,0.00741,0.00016,0.00022,0.03719,0.02309,0.00008,0.00155,0.00008,0.00008,0.00008,0.00008,0.00008,0.00008
210,68204,68203.99,68203.71,68203.7,68203.56,68203.55,68203.29,68203.2,68202,68201.92,68204.01,68204.02,68204.39,68204.4,68205.04,68205.05,68205.06,68205.32,68205.37,68205.38,0.23153,0.00056,0.00015,0.00371,0.00016,0.48436,0.00008,0.00052,0.0012,0.00008,2.7036,0.00008,0.00016,0.00795,0.00008,0.00741,0.00308,0.00008,0.00016,0.01494
211,68224.51,68224.5,68224.46,68224.45,68224.11,68224.1,68223.87,68223.75,68222.76,68222.75,68224.52,68224.53,68224.8,68225.04,68225.33,68225.93,68225.94,68226,68226.24,68226.47,1.82008,0.05024,0.00016,0.05008,0.00016,0.13232,0.003,0.00008,0.00016,0.08232,0.39226,0.00048,0.00088,0.00008,0.00008,0.00024,0.01063,0.0012,0.00247,0.00008
212,68204.54,68204.53,68204.33,68204.23,68204,68203.2,68202.86,68202.85,68202.71,68202.64,68204.55,68204.56,68204.6,68205.06,68205.25,68206.77,68207.91,68208,68208.01,68208.33,0.00167,0.00048,0.00088,0.00073,0.0012,0.00009,0.00024,0.05008,0.00198,0.00016,3.39491,0.46639,0.05008,0.00308,0.01107,0.003,0.10016,1.1721,0.20129,1.05564
213,68217.97,68217.96,68217.42,68217.4,68217.33,68217.32,68217.03,68217.01,68216.31,68216.27,68217.98,68217.99,68218.38,68218.96,68219.65,68220.21,68221.01,68221.4,68221.71,68222.71,1.18469,0.02096,0.00016,0.00008,0.00016,0.13236,0.003,0.00008,0.00372,0.00016,0.65342,0.00016,0.00008,0.00008,0.00008,0.00049,0.00008,0.00031,0.00008,0.00016
214,68208,68207.99,68207.02,68207.01,68206.36,68206.35,68206.04,68206,68205.8,68205.77,68208.01,68208.24,68208.25,68208.39,68208.48,68209.22,68209.23,68210.19,68210.25,68210.26,0.84615,0.00465,0.00024,0.13205,0.00016,0.0118,0.00015,0.0012,0.00009,0.00008,2.39182,0.00016,0.47691,0.00008,0.003,0.00033,0.45854,0.003,0.00733,0.00664
215,68180.73,68180.72,68180.01,68180,68179.99,68179.84,68179.79,68179.41,68179.39,68179.38,68180.74,68180.75,68181.54,68181.62,68181.63,68181.75,68181.79,68181.96,68182,68182.01,1.83763,0.00008,0.00016,0.45886,0.14407,0.00016,0.00016,0.003,0.00016,0.48453,0.39172,0.00048,0.00008,0.00024,0.02508,0.00008,0.00008,0.00009,0.0012,0.003
216,68054.8,68054.79,68054.73,68054.58,68053.88,68053.4,68053.39,68053.38,68053.34,68053.26,68054.81,68054.82,68055.21,68055.25,68056.64,68057.19,68057.3,68057.74,68057.91,68058.54,3.50018,0.00034,0.17237,0.003,0.15575,0.7912,0.79213,0.04009,0.24362,0.00042,0.01512,0.00032,0.00008,0.00008,0.00029,0.00008,0.00008,0.00109,0.00008,0.00008
217,68101.79,68101.78,68101.76,68101.75,68101.71,68101.7,68101.62,68101.41,68101.4,68101.39,68101.8,68101.81,68101.86,68101.87,68102,68102.02,68102.09,68102.1,68102.8,68102.84,2.01527,0.01199,0.00016,0.05016,0.00016,0.05008,0.00757,0.00016,0.48516,0.00008,0.50741,0.00056,0.00024,0.13263,0.0012,0.00368,0.00008,0.00089,0.00008,0.00008
218,68127.79,68127.78,68127.76,68127.75,68127.71,68127.7,68127.57,68127.56,68126.89,68126.4,68127.8,68127.81,68128,68128.47,68129.06,68129.14,68129.32,68129.35,68129.6,68129.98,2.29947,0.00008,0.00016,0.05016,0.00016,0.05008,0.00024,0.11293,0.00415,0.003,0.30312,0.00056,0.0012,0.00008,0.00008,0.00368,0.00009,0.00089,0.00008,0.0049
219,68166.39,68166.38,68166.06,68166.05,68165.1,68164.02,68163.84,68163.83,68163.72,68162.32,68166.4,68166.41,68166.8,68167.31,68167.32,68168,68168.21,68168.28,68168.29,68168.3,2.12458,0.14407,0.00016,0.01182,0.00008,0.003,0.00016,0.01476,0.00008,0.00741,0.89964,0.00048,0.00009,0.00024,0.12697,0.0008,0.00008,0.00024,0.01491,0.01853
220,68128.98,68128.97,68128.76,68128.53,68128.52,68128.47,68128.3,68128.29,68128.25,68128.13,68128.99,68129,68129.8,68130.28,68130.29,68130.68,68131.54,68131.8,68132.96,68132.97,1.64149,0.00008,0.00024,0.00016,0.48505,0.00008,0.00016,0.14697,0.00008,0.00016,0.67507,0.00725,0.00008,0.00016,0.13894,0.00008,0.00008,0.00008,0.00008,0.00008
221,68122.53,68122.52,68122.51,68122,68121.81,68121.61,68121.6,68121.55,68121.43,68121.35,68122.54,68122.55,68122.79,68125.12,68125.13,68125.14,68125.51,68126.4,68126.82,68126.83,0.92967,0.00033,0.02972,0.0012,0.00008,0.00016,0.01505,0.00022,0.00008,0.00027,1.05081,0.00016,0.00016,0.00008,0.00008,0.00008,0.00008,0.003,0.00008,0.00008
222,68209.48,68209.47,68209.43,68208.6,68208.59,68208.39,68208,68207.99,68207.8,68207.38,68209.49,68209.5,68209.52,68210.19,68210.65,68211.34,68211.35,68211.36,68211.72,68211.73,0.05447,0.00072,0.00008,0.00008,0.00008,0.00008,0.00024,0.01111,0.00008,0.00008,3.53976,1.05556,0.01475,0.003,0.46329,0.00022,0.12016,0.00008,0.00016,0.04015
223,68254,68253.99,68253.33,68253.32,68253.08,68252.96,68252.83,68252.82,68252.81,68252.6,68254.01,68254.02,68254.09,68254.65,68254.7,68255.01,68256.09,68256.36,68256.37,68258.06,0.88579,0.01305,0.00024,0.1467,0.00008,0.00011,0.00008,0.00024,0.22436,0.00009,3.10747,0.00009,0.00008,0.003,0.00008,0.00008,0.00758,0.003,0.07,0.00733
224,68204.47,68204.46,68203.97,68201.94,68201.93,68201.92,68201.73,68200.3,68200.25,68198.74,68204.48,68204.49,68204.93,68204.94,68205.06,68205.1,68205.32,68205.33,68205.49,68205.54,0.44864,0.00188,0.00008,0.00024,0.00758,0.00008,0.00008,0.00008,0.00016,0.00016,3.30187,0.00008,2.37149,0.39795,0.00308,0.00024,0.00008,0.00016,0.00016,0.00011
225,68192,68191.99,68191.76,68191.74,68191.73,68191.72,68190.69,68190.44,68190.2,68190.08,68192.01,68192.02,68193.09,68193.44,68193.45,68193.47,68193.48,68193.73,68194.8,68195.07,1.1516,0.0335,0.00011,0.00008,0.00016,0.00016,0.00088,0.00363,0.00009,0.00016,1.53793,0.00008,0.003,0.00024,0.00008,0.00024,0.04008,0.00008,0.003,0.00008
226,68187.48,68187.47,68187.27,68187.12,68187.11,68186.92,68186,68185.47,68185.3,68185.08,68187.49,68187.5,68187.59,68187.6,68187.96,68188.21,68188.22,68188.27,68188.41,68188.55,0.74973,0.01402,0.00008,0.00008,0.00008,0.00242,0.0012,0.00363,0.00008,0.00008,2.71613,0.00064,0.00016,0.00986,0.003,0.00016,0.0082,0.00008,0.00008,0.00008
227,68225.99,68225.98,68225.96,68225.95,68225.91,68225.9,68225.66,68225.62,68225.61,68225.16,68226,68226.01,68226.08,68226.54,68226.6,68227.15,68227.77,68227.78,68227.83,68227.89,1.58731,0.00064,0.00024,0.05016,0.00016,0.05008,0.00393,0.00016,0.12693,0.00024,0.91988,0.00032,0.00008,0.00016,0.00009,0.00008,0.00016,0.01048,0.00008,0.00028
228,68284.21,68284.2,68284.19,68284.18,68284.16,68284.15,68283.24,68283.21,68283.11,68283.1,68284.22,68284.23,68284.37,68284.86,68284.87,68284.98,68285.34,68285.7,68285.71,68285.72,3.15449,0.81148,0.00016,0.05574,0.00016,0.05016,0.00799,0.01453,0.00732,0.00008,0.32834,0.0008,0.00073,0.00024,0.13851,0.00008,0.00033,0.00024,0.01227,0.01008
229,68216,68215.99,68215.95,68215.9,68215.89,68215.81,68215.12,68215.11,68215.05,68214.86,68216.01,68216.02,68216.04,68216.05,68216.09,68216.1,68217.6,68217.69,68217.82,68217.83,1.65209,0.00008,0.00008,0.00016,0.13212,0.00009,0.00016,0.01182,0.00008,0.00009,0.37742,0.0004,0.00024,0.05016,0.00024,0.05016,0.00008,0.00315,0.00024,0.00923
230,68206.14,68206.13,68206.12,68206.03,68206.02,68206.01,68205.99,68205.98,68205.33,68205.06,68206.15,68206.16,68206.58,68206.69,68206.77,68206.84,68207.06,68207.37,68207.79,68208,0.63665,0.00072,0.00587,0.00008,0.00008,0.00017,0.00008,0.00531,0.00008,0.00008,3.9879,0.00824,0.00016,0.13219,0.003,0.0186,0.04008,0.00008,0.00008,0.00136
231,68196.01,68196,68195.99,68195.93,68195.48,68195.47,68195.4,68195.32,68195.31,68195.1,68196.02,68196.03,68197.82,68198.22,68198.4,68199.18,68199.93,68199.96,68199.97,68199.98,1.2388,0.00208,0.01708,0.00481,0.00024,0.03858,0.00009,0.00016,0.12694,0.00008,1.94425,0.0078,0.00008,0.003,0.00008,0.00008,0.003,0.00016,0.00756,0.14415
232,68192.13,68192.12,68191.74,68191.01,68190.7,68190.44,68190.43,68190.33,68190.01,68190,68192.14,68192.15,68192.61,68192.7,68192.71,68192.79,68192.8,68193.04,68193.09,68193.31,2.31371,0.09454,0.00008,0.00008,0.00008,0.00016,0.03046,0.00008,0.00016,0.15817,1.06386,0.0043,0.0024,0.00024,0.05,0.00008,0.00009,0.00008,0.003,0.00024
233,68155.94,68155.93,68155.52,68155.4,68155.39,68155.38,68155.11,68154.85,68154.71,68154.7,68155.95,68155.96,68155.97,68155.98,68155.99,68156,68156.4,68156.46,68156.5,68156.51,1.92656,0.18532,0.00016,0.00016,0.01488,0.00824,0.00008,0.00008,0.00016,0.01476,0.67505,0.00479,0.00008,0.00008,0.00008,0.0012,0.00009,0.00241,0.00024,0.1272
234,68120.99,68120.98,68120,68118.48,68118.18,68118.03,68118.02,68118,68117.83,68117.41,68121,68121.01,68121.04,68121.05,68121.27,68121.37,68121.81,68122.96,68122.98,68124.15,0.14884,0.00298,0.00129,0.00008,0.00242,0.00024,0.48504,0.0012,0.00008,0.00484,3.44587,0.00008,0.00016,0.05016,0.003,0.05574,0.00008,0.04108,0.003,0.00008
235,68096,68095.99,68095.96,68095.95,68095.88,68095.87,68095.83,68095.78,68095.66,68095.65,68096.01,68096.02,68096.45,68096.46,68096.86,68098.5,68099.16,68099.2,68099.21,68100.01,1.38902,0.00008,0.00016,0.05008,0.00016,0.48528,0.00072,0.00741,0.00016,0.02272,0.5458,0.00032,0.00024,0.12716,0.00008,0.00008,0.00016,0.00008,0.00075,0.00008
236,68149.54,68149.53,68149.47,68149.46,68148.69,68148.68,68148.61,68148.6,68148.59,68148.45,68149.55,68149.56,68149.67,68149.68,68149.79,68150,68150.3,68150.31,68150.34,68150.75,1.47271,0.00185,0.00016,0.00741,0.00016,0.12697,0.00016,0.01267,0.12526,0.00008,1.35536,0.00032,0.00008,0.00016,0.00089,0.0012,0.00024,0.05016,0.003,0.00008
237,68120.99,68120.98,68120.26,68120,68119.85,68119.65,68119.64,68119.39,68119.38,68119.3,68121,68121.01,68121.24,68121.25,68121.27,68121.39,68121.4,68121.81,68122.61,68122.64,0.59281,0.00835,0.0001,0.00129,0.00024,0.00008,0.00016,0.00008,0.00008,0.00024,5.51983,0.00028,0.00016,0.00803,0.003,0.00016,0.0086,0.00008,0.00008,0.00009
238,68076.81,68076.8,68076.68,68076.42,68076.41,68076,68075.8,68075.5,68075.27,68075.24,68076.82,68076.83,68076.85,68076.86,68077.45,68078.28,68078.52,68078.53,68078.97,68079.01,0.00115,0.0004,0.00009,0.00483,0.00008,0.0012,0.00009,0.0015,0.00008,0.00008,4.9345,0.31899,1.53586,0.44437,0.08016,0.07008,0.04462,0.32431,0.00031,0.00008
239,68080.12,68080.11,68080,68079.91,68079.9,68079.89,68078.52,68078.45,68078.41,68078.4,68080.13,68080.14,68081.01,68081.02,68081.17,68081.85,68083.53,68083.71,68083.72,68085.17,1.66378,0.03133,0.0004,0.00008,0.00008,0.00268,0.00308,0.00008,0.00008,0.00009,6.08582,0.00032,0.00016,0.02008,0.00008,0.00119,0.00031,0.00016,0.05008,0.00742
240,68015.24,68015.23,68015.22,68014,68013.99,68013.65,68013.54,68012.29,68011.92,68011.91,68015.25,68015.26,68016,68016.37,68016.74,68016.75,68016.84,68016.85,68017.05,68017.06,1.33277,0.00032,0.21168,0.00016,0.48595,0.00008,0.003,0.00008,0.00008,0.00024,1.06713,0.00032,0.00129,0.00159,0.00032,0.03,0.00008,0.00008,0.00008,0.00029
241,68026.79,68026.78,68026.29,68025.51,68025.24,68025.23,68024.62,68024.61,68024.59,68024.55,68026.8,68026.81,68027.22,68027.28,68027.32,68027.97,68028,68028.57,68029,68029.44,3.25177,0.00008,0.00255,0.003,0.00008,0.44452,1.46773,0.14134,0.14885,0.01471,0.00609,0.00024,0.00089,0.00008,0.00008,0.00008,0.0012,0.00008,0.00009,0.00447
242,68042.03,68042.02,68042.01,68042,68041.99,68041.89,68041.79,68041.78,68040.82,68040.79,68042.04,68042.05,68042.1,68042.31,68042.96,68042.97,68043.91,68043.99,68044,68044.01,0.93741,0.00072,0.15357,0.00129,0.00008,0.00008,0.00016,0.48559,0.00089,0.00008,0.51673,0.00048,0.00046,0.0016,0.00018,0.00008,0.00308,0.00024,0.16124,0.10478
243,68074.51,68074.5,68074.49,68074.46,68074.45,68074.08,68074.07,68073.68,68073.39,68073.01,68074.52,68074.53,68074.86,68075.19,68075.2,68075.21,68075.72,68075.73,68075.8,68076,0.83929,0.05056,0.11282,0.00024,0.05024,0.00024,0.48536,0.00008,0.003,0.00025,0.67816,0.00032,0.00089,0.00008,0.00016,0.02272,0.00008,0.0036,0.00009,0.0012
244,68032.81,68032.8,68032.58,68032.57,68032.35,68032.31,68032.3,68032.29,68032.07,68032,68032.82,68032.83,68032.98,68033.44,68034.13,68034.18,68034.19,68034.29,68034.79,68034.86,0.95226,0.01063,0.00016,0.0024,0.003,0.00008,0.00008,0.00032,0.00008,0.0012,0.96356,0.01231,0.00008,0.00016,0.00008,0.00016,0.05016,0.00008,0.00008,0.00016
245,68049.99,68049.98,68049.43,68048.55,68046.44,68046.43,68045.22,68045.21,68044.8,68044.79,68050,68050.01,68050.42,68051.88,68052,68052.32,68052.4,68052.85,68053.06,68053.25,1.58161,0.3531,0.35027,0.00008,0.1399,1.77665,0.2102,0.53936,0.45991,0.3712,1.00002,0.00008,0.00008,0.00008,0.0004,0.00031,0.00009,0.00189,0.0007,0.003
246,68070.93,68070.92,68070.91,68069.35,68069.34,68068.9,68068.53,68068.16,68067.99,68066.93,68070.94,68070.95,68071.62,68071.68,68071.85,68071.86,68072,68072.3,68072.52,68072.53,0.9613,0.00232,0.07851,0.00044,0.14711,0.00008,0.00008,0.00029,0.00381,0.00015,1.60747,0.0004,0.00008,0.003,0.00008,0.00008,0.0012,0.00008,0.00008,0.00032
247,68076.63,68076.62,68076.41,68076.26,68076.25,68076,68075.8,68075.73,68075.52,68075.51,68076.64,68076.65,68076.66,68076.81,68076.95,68076.96,68078.51,68078.52,68079.13,68079.22,0.4879,0.00056,0.00008,0.00024,0.01176,0.0008,0.00009,0.00008,0.00016,0.12712,2.34967,0.00024,0.14949,0.003,0.00758,0.05574,0.00024,0.00308,0.00008,0.00742
248,68108.4,68108.39,68108.35,68108.34,68108.14,68108.13,68107.69,68107.68,68107.59,68107.1,68108.41,68108.42,68108.49,68109.99,68110,68110.34,68110.5,68111.47,68111.57,68111.82,1.23025,0.06623,0.00008,0.00016,0.00024,0.00824,0.00024,0.01462,0.003,0.00008,4.17503,0.00032,0.00008,0.00016,1.0012,0.00048,0.00008,0.0024,0.01035,0.00008
249,68120.99,68120.98,68120.97,68120.96,68120.95,68120.88,68120.87,68120,68119.56,68119.38,68121,68121.01,68121.81,68124.01,68124.15,68124.99,68125,68125.14,68125.15,68125.31,1.57128,0.00048,0.02987,0.00016,0.12702,0.00016,0.4851,0.00129,0.003,0.00008,0.69189,0.0004,0.00008,0.00281,0.00008,0.00024,0.07248,0.00016,0.00508,0.00008
250,68166.39,68166.38,68166.37,68166.36,68166.35,68166.31,68166.3,68166.11,68165.97,68165.96,68166.4,68166.41,68166.66,68166.67,68166.8,68167.23,68167.99,68168,68168.43,68168.8,2.77758,0.11531,0.08101,0.00016,0.05016,0.00016,0.05008,0.00733,0.00008,0.12719,0.06144,0.00048,0.00072,0.00168,0.00009,0.0024,0.00008,0.0012,0.00008,0.00009
251,68198.51,68198.5,68198.4,68198.22,68197.83,68196.51,68196.46,68195.24,68195.23,68195.07,68198.52,68198.53,68199.63,68199.99,68200,68200.1,68200.29,68200.6,68200.92,68200.93,3.37555,0.00008,0.00008,0.003,0.00008,0.003,0.00008,1.7771,0.00958,0.00008,0.21799,0.00024,0.00479,0.00024,0.09313,0.0006,0.00008,0.00009,0.00032,0.05008
252,68184.21,68184.2,68184.19,68184.02,68184.01,68184,68183.88,68183.57,68183.5,68183.04,68184.22,68184.23,68184.24,68184.25,68184.29,68184.3,68184.54,68185.08,68186.21,68186.22,0.11313,0.0226,0.00008,0.00024,0.48466,0.01937,0.00088,0.00008,0.00008,0.00008,4.30238,0.00008,0.00016,0.05008,0.00016,0.05008,0.003,0.00008,0.0082,0.00016
253,68156.39,68156.38,68156.32,68156,68155.64,68155.54,68155.31,68155.11,68154.17,68154,68156.4,68156.41,68156.68,68157.04,68157.05,68157.18,68157.57,68157.67,68158.44,68158.89,1.69268,0.04826,0.00024,0.0012,0.00009,0.00008,0.00008,0.00008,0.00008,0.0012,2.53038,0.00008,0.00133,0.00016,0.12693,0.003,0.00008,0.00008,0.00008,0.003
254,68141.55,68141.54,68141.21,68140.8,68140.31,68140.07,68140.06,68140,68138.63,68138.53,68141.56,68141.57,68141.79,68142.49,68142.68,68142.75,68142.76,68142.96,68142.97,68142.98,0.47237,0.0004,0.00008,0.00009,0.00008,0.00024,0.15176,0.0012,0.00031,0.00051,2.97666,0.00008,0.00308,0.44415,0.00009,2.07185,0.38947,0.05574,1.3239,0.12696
255,68131.72,68131.53,68131.25,68131.24,68130.99,68130.9,68130.24,68129.97,68129.96,68129.82,68131.73,68131.74,68131.8,68132,68132.25,68132.81,68133,68134,68134.01,68134.58,3.1431,0.003,0.48509,0.19806,0.00008,0.00008,0.00016,0.00734,0.14391,0.003,0.00938,0.00032,0.00008,0.0012,0.00209,0.00008,0.00009,0.00152,0.00877,0.00015
256,68129.17,68129.16,68128.93,68128.47,68128,68127.8,68127.73,68127.72,68127.57,68127.31,68129.18,68129.19,68129.2,68129.24,68129.25,68129.47,68129.48,68129.61,68129.62,68129.7,0.4505,0.01959,0.00008,0.00008,0.0012,0.00009,0.00008,0.00008,0.00008,0.00359,4.77743,0.00024,0.05016,0.00016,0.05008,0.00016,0.00881,0.00016,0.42641,0.00008
257,68174.48,68174.47,68174.46,68174.45,68174.41,68174.4,68174.02,68174.01,68174,68173.04,68174.49,68174.5,68175.09,68175.38,68175.99,68176.77,68176.78,68176.79,68176.8,68177.26,2.56452,0.00064,0.00016,0.05016,0.00016,0.05008,0.00016,0.28748,0.00736,0.00016,0.70254,0.00031,0.00008,0.00025,0.00008,0.00024,0.01182,0.00016,0.12682,0.00008
258,68197.49,68197.48,68197.47,68197.46,68196.13,68195.07,68194.8,68193.09,68192.8,68192.03,68197.5,68197.51,68197.87,68197.88,68198,68198.3,68198.31,68198.4,68198.67,68198.68,0.49256,0.00024,0.00024,0.4848,0.00008,0.00008,0.003,0.003,0.00008,0.00034,1.33455,0.00104,0.00016,0.02264,0.00129,0.00016,0.0082,0.00008,0.00016,0.13854
259,68189.14,68189.13,68188.96,68188.41,68188.16,68188,68187.97,68187.96,68187.86,68187.59,68189.15,68189.16,68189.64,68189.65,68189.79,68189.8,68190,68190.11,68190.2,68190.5,1.61835,0.14203,0.00008,0.00008,0.0083,0.00026,0.00016,0.1108,0.00008,0.00793,0.62511,0.00032,0.00008,0.00008,0.00008,0.00008,0.0004,0.00359,0.00009,0.00008
260,68192.59,68192.58,68192.49,68192.2,68192.19,68192,68191.74,68191.69,68191.62,68191.44,68192.6,68192.61,68192.64,68192.65,68193.73,68194,68194.01,68194.8,68195.07,68195.09,1.47431,0.00176,0.00024,0.00024,0.4846,0.0012,0.00008,0.00008,0.00489,0.00008,1.65619,0.00992,0.00016,0.05,0.00008,0.00016,0.1252,0.003,0.00008,0.00828
261,68170.24,68170.23,68170.22,68170.2,68170.19,68170,68169.58,68169.54,68169.4,68169.33,68170.25,68170.26,68170.51,68170.52,68170.53,68170.78,68171.22,68171.76,68172,68172.01,2.88084,1.46785,0.1654,0.00016,0.48483,0.00128,0.00008,0.0001,0.00018,0.0144,0.27812,0.00016,0.00024,0.00785,0.00008,0.0014,0.00008,0.00008,0.00008,0.00008
262,68174.36,68174.35,68172.9,68172.59,68172,68171.76,68171.36,68170.86,68170.67,68170.66,68174.37,68174.38,68174.39,68174.4,68174.44,68174.45,68175.09,68175.13,68175.84,68175.99,0.95202,0.00048,0.00399,0.00008,0.0012,0.00008,0.00012,0.003,0.00024,0.01471,3.41424,0.00008,0.00016,0.05,0.00016,0.05,0.00008,0.00008,0.00808,0.00308
263,68177.98,68177.97,68177.72,68177.71,68176.98,68176.97,68176.96,68176.95,68176.09,68176.08,68177.99,68178,68178.09,68178.1,68178.39,68178.4,68178.42,68178.72,68179.4,68179.41,1.56196,0.00048,0.00016,0.08078,0.00016,0.24315,0.01518,0.53818,0.00797,0.00009,0.85634,0.00152,0.00008,0.00129,0.00024,0.01174,0.00008,0.00008,0.00008,0.003
264,68188.41,68188.4,68188.09,68188.08,68188.07,68187.6,68187.49,68187.48,68187.35,68186.91,68188.42,68188.43,68188.75,68188.76,68189.04,68189.86,68189.87,68189.95,68189.96,68190,1.65213,0.00064,0.00016,0.00944,0.009,0.00017,0.00016,0.01473,0.00008,0.00008,0.96151,0.00016,0.00024,0.1387,0.00008,0.00008,0.00008,0.00008,0.01453,0.00135
265,68189.65,68189.64,68188.42,68188.41,68188.28,68187.97,68187.96,68187.62,68187.61,68187.6,68189.66,68189.67,68189.99,68190,68190.03,68190.2,68190.48,68190.7,68190.75,68191,2.63878,0.12064,0.00029,0.00008,0.00008,0.00741,0.003,0.00016,0.11151,0.00023,0.73891,0.00024,0.00008,0.0012,0.00595,0.00009,0.00595,0.00088,0.00494,0.00008
266,68218.85,68218.84,68218.82,68218.81,68218.8,68218.73,68218.71,68218.7,68218.56,68218.38,68218.86,68218.87,68219.21,68219.32,68219.33,68219.93,68219.94,68220,68220.24,68220.45,1.51376,0.26638,0.00016,0.48425,0.00008,0.00008,0.00038,0.00008,0.00008,0.00025,0.91417,0.00008,0.00008,0.00008,0.00008,0.00008,0.00008,0.0012,0.00229,0.003
267,68173.59,68173.58,68172.87,68172.59,68172.58,68172.57,68172.44,68172.43,68171.76,68171.03,68173.6,68173.61,68174,68174.14,68174.15,68174.37,68174.6,68175.09,68175.38,68176,2.55439,0.00194,0.07573,0.00008,0.00057,0.003,0.49442,0.00008,0.00008,0.01459,0.28098,0.0004,0.0012,0.00008,0.00008,0.00371,0.00009,0.00008,0.00009,0.0012
268,68166.81,68166.8,68166.79,68166.46,68166,68165.77,68165.4,68165.1,68165.09,68164.95,68166.82,68166.83,68166.84,68166.85,68166.89,68166.9,68167.44,68167.64,68167.65,68167.8,0.70126,0.00097,0.0997,0.00015,0.0012,0.00008,0.00494,0.00008,0.00008,0.00008,1.44424,0.00024,0.00016,0.05016,0.00016,0.05016,0.003,0.00016,0.01108,0.00008
269,68129.21,68129.2,68128.47,68128.46,68128.16,68128.15,68128.11,68127.99,68127.75,68126.92,68129.22,68129.23,68129.35,68129.99,68130,68130.29,68130.4,68131.36,68131.4,68131.41,1.5797,0.00008,0.00024,0.11842,0.00016,0.73277,0.003,0.0082,0.00008,0.00026,0.39146,0.0004,0.00089,0.00024,0.1028,0.00008,0.00009,0.00016,0.00016,0.01176
270,68096.28,68096.27,68096.26,68096.25,68096.21,68096.2,68095.62,68095.51,68095.17,68094.76,68096.29,68096.3,68096.51,68096.52,68096.54,68096.6,68097.59,68097.6,68097.61,68097.62,2.18559,0.00024,0.00016,0.05016,0.00016,0.05008,0.003,0.00008,0.00008,0.00016,0.80979,0.12762,0.00008,0.00008,0.00008,0.00009,0.00008,0.00008,0.00016,0.00808
271,68118.47,68118.46,68118.45,68118.01,68118,68117.99,68117.85,68117.4,68117.39,68116.64,68118.48,68118.49,68119.36,68120,68120.05,68120.16,68120.17,68121.42,68121.81,68121.97,1.72626,0.00024,0.06717,0.00016,0.14415,0.12727,0.003,0.00008,0.00008,0.00024,0.44052,0.0004,0.00016,0.00129,0.00008,0.00395,0.025,0.00008,0.00008,0.003
272,68148.54,68148.53,68148.52,68148.45,68147.99,68147.98,68147.97,68147.8,68147.79,68147.78,68148.55,68148.56,68148.63,68148.64,68148.99,68149,68149.39,68149.73,68149.78,68150.07,1.01581,0.00062,0.14996,0.00008,0.00008,0.00008,0.00077,0.00008,0.0006,0.00008,1.80861,0.00024,0.003,0.00008,0.00016,0.00981,0.00008,0.00008,0.00008,0.00008
273,68157.88,68157.87,68157.86,68157.85,68157.3,68157.29,68157.28,68157.18,68157.06,68156.97,68157.89,68157.9,68157.94,68157.95,68158.37,68158.44,68158.94,68159.4,68159.59,68159.6,0.99055,0.03816,0.00016,0.12704,0.00016,0.48468,0.00008,0.003,0.00008,0.00024,0.41784,0.05064,0.00024,0.05,0.00016,0.00016,0.00008,0.00371,0.00016,0.12704
274,68182.25,68182.24,68181.75,68181.12,68181,68180.99,68180.98,68180.9,68180.89,68180.83,68182.26,68182.27,68182.4,68182.54,68183.24,68183.25,68183.66,68183.85,68183.86,68183.88,1.95595,0.00008,0.00008,0.003,0.00016,0.48474,0.00836,0.00016,0.0421,0.00016,0.36198,0.00008,0.00009,0.00494,0.00008,0.00008,0.00016,0.00008,0.00008,0.00089
275,68243.16,68243.15,68243.05,68243.04,68242.2,68242,68241.69,68241.57,68241.22,68241.21,68243.17,68243.2,68243.63,68244,68244.01,68244.36,68244.39,68244.9,68244.91,68245.02,0.12216,0.0004,0.00008,0.00016,0.00009,0.0008,0.00008,0.00008,0.00024,0.48409,2.53818,0.00008,0.00008,0.00016,0.21879,0.00249,0.003,0.00016,0.04008,0.00008
276,68242.39,68242.38,68242.37,68241.89,68241.69,68241.49,68241.34,68241.33,68240.97,68240.8,68242.4,68242.41,68242.44,68242.45,68242.51,68242.52,68242.95,68242.96,68244,68244.2,2.27488,0.14415,0.50391,0.00794,0.00008,0.00008,0.00016,0.05574,0.003,0.00008,0.60901,0.00016,0.00024,0.05,0.00008,0.00008,0.00008,0.00008,0.0012,0.00008
277,68249.08,68249.07,68248.35,68248.23,68248.22,68247.81,68247.78,68247.62,68247.24,68247.23,68249.09,68249.1,68249.14,68249.15,68250,68250.34,68251.23,68251.68,68252,68252.09,1.99989,0.00008,0.00008,0.00016,0.12702,0.003,0.00797,0.00068,0.00016,0.05582,0.30274,0.05032,0.00024,0.05,0.00173,0.00008,0.003,0.00008,0.0012,0.00119
278,68241.17,68241.16,68240.97,68240.14,68240.13,68240,68239.99,68239.6,68239.59,68239.51,68241.18,68241.19,68241.37,68241.38,68241.69,68242,68242.18,68242.2,68242.21,68243.18,3.24818,0.00008,0.003,0.00008,0.00008,0.48578,0.00008,1.3239,0.50439,0.01474,0.00153,0.00032,0.00008,0.00008,0.00008,0.0012,0.00374,0.00033,0.01008,0.00008
279,68214.82,68214.81,68214.38,68214.37,68214,68213.6,68213.52,68212.68,68212.67,68212.23,68214.83,68214.84,68214.85,68214.87,68214.89,68214.9,68215.05,68215.14,68215.15,68215.32,0.3421,0.0008,0.00024,0.48428,0.0012,0.00009,0.00008,0.00008,0.00524,0.00375,3.06692,0.00024,0.05016,0.00008,0.00016,0.05008,0.00008,0.00016,0.05574,0.003
280,68239.99,68239.98,68239.95,68239.9,68239.69,68239.38,68239.26,68239.18,68239.17,68238.8,68240,68240.01,68240.11,68240.58,68240.79,68240.88,68240.89,68241.18,68241.56,68241.69,2.71129,0.00008,0.05016,0.05008,0.00288,0.07008,0.003,0.4844,0.04245,0.11777,0.00528,0.00032,0.00008,0.00375,0.00008,0.00008,0.00008,0.00009,0.00008,0.00008
281,68235.41,68235.4,68235.22,68235.21,68235.1,68235.04,68235.03,68234.66,68234.4,68234.32,68235.42,68235.43,68236.28,68236.29,68236.3,68236.7,68237.06,68237.28,68238.34,68238.35,0.94738,0.00064,0.00016,0.48413,0.00518,0.00024,0.00008,0.00008,0.00009,0.00824,0.4106,0.00479,0.00008,0.00595,0.00587,0.00008,0.00008,0.00008,0.00016,0.05
282,68227.29,68227.28,68226.6,68226.24,68226.23,68226,68225.43,68225.11,68225.04,68224.79,68227.3,68227.31,68227.34,68227.35,68228.08,68228.34,68228.35,68228.36,68228.37,68228.5,1.01045,0.00056,0.00017,0.00024,0.4842,0.0012,0.00378,0.00008,0.00008,0.00088,1.97338,0.00024,0.00016,0.05008,0.00147,0.00016,0.00733,0.00024,0.00008,0.00008
283,68191.73,68191.72,68191.38,68191.01,68190.01,68190,68189.69,68189.67,68189.64,68189.57,68191.74,68191.75,68192,68192.01,68192.07,68192.08,68192.36,68192.79,68192.8,68192.91,2.64513,0.00008,0.17808,0.30204,0.00733,0.32811,0.00741,0.003,0.00008,0.00798,0.0428,0.0004,0.0008,0.00021,0.00008,0.00016,0.00008,0.00016,0.00009,0.00024
284,68240.27,68240.26,68239.26,68238.45,68238.36,68238.34,68238.06,68238.05,68238,68237.99,68240.28,68240.29,68241.06,68241.18,68241.69,68242,68242.2,68242.68,68243.18,68243.28,4.90146,0.53248,0.003,0.04,0.00008,0.37254,0.04022,0.19961,0.17508,0.00016,0.00104,0.00032,0.00253,0.00009,0.00008,0.0012,0.00009,0.00015,0.00008,0.0038
285,68362,68361.99,68361.8,68361.57,68361.54,68361.36,68361.13,68360.75,68360.5,68360.49,68362.01,68362.02,68362.37,68362.38,68362.82,68363.04,68363.66,68364.09,68364.36,68364.4,0.00443,0.00072,0.00009,0.00008,0.00008,0.00088,0.0007,0.00016,0.00008,0.0005,3.08072,0.00008,0.0659,0.003,0.38308,0.00147,0.02008,0.003,0.00723,0.01489
286,68362.76,68362.75,68362.38,68362.28,68362.26,68362.1,68362.02,68361.91,68361.8,68361.57,68362.77,68362.78,68362.79,68362.9,68364.9,68364.91,68364.92,68365.25,68365.33,68365.63,2.38594,0.00008,0.003,0.00016,0.00008,0.07008,0.00008,0.01472,0.00009,0.00008,0.32417,0.00048,0.00008,0.00008,0.00032,0.18415,0.17524,0.00008,0.00008,0.00008
287,68348.56,68348.55,68348.48,68348.47,68348.26,68348.25,68348.22,68348,68347.69,68347.61,68348.57,68348.58,68348.88,68349.25,68349.34,68349.35,68349.94,68350.31,68350.46,68351.58,2.36195,0.00008,0.00008,0.00024,0.00015,0.00008,0.00832,0.00128,0.00088,0.05574,0.33854,0.00174,0.00008,0.00008,0.00024,0.00942,0.00008,0.00008,0.00008,0.00016
288,68330.75,68330.74,68330.6,68330.52,68330.29,68330,68329.89,68329.47,68329.41,68329.19,68330.76,68330.77,68330.97,68331.6,68332,68332.01,68332.2,68332.5,68332.51,68333.31,1.59669,0.00008,0.00009,0.00498,0.03394,0.0012,0.003,0.0019,0.00373,0.13834,0.14306,0.00024,0.00016,0.00008,0.00024,0.0233,0.00008,0.00024,0.04008,0.00008
289,68296.95,68296.94,68296.8,68296.58,68296,68294.97,68294.83,68294.2,68294,68293.82,68296.96,68296.97,68297.4,68297.9,68298.3,68298.39,68298.4,68298.78,68298.8,68298.98,0.00604,0.00056,0.00009,0.0025,0.0012,0.00008,0.00015,0.00009,0.0012,0.00009,3.31855,0.22799,0.003,0.3916,0.00008,0.00021,0.00008,0.00008,0.00008,0.61467
290,68259.41,68259.4,68259.31,68259.3,68259.08,68259.07,68258.91,68258.54,68258.34,68258,68259.42,68259.43,68259.44,68259.45,68259.46,68259.48,68259.5,68259.78,68260.29,68260.3,0.30258,0.00097,0.00024,0.0373,0.00008,0.00016,0.00088,0.00008,0.00008,0.0012,2.64892,0.00008,0.00016,0.01514,0.0072,0.00008,0.00008,0.003,0.00016,0.12706
291,68262.51,68262.5,68262.32,68262.31,68262,68261.75,68261.69,68261.68,68261.67,68261.45,68262.52,68262.53,68262.64,68262.65,68262.66,68262.92,68263.02,68263.11,68263.2,68263.43,0.04898,0.00458,0.00016,0.00499,0.0012,0.00008,0.00032,0.02962,0.00008,0.00249,3.64993,0.00016,0.00016,0.14407,0.22003,0.00009,0.00008,0.0081,0.003,0.00016
292,68259.99,68259.98,68259.78,68259.46,68259.22,68258.34,68258.07,68257.86,68257.14,68257.13,68260,68260.01,68260.17,68260.18,68260.19,68260.4,68260.58,68260.92,68261.67,68262,1.89907,0.06814,0.02255,0.00008,0.00008,0.00008,0.003,0.00008,0.0074,0.00008,0.12249,0.00056,0.00015,0.00008,0.00008,0.00009,0.00008,0.00009,0.00008,0.0012
293,68250,68249.99,68249.08,68249.06,68248.35,68248,68247.99,68247.98,68247.76,68247.4,68250.01,68250.02,68250.6,68251.05,68251.06,68251.23,68251.34,68251.35,68251.68,68251.71,0.01995,0.00222,0.00008,0.00008,0.00008,0.0012,0.00024,0.02508,0.00009,0.00009,4.58617,0.46112,0.00016,0.00021,0.00008,0.003,0.87807,0.00016,0.00008,0.00008
294,68234.6,68234.59,68234.4,68234.14,68234.07,68234,68233.58,68233.26,68233.25,68233.1,68234.61,68234.62,68234.64,68234.65,68234.68,68234.69,68234.7,68234.76,68234.77,68234.85,1.2787,0.00056,0.00009,0.00057,0.00008,0.0012,0.00032,0.00016,0.12683,0.0025,1.26704,0.00072,0.00024,0.05016,0.00016,0.00016,0.05008,0.00016,0.01391,0.00008
295,68224.51,68224.5,68224.29,68224.01,68224,68223.97,68223.87,68223.51,68223.46,68223.08,68224.52,68224.53,68225.04,68226.21,68226.22,68226.66,68226.67,68226.9,68226.91,68227.59,2.32805,0.00589,0.10008,0.00016,0.00129,0.00008,0.003,0.00008,0.01475,0.00022,0.67648,0.0061,0.00008,0.00008,0.00008,0.00024,0.12682,0.00024,0.01182,0.00016
296,68267.5,68267.49,68267.45,68267.04,68266.72,68266.62,68266.43,68266.04,68265,68264.91,68267.51,68267.52,68267.74,68267.75,68268,68268.2,68268.33,68269.58,68270,68270.8,3.46687,0.00008,0.05,0.00998,0.00008,0.003,0.01474,0.00008,0.00008,0.003,0.40305,0.00064,0.00024,0.0051,0.0012,0.00009,0.00008,0.003,0.0012,0.00009
297,68258.91,68258.9,68258.39,68258.34,68258,68257.86,68257.8,68257.09,68256.59,68256.55,68258.92,68258.93,68259.27,68259.28,68259.31,68259.78,68260.75,68261.42,68261.43,68261.44,0.03293,0.0004,0.00376,0.00008,0.0012,0.00008,0.00009,0.00027,0.00008,0.00325,2.15337,0.00008,0.87828,0.00008,0.14378,0.003,0.00798,0.43742,0.38059,0.17516
