timestamp,bid_price_0,bid_price_1,bid_price_2,bid_price_3,bid_price_4,bid_price_5,bid_price_6,bid_price_7,bid_price_8,bid_price_9,ask_price_0,ask_price_1,ask_price_2,ask_price_3,ask_price_4,ask_price_5,ask_price_6,ask_price_7,ask_price_8,ask_price_9,bid_size_0,bid_size_1,bid_size_2,bid_size_3,bid_size_4,bid_size_5,bid_size_6,bid_size_7,bid_size_8,bid_size_9,ask_size_0,ask_size_1,ask_size_2,ask_size_3,ask_size_4,ask_size_5,ask_size_6,ask_size_7,ask_size_8,ask_size_9
0,67653.82,67653.81,67653.23,67653.1,67653.09,67652.36,67652.28,67652,67651.5,67651.25,67653.83,67653.84,67654,67654.06,67654.57,67654.6,67654.83,67654.84,67654.85,67654.86,1.05589,0.00008,0.00008,0.01184,0.13311,0.01487,0.00008,0.00026,0.003,0.00008,0.81334,0.0008,0.0012,0.00089,0.00008,0.00009,0.0375,0.03369,0.00008,0.01192
1,67747.57,67747.56,67747.16,67747.15,67747.14,67747.12,67745.82,67745.81,67745.77,67745.52,67747.58,67747.59,67747.61,67747.68,67747.98,67748,67748.2,67748.38,67748.39,67748.46,1.42823,0.0004,0.02422,0.01802,0.00008,0.00008,0.04749,0.01493,0.00008,0.00008,0.1935,0.00072,0.00008,0.00009,0.00462,0.002,0.00009,0.00008,0.05093,0.00008
2,67754,67753.99,67753.88,67753.4,67753.37,67753.2,67752.79,67752.62,67752.61,67752.53,67754.01,67754.02,67755.2,67755.46,67755.51,67756.36,67756.39,67756.57,67756.9,67757.02,0.00884,0.0004,0.00008,0.00009,0.00029,0.00008,0.13948,0.00008,0.0006,0.00008,3.22048,0.00008,0.003,0.00031,0.00008,0.16716,0.10993,0.00008,0.003,0.22273
3,67758.83,67758.68,67758.61,67758.12,67758.11,67757.93,67755.51,67755.24,67755.2,67754.19,67758.84,67758.85,67759.17,67760,67760.48,67760.49,67760.62,67760.79,67760.8,67760.84,0.54491,0.00008,0.00008,0.00008,0.01485,0.00008,0.00008,0.00009,0.003,0.03559,1.03138,0.00016,0.00461,0.0012,0.24653,0.4876,0.00008,0.00008,0.00008,0.00009
4,67771.61,67771.6,67771.02,67771.01,67770.76,67770.32,67770.31,67770,67769.71,67769.54,67771.62,67771.63,67772.16,67772.2,67772.78,67773.41,67773.46,67773.59,67773.6,67773.85,0.1104,0.00073,0.00008,0.02516,0.00008,0.00008,0.00008,0.03297,0.01182,0.00008,1.97824,0.00016,0.00008,0.003,0.00008,0.13313,0.00008,0.17536,0.33864,0.01122
5,67824.31,67824.3,67824,67823.6,67823.45,67823.42,67823.2,67822.84,67822.83,67822.82,67824.32,67824.33,67825.26,67825.44,67826.24,67826.59,67827.18,67827.52,67827.55,67828.69,1.10455,0.13324,0.0008,0.00009,0.00008,0.00089,0.003,0.03826,0.03195,0.03877,0.02481,0.00024,0.00008,0.00008,0.00008,0.00008,0.00008,0.00008,0.00008,0.00008
6,67863.61,67863.6,67862.84,67862.64,67862.63,67862.45,67862.44,67862.43,67862.3,67862.12,67863.62,67863.63,67863.97,67864,67864.14,67864.65,67865.18,67865.19,67865.2,67865.4,0.96266,0.00016,0.00837,0.00025,0.00008,0.03116,0.07578,0.10024,0.003,0.00009,0.45729,0.00056,0.00008,0.0012,0.00089,0.00008,0.04127,0.02054,0.04179,0.00008
7,67834.92,67834.91,67833.7,67833.59,67833.57,67833.29,67833.28,67833,67832.1,67832,67834.93,67834.94,67835.1,67835.43,67835.6,67836.74,67836.75,67836.76,67836.77,67836.79,0.03079,0.0004,0.00008,0.00008,0.00015,0.00008,0.00015,0.00044,0.00008,0.0008,1.15917,0.00016,0.003,0.00008,0.00008,0.01798,0.04893,0.00016,0.04962,0.00016
8,67765.23,67764.69,67764.68,67763.63,67763.62,67763.6,67763.33,67762.24,67762.23,67762.18,67765.24,67765.25,67765.5,67765.73,67765.74,67766,67766.03,67766.4,67766.57,67767.27,0.81406,0.00008,0.01182,0.02589,0.04306,0.04359,0.00008,0.02198,0.03482,0.00008,0.64392,0.00088,0.00008,0.05525,0.00008,0.004,0.00008,0.00009,0.03559,0.02516
9,67727.39,67727.26,67727.18,67727.16,67726.79,67726.3,67725.54,67725.53,67725.43,67725.42,67727.4,67727.73,67727.74,67727.94,67727.99,67728,67728.5,67728.54,67728.81,67728.87,0.84848,0.29257,0.0218,0.13788,1.51239,0.003,0.00008,0.22987,1.67536,2.06772,0.00017,0.00008,0.00008,0.00009,0.00008,0.0012,0.00233,0.00089,0.00008,0.00008
10,67799.99,67799.98,67799.57,67799.56,67799.54,67799.53,67799.14,67799.04,67799.03,67798.8,67800,67800.01,67800.2,67800.32,67800.48,67800.89,67800.96,67800.97,67801.05,67801.1,0.19005,0.0008,0.00008,0.13312,0.00008,0.00008,0.00008,0.00599,0.00599,0.00008,1.00889,0.00302,0.00009,0.00009,0.00008,0.00216,0.11956,0.13312,0.00008,0.003
11,67810.45,67810.44,67810.19,67809.99,67809.78,67809.77,67809.76,67809.27,67808.8,67808.79,67810.46,67810.47,67811.3,67811.75,67811.76,67811.96,67811.97,67812,67812.12,67813,0.83435,0.00104,0.00008,0.00008,0.00008,0.08508,0.12768,0.00008,0.03738,0.00008,1.67261,0.00597,0.003,0.09078,0.12768,0.111,0.00614,0.0004,0.00008,0.003
12,67834.97,67834.79,67834.78,67834.41,67834.22,67834.21,67833.4,67832.36,67832.35,67832.16,67834.98,67834.99,67835.43,67835.84,67835.85,67836,67836.55,67836.56,67836.6,67836.65,2.4744,0.42479,0.20724,0.00008,0.04,1.3617,0.003,0.00022,2.08974,0.00024,0.00516,0.00064,0.00008,0.00008,0.00016,0.0012,0.00008,0.00016,0.00009,0.00019
13,67871.25,67871.24,67870.79,67870.74,67870.63,67870.62,67870.06,67868.74,67868.73,67868,67871.26,67871.27,67871.73,67872,67872.06,67872.43,67872.44,67872.5,67872.7,67872.8,0.43886,0.00112,0.00049,0.00008,0.00008,0.01482,0.00008,0.00008,0.00008,0.00008,1.22049,0.00008,0.00589,0.0012,0.00008,0.07603,0.05574,0.003,0.00009,0.03736
14,67931.24,67931.23,67931.22,67930.77,67930.24,67930.23,67930.2,67930.18,67930.12,67930.03,67931.25,67931.26,67931.35,67931.36,67931.55,67931.62,67932,67932.1,67932.7,67932.82,0.29186,0.00104,0.14244,0.09499,0.00008,0.1328,0.00009,0.00008,0.00028,0.00008,1.8253,0.00008,0.12424,0.14968,0.00008,0.00008,0.00308,0.01188,0.00625,0.01451
15,67919.31,67919.3,67919.29,67918.85,67918.68,67918.63,67918.4,67918.02,67917.94,67917.35,67919.32,67919.33,67919.49,67919.5,67919.54,67919.55,67919.8,67919.81,67919.94,67920,0.79508,0.0004,0.00036,0.0145,0.00008,0.18557,0.003,0.00008,0.48655,0.00008,0.89492,0.00088,0.02115,0.02508,0.00008,0.00008,0.00009,0.00008,0.00008,0.0008
16,67872.37,67872.36,67872.09,67872.07,67872.06,67872.05,67871.99,67871.68,67871.52,67871.47,67872.38,67872.39,67872.5,67872.97,67873.42,67873.53,67873.55,67873.58,67874,67874.11,0.64614,0.00072,0.00008,0.00008,0.00016,0.00008,0.00008,0.00008,0.00008,0.00008,1.14942,0.04925,0.003,0.00016,0.00008,0.00349,0.0392,0.1331,0.00353,0.00008
17,67862.35,67862.34,67862.07,67862,67861.68,67861.33,67861.28,67861.17,67860.9,67860.66,67862.36,67862.37,67862.77,67862.78,67862.95,67863.09,67863.1,67863.3,67863.71,67863.97,0.02962,0.00056,0.00008,0.0012,0.00351,0.00098,0.00008,0.00008,0.00024,0.00008,1.22932,0.00016,0.07921,0.15016,0.00008,0.00011,0.00008,0.00008,0.05598,0.00008
18,67856.73,67856.72,67856.16,67856.15,67855.84,67855.41,67854.08,67854.07,67854.06,67854.05,67856.74,67856.75,67858.11,67858.45,67858.46,67858.48,67858.58,67858.74,67858.9,67859.55,0.69254,0.00064,0.00008,0.13289,0.0118,0.00008,0.06061,0.00016,0.00008,0.00008,1.79403,0.00036,0.01188,0.07752,0.4736,0.09732,0.00016,0.00008,0.05882,0.00008
19,67850,67849.99,67849.61,67849.6,67849.3,67849.16,67849.15,67849.14,67849.1,67848.89,67850.01,67850.02,67850.57,67850.74,67850.75,67850.83,67850.84,67850.9,67850.91,67850.92,1.23089,0.00032,0.00016,0.00009,0.00067,0.04582,0.15362,0.48705,0.00469,0.01491,0.8874,0.00064,0.00008,0.00008,0.01196,0.00008,0.00008,0.00008,0.09365,0.11496
20,67812.43,67812.42,67812.12,67812,67811.32,67811.1,67811.09,67810.6,67810.57,67810.56,67812.44,67812.45,67812.49,67812.5,67812.64,67813.37,67813.99,67814,67814.36,67814.7,1.01791,0.00064,0.00008,0.00162,0.00061,0.00008,0.00016,0.00009,0.00008,0.00813,1.37966,0.05072,0.0647,0.05016,0.00008,0.00035,0.00008,0.04016,0.11598,0.003
21,67831.94,67831.93,67831.7,67830,67829.96,67829.95,67829.94,67828.77,67828.3,67827.87,67831.95,67831.96,67832,67832.1,67832.71,67833.13,67833.14,67833.69,67833.7,67834,1.85245,0.00016,0.003,0.003,0.05379,0.21592,0.05422,0.00008,0.003,0.14976,0.07166,0.00064,0.0012,0.00008,0.00471,0.00027,0.00012,0.00008,0.00235,0.00129
22,67791.01,67791,67790.55,67790,67789.88,67789.87,67789.8,67789.52,67789.35,67789.26,67791.02,67791.03,67792.14,67792.6,67793.95,67793.96,67793.97,67793.98,67794.21,67794.3,0.00901,0.00072,0.00023,0.0012,0.00008,0.02272,0.00009,0.00089,0.00008,0.00008,2.58357,0.00008,0.00008,0.003,0.07908,0.67314,1.94705,0.00008,0.00011,0.003
23,67830.54,67830.53,67830.41,67830.21,67829.89,67829.69,67829.68,67829.53,67828.86,67828.77,67830.55,67830.56,67831.36,67831.37,67831.4,67831.55,67831.94,67831.99,67832,67832.1,1.43279,0.00144,0.00598,0.00008,0.0059,0.13973,0.13283,0.00008,0.00008,0.00008,0.89356,0.00096,0.07474,0.13307,0.00009,0.00008,0.02016,0.00008,0.02872,0.00008
24,67804.1,67804.09,67804,67803.38,67803.3,67803.08,67803.04,67802.8,67802.69,67802.18,67804.11,67804.12,67804.5,67805.45,67805.46,67805.47,67806.2,67806.35,67807.05,67807.06,0.04913,0.00056,0.0012,0.00238,0.48713,0.00089,0.003,0.00009,0.00008,0.00008,2.6418,0.00016,0.003,0.08812,0.14976,0.00797,0.003,0.00022,0.00011,0.7071
25,67748.02,67748.01,67747.64,67747.63,67746.86,67746.85,67746.84,67746.83,67746.49,67745.71,67748.03,67748.04,67748.14,67748.15,67748.16,67748.4,67748.41,67748.62,67748.85,67749.14,0.188,0.0008,0.00008,0.00008,0.00016,0.12773,0.00016,0.01182,0.00008,0.00016,1.32284,0.00008,0.00016,0.07024,0.00008,0.003,0.00008,0.00217,0.00008,0.00008
26,67788.94,67788.93,67788.81,67787.4,67787.39,67787.38,67787.37,67785.8,67785.48,67785.43,67788.95,67788.96,67789.52,67789.75,67789.76,67789.8,67789.84,67789.85,67789.86,67790,1.25849,0.00024,0.00008,0.00016,0.01727,0.00016,0.05742,0.003,0.00008,0.00027,0.92192,0.00048,0.00089,0.00024,0.01188,0.00009,0.00008,0.00024,0.02272,0.0012
27,67852.13,67852.12,67852.11,67852.1,67851.99,67851.98,67851.55,67851.47,67851.46,67851.45,67852.14,67852.15,67852.51,67852.83,67852.84,67853.84,67854.04,67854.05,67854.11,67854.12,1.4648,0.00008,0.00252,0.003,0.00399,0.00008,0.05371,0.00008,0.12118,0.1476,0.21421,0.00064,0.00008,0.00008,0.00008,0.00008,0.00032,0.12612,0.00024,0.01445
28,67901.89,67901.88,67901.86,67901.4,67901.21,67901.2,67901.17,67901.14,67900,67899.99,67901.9,67901.91,67902,67902.03,67902.11,67902.48,67903.14,67903.15,67903.39,67903.49,3.55321,0.00008,0.23431,0.003,0.82978,0.79602,1.15127,0.00008,0.18982,0.19041,0.02742,0.00064,0.0012,0.00008,0.0003,0.00008,0.00008,0.003,0.00406,0.00024
29,67865.53,67865.52,67865.4,67865.35,67865.2,67864.57,67864.56,67864.13,67864,67863.55,67865.54,67865.55,67865.7,67866.17,67866.19,67866.2,67866.21,67867.03,67867.04,67867.05,0.22505,0.0004,0.00008,0.00355,0.00009,0.00024,0.48678,0.00089,0.0012,0.00008,1.54761,0.00008,0.003,0.00008,0.00016,0.3738,1.18681,0.00016,1.94713,0.14167
30,67896.8,67896.79,67896.3,67896.04,67896.03,67896.02,67895.73,67895.52,67895.37,67895.36,67896.81,67896.82,67898,67898.08,67898.19,67898.29,67898.43,67898.47,67898.48,67898.49,1.76744,0.00008,0.003,0.00016,0.07926,0.14763,0.00008,0.00009,0.00024,0.11677,0.33341,0.00048,0.0012,0.00089,0.00036,0.00008,0.00008,0.00016,0.05242,0.025
31,67939.42,67939.41,67939.4,67938.97,67938.74,67938.73,67938.66,67938.29,67938.24,67937.89,67939.43,67940.4,67940.41,67940.49,67940.5,67941.12,67941.97,67941.98,67941.99,67942.2,0.146,0.03496,0.00055,0.00008,0.00024,0.14741,0.00008,0.00008,0.00008,0.00016,2.72574,0.00736,0.13266,0.00736,0.003,0.01186,0.62284,1.15119,0.79602,0.003
32,67929.29,67929.28,67928.68,67928.67,67928.66,67928.65,67928.64,67928.16,67928,67927.66,67929.3,67929.31,67930.3,67931.08,67931.09,67931.1,67932,67932.61,67932.62,67932.63,0.77755,0.00272,0.00008,0.00008,0.00016,0.04518,0.12746,0.00008,0.0012,0.00473,2.48443,0.00016,0.003,0.00016,0.09876,0.31834,0.00308,0.00016,0.14336,0.24697
33,67876.79,67876.78,67876.14,67876.02,67876.01,67876,67875.99,67875.39,67875.01,67875,67876.8,67876.81,67876.99,67877.36,67877.37,67877.38,67877.48,67877.6,67877.71,67878,0.5782,0.00048,0.00008,0.00028,0.00008,0.00008,0.00024,0.00008,0.00024,0.01188,1.38727,0.00008,0.00236,0.00016,0.08446,0.13301,0.00008,0.003,0.00089,0.0012
34,67918.67,67918.45,67918.4,67916.7,67916.67,67916.01,67916,67915.99,67915.35,67915,67918.68,67918.69,67918.76,67919.31,67919.55,67919.7,67919.71,67919.8,67920,67920.95,2.53286,0.00008,0.003,0.003,0.00008,0.00016,0.07216,0.24103,0.00008,0.003,0.44492,0.0008,0.00009,0.00354,0.00008,0.00024,0.05008,0.00009,0.0012,0.00008
35,67977.32,67977.31,67977.03,67977.02,67976.99,67976.87,67976.53,67976.2,67975.95,67975.57,67977.33,67977.34,67977.49,67977.64,67977.66,67977.72,67977.98,67978,67978.35,67978.36,1.24421,0.00008,0.00022,0.00016,1.41876,0.20716,0.20716,0.003,0.00008,0.14976,0.00123,0.00056,0.00021,0.00009,0.00446,0.00023,0.00009,0.0012,0.00008,0.00668
36,67913.11,67913.1,67912.36,67912.02,67912.01,67912,67911.99,67911.6,67911.27,67911.25,67913.12,67913.13,67913.56,67913.72,67913.74,67914,67914.6,67914.64,67914.69,67915.22,1.474,0.00008,0.00008,0.00024,0.06036,0.206,0.10529,0.003,0.00008,0.00016,0.29853,0.00072,0.00008,0.00008,0.00008,0.0012,0.00009,0.00008,0.00008,0.0623
37,67857.43,67857.42,67857.38,67856.45,67856.44,67856.4,67856.39,67855.81,67855.41,67854.85,67857.44,67858.72,67858.73,67858.74,67858.75,67858.9,67858.91,67859.25,67859.66,67859.67,0.76989,0.002,0.0118,0.00024,0.1236,0.00024,0.01529,0.00027,0.00008,0.07782,1.213,0.46278,0.00016,0.14976,0.13286,0.00316,0.00016,0.00008,0.00428,0.03618
38,67979.6,67979.59,67979.58,67979.57,67978.63,67978.62,67978.61,67978.58,67978.14,67978,67979.61,67981.3,67981.51,67981.62,67981.63,67981.66,67981.95,67982,67982.36,67982.77,0.08829,0.00088,0.00008,0.00008,0.00008,0.00016,0.00016,0.00008,0.00008,0.0024,1.3148,0.003,0.00008,0.00016,0.0608,0.00008,0.00008,0.00008,0.00009,0.00016
39,68017.48,68017.47,68017.46,68017.05,68016.8,68016.79,68016.65,68016,68015.97,68015.69,68017.49,68017.57,68017.58,68017.59,68017.78,68017.79,68017.81,68018.58,68018.67,68018.95,0.286,0.00032,0.00084,0.0026,0.00024,0.14731,0.00008,0.00049,0.00008,0.00022,0.92111,0.00016,0.13146,0.12356,0.00016,0.1325,0.01178,0.00008,0.003,0.00013
40,67963.96,67963.95,67963.38,67963.37,67963.28,67962.75,67962.66,67962.61,67962.6,67962.52,67963.97,67963.98,67964,67964.62,67965.15,67965.16,67965.17,67965.3,67966,67967.13,1.04896,0.00008,0.00744,0.01029,0.00008,0.00804,0.0148,0.00008,0.003,0.00022,0.25684,0.00016,0.0008,0.00008,0.00008,0.00008,0.00058,0.00016,0.0004,0.00015
41,68009.99,68009.98,68009.62,68009.47,68009.46,68009.25,68009.22,68009.11,68009.1,68008.99,68010,68010.01,68010.09,68010.14,68010.47,68010.8,68010.88,68010.89,68010.9,68011.23,0.54065,0.00299,0.00008,0.00016,0.01506,0.00008,0.00008,0.00016,0.01572,0.00016,0.46778,0.0004,0.00008,0.00008,0.00351,0.00009,0.00009,0.00008,0.00008,0.00008
42,67995.8,67995.79,67995.44,67995.43,67995.27,67995.2,67995.03,67994.31,67994,67993.92,67995.81,67995.82,67996.27,67996.28,67996.9,67996.91,67996.92,67996.93,67996.94,67997.05,0.67319,0.03536,0.00016,0.00008,0.00008,0.00017,0.00008,0.00008,0.0012,0.00016,0.74319,0.00008,0.00024,0.01186,0.00024,0.06147,0.14976,0.00043,0.0006,0.00008
43,67974.66,67974.65,67974.5,67974.4,67974.3,67974.2,67974.19,67974,67973.86,67973.22,67974.67,67974.68,67974.76,67975.29,67975.68,67976.33,67976.48,67976.78,67977.31,67977.42,0.84657,0.00008,0.00353,0.00009,0.0148,0.00634,0.01382,0.0012,0.00008,0.06517,0.00695,0.00024,0.00008,0.00008,0.00009,0.00008,0.00008,0.00008,0.00008,0.00008
44,67967.21,67967.2,67966.78,67966.6,67966.01,67966,67965.85,67965.82,67965.81,67965.3,67967.22,67967.23,67967.56,67967.7,67967.71,67968.61,67968.62,67968.63,67968.64,67968.68,0.00439,0.00112,0.00008,0.00009,0.00123,0.0012,0.00472,0.00008,0.00008,0.00008,1.74588,0.00008,0.12996,0.003,0.00008,0.05694,0.51848,1.94721,0.37233,0.00008
45,67942.32,67942.31,67942,67941.99,67940.6,67940.56,67940.55,67940.3,67940.24,67940.16,67942.33,67942.34,67943.01,67943.72,67943.73,67943.74,67943.75,67943.98,67943.99,67944,0.89686,0.001,0.0012,0.00008,0.00009,0.00016,0.05667,0.00008,0.00008,0.00012,0.53799,0.00072,0.00008,0.00024,0.05563,0.1931,0.48629,0.00024,0.00024,0.04071
46,67942,67941.99,67941.67,67941.29,67940.6,67940.01,67940,67939.71,67939,67938.83,67942.01,67942.02,67942.03,67942.2,67942.8,67942.81,67942.82,67943.01,67943.89,67943.9,0.00617,0.00064,0.00008,0.0036,0.00009,0.00008,0.0012,0.00008,0.00044,0.00089,2.26657,0.00008,0.1089,0.003,0.65354,1.94713,0.00445,0.00008,0.00029,0.003
47,67931.23,67931.22,67931.21,67931.16,67931.15,67930.31,67930.3,67928.91,67928.67,67928.66,67931.24,67931.25,67931.75,67932,67932.8,67932.81,67932.9,67932.91,67933.48,67933.49,2.79619,1.15135,0.00393,0.44875,0.79594,0.00736,0.003,0.11392,0.04038,0.29688,0.01303,0.00064,0.00027,0.00008,0.00009,0.00308,0.00024,0.96145,0.00008,0.0036
48,67889.25,67889.24,67888.72,67888.71,67888.6,67888,67887.1,67887.09,67886.79,67886.19,67889.26,67889.27,67889.5,67889.68,67890,67890.01,67890.4,67890.52,67890.99,67891.2,0.02644,0.00032,0.00008,0.00016,0.00009,0.0012,0.00008,0.00008,0.00015,0.00048,3.06057,0.00008,0.003,0.00008,0.1496,0.17024,0.00008,0.00016,0.00008,0.003
49,67919.82,67919.81,67919.8,67919.59,67919.58,67919.4,67919.14,67918.76,67918.68,67918.45,67919.83,67919.84,67920.02,67920.4,67920.41,67920.72,67921.31,67922.01,67922.24,67922.25,1.3666,0.00016,0.00009,0.11348,0.14442,0.00361,0.00008,0.00017,0.00008,0.00089,0.80632,0.00008,0.00008,0.00008,0.00016,0.00008,0.00008,0.00008,0.05716,0.14442
50,67930.4,67930.39,67930.31,67930.3,67928.98,67928.97,67928.96,67928.8,67928.79,67928.7,67930.41,67930.42,67930.43,67930.45,67930.85,67931.18,67931.19,67931.2,67931.53,67931.95,0.91055,0.00088,0.00024,0.01471,0.00016,0.04579,0.00016,0.00008,0.00113,0.00008,0.92725,0.17071,0.00051,0.00016,0.00008,0.00016,0.0721,0.1328,0.00008,0.00029
51,67956.92,67956.91,67956.9,67955.8,67955.31,67955.3,67954.37,67954.36,67954.25,67954.24,67956.93,67956.94,67957.99,67958,67958.34,67958.55,67958.64,67958.77,67958.8,67958.81,2.63517,0.00024,0.10386,0.003,0.00024,0.12514,0.00008,0.01385,0.00016,0.80305,0.23856,0.0088,0.00015,0.0004,0.00008,0.05185,0.00008,0.00026,0.00009,0.00008
52,67938.74,67938.73,67938.66,67938.5,67938.05,67938.04,67938,67937.87,67937.86,67937.49,67938.75,67938.76,67938.8,67939.63,67939.64,67939.65,67939.66,67939.67,67939.68,67939.69,0.26105,0.00048,0.00008,0.00009,0.00008,0.00008,0.00129,0.00008,0.00008,0.00481,3.04116,0.00008,0.003,0.00016,0.12378,0.10711,0.00016,0.00024,0.14976,0.01854
53,67957.13,67957.12,67957.11,67956.94,67956.93,67956.21,67956.2,67956,67955.85,67955.52,67957.14,67957.15,67957.5,67957.87,67958.64,67959.2,67959.23,67959.24,67960.67,67960.9,0.00264,0.00064,0.00061,0.00008,0.00008,0.00044,0.00025,0.0012,0.00008,0.00008,4.40975,0.00008,0.003,0.00008,0.00008,0.003,0.04008,0.24442,0.33983,0.003
54,67869.1,67869.09,67868.86,67868.73,67868.52,67868.22,67868.21,67868,67867.8,67867.14,67869.11,67869.29,67869.88,67870,67870.01,67870.43,67870.44,67870.79,67870.8,67870.84,0.0119,0.0004,0.00241,0.00008,0.00008,0.00024,0.05016,0.0012,0.00009,0.00008,2.31286,0.00008,0.12571,1.61124,2.40805,0.04,0.00016,0.00449,0.003,0.00008
55,67871.27,67871.26,67871.11,67870.92,67870.8,67870.79,67870.4,67870.03,67870.01,67870,67871.28,67871.29,67872.06,67872.15,67872.16,67872.5,67872.51,67872.69,67872.7,67872.71,1.69449,0.00008,0.00008,0.00089,0.003,0.01669,0.00009,0.01482,0.00022,0.0012,0.04329,0.00008,0.00008,0.00008,0.00008,0.00016,0.04008,0.00008,0.00024,0.04138
56,67898.18,67898.17,67898.08,67898.04,67898,67897.92,67897.15,67896.51,67896.4,67896,67898.19,67898.21,67898.23,67898.24,67898.7,67899.01,67899.39,67899.4,67899.7,67900.06,0.00522,0.0004,0.00089,0.0048,0.0004,0.00016,0.00008,0.00015,0.00009,0.0008,2.69252,0.12462,0.00016,0.00008,0.00008,0.00016,0.18222,0.00008,0.003,0.00032
57,67887.8,67887.79,67887.09,67886.96,67886.2,67886.19,67886.1,67885.99,67885.38,67885.37,67887.81,67887.82,67887.86,67888,67888.14,67888.15,67888.17,67888.59,67888.6,67888.7,1.1703,0.00016,0.00016,0.00008,0.00008,0.34962,0.003,0.00008,0.00008,0.00008,0.9132,0.00056,0.003,0.0012,0.00008,0.00008,0.0048,0.00026,0.00009,0.00008
58,67891.64,67891.63,67891.29,67891.2,67890.58,67890.01,67890,67889.93,67889.92,67889.68,67891.65,67891.66,67892.04,67892.12,67892.35,67892.48,67892.52,67892.53,67892.57,67892.9,0.00354,0.00032,0.00089,0.00009,0.0024,0.00008,0.0012,0.00016,0.02444,0.00008,3.55345,0.00008,0.00008,0.05574,0.00008,0.01469,0.06355,0.14976,0.04016,0.003
59,67834,67833.99,67833.79,67833.78,67833.77,67833.41,67833.33,67833.29,67833.28,67833.22,67834.01,67834.02,67834.24,67834.25,67834.69,67834.7,67834.71,67834.93,67835.39,67835.4,1.08803,0.00032,0.00112,0.00017,0.00482,0.00008,0.00275,0.00008,0.01188,0.00009,1.0623,0.00016,0.00015,0.00008,0.00008,0.00016,0.13322,0.00008,0.00028,0.00008
60,67835.1,67835.09,67835.08,67834.93,67834.92,67834.68,67834.59,67834.38,67834.3,67834.26,67835.11,67835.12,67835.13,67835.43,67836,67836.28,67836.55,67836.56,67836.6,67836.95,1.50457,0.00022,0.00008,0.00008,0.13306,0.00008,0.00008,0.00826,0.00008,0.00008,0.20868,0.00088,0.01123,0.00008,0.0012,0.00008,0.00008,0.0418,0.00009,0.00008
61,67865.21,67865.2,67865.19,67864.66,67864.22,67864.21,67864.01,67863.98,67862.76,67862.75,67865.22,67865.23,67865.4,67865.63,67865.7,67865.8,67865.81,67865.82,67865.99,67866,0.02117,0.00056,0.01731,0.00008,0.00016,0.01496,0.00026,0.00008,0.00008,0.00826,1.4447,0.00008,0.00008,0.00485,0.003,0.06574,0.00016,0.12763,0.00745,0.0012
62,67849.9,67849.89,67849.61,67849.6,67849.52,67849.3,67848.85,67848.75,67848.63,67848,67849.91,67849.92,67850.32,67850.4,67850.56,67850.57,67850.96,67850.97,67850.98,67850.99,0.0262,0.00016,0.00008,0.00009,0.00015,0.00028,0.00008,0.00008,0.00008,0.0012,2.35293,0.00008,0.51221,0.003,0.04,0.38216,1.84939,0.20241,0.1754,0.24727
63,67854.04,67854.03,67854,67853.64,67853.63,67853.34,67853.27,67853.26,67852.36,67852.2,67854.05,67854.06,67855.41,67855.47,67855.48,67855.5,67855.6,67855.87,67856.36,67856.89,0.03184,0.00016,0.0008,0.00008,0.00008,0.00008,0.00008,0.00008,0.00008,0.00009,2.31857,0.00008,0.00008,0.04262,0.04644,0.003,0.05582,0.00008,0.01459,0.00023
64,67869.15,67869.14,67868.73,67868,67867.93,67867.82,67867.81,67867.8,67867.77,67867.36,67869.16,67869.17,67870.73,67870.8,67871.18,67871.49,67871.5,67871.51,67871.52,67871.83,0.13892,0.00064,0.00008,0.0012,0.00045,0.00024,0.01509,0.00009,0.00242,0.00008,2.23116,0.00008,0.00008,0.003,0.00008,0.00016,0.05272,0.21559,0.3341,0.00008
65,67854.04,67854.03,67854,67853.42,67853.18,67852.96,67852.73,67852.72,67852.71,67852.5,67854.05,67854.06,67854.79,67855.19,67855.41,67856.19,67856.2,67856.21,67856.22,67856.49,0.46964,0.00032,0.0012,0.00365,0.00008,0.00009,0.00016,0.04348,0.12758,0.00008,1.10293,0.42443,0.00029,0.00008,0.00008,0.04422,0.07015,0.05161,0.00008,0.00008
66,67820,67819.99,67819.96,67819.73,67818.78,67818.41,67818.4,67818.16,67818.15,67818,67820.01,67820.02,67820.04,67820.05,67820.09,67820.1,67820.74,67820.99,67821,67821.01,0.04497,0.00064,0.00243,0.00015,0.00008,0.00008,0.00009,0.00024,0.01483,0.0012,3.03143,0.00008,0.00016,0.05016,0.00016,0.05016,0.00008,0.00016,0.19376,0.13572
67,67767.14,67767.13,67767.01,67767,67766.81,67766.4,67766.12,67765.7,67765.69,67765.5,67767.15,67767.16,67768.6,67768.8,67768.83,67768.89,67768.9,67770.49,67770.5,67772.15,0.0054,0.00056,0.00015,0.00308,0.00008,0.00009,0.00008,0.00025,0.00039,0.00008,3.41524,0.00008,0.00009,0.003,0.00008,0.18968,0.11032,0.00008,0.003,0.05309
68,67801.46,67801.45,67801.17,67801.16,67801.15,67801.14,67801.1,67800.49,67800.21,67799.4,67801.47,67801.48,67801.74,67802,67802.13,67802.18,67802.8,67803.07,67803.08,67803.81,2.09441,0.20049,0.00016,0.66343,0.00038,0.13303,0.003,0.00008,0.00008,0.003,0.84431,0.00116,0.00008,0.0012,0.00008,0.00259,0.00009,0.00016,0.00089,0.00008
69,67765.68,67765.67,67765.5,67764.79,67764.78,67764.77,67764.69,67764,67763.8,67763.52,67765.69,67765.7,67766.18,67766.26,67766.27,67766.56,67766.7,67767.1,67767.38,67767.83,0.36444,0.00778,0.00008,0.00008,0.00008,0.00024,0.00008,0.0012,0.00009,0.00366,1.20905,0.28936,0.00932,0.00016,0.1277,0.00532,0.00008,0.003,0.05547,0.01443
70,67758.69,67758.68,67758.6,67758.59,67758.25,67758.24,67758,67757.99,67757.93,67757.8,67758.7,67758.71,67758.84,67759.33,67759.34,67759.79,67759.8,67759.95,67760.3,67760.56,0.44339,0.00008,0.00009,0.00008,0.00008,0.00822,0.0004,0.00028,0.00008,0.00008,1.19775,0.00221,0.00008,0.00016,0.12775,0.00016,0.04,0.00008,0.003,0.05964
71,67795.99,67795.98,67795.76,67795.47,67795.42,67795.41,67795.08,67794.77,67794.76,67794.41,67796,67796.01,67796.3,67797.59,67797.6,67797.66,67797.7,67797.73,67797.75,67797.77,0.2527,0.00056,0.00057,0.00008,0.00024,0.01484,0.00008,0.00016,0.01188,0.00008,1.51173,0.00008,0.00089,0.00745,0.00009,0.00016,0.003,0.05743,0.00008,0.00008
72,67830.01,67830,67829.99,67829.41,67829.35,67829.34,67828.86,67828.77,67828.72,67828.31,67830.02,67830.03,67830.04,67830.21,67830.28,67830.55,67830.57,67830.68,67831.25,67831.26,0.18909,0.00056,0.08314,0.00008,0.00031,0.00016,0.00008,0.00008,0.00009,0.00024,1.40333,0.06092,0.3781,0.00097,0.12774,0.02272,0.05574,0.00261,0.01474,0.00025
73,67849.99,67849.98,67849.32,67849.31,67849.12,67848.75,67848.7,67848.45,67848.3,67848.29,67850,67850.01,67850.56,67850.57,67850.81,67850.82,67850.89,67850.9,67851.42,67851.43,0.85031,0.00024,0.00024,0.14767,0.00008,0.00008,0.003,0.00008,0.00024,0.15121,1.30563,0.00048,0.00016,0.00089,0.00016,0.12757,0.00016,0.02264,0.00016,0.05
74,67890.77,67890.76,67890.46,67890.45,67889.75,67889.52,67889.51,67889.5,67889.47,67889.46,67890.78,67890.79,67891,67891.2,67891.29,67891.61,67891.62,67891.63,67891.67,67892,1.32365,0.00008,0.00016,0.14749,0.00008,0.00016,0.03208,0.003,0.00008,0.00016,0.59304,0.00024,0.00046,0.00009,0.00089,0.00016,0.00024,0.02272,0.00008,0.0012
75,67949.38,67949.37,67949.29,67949.28,67949.1,67948.66,67948.65,67948.42,67947.98,67947.97,67949.39,67949.4,67949.64,67949.98,67949.99,67950,67950.7,67950.77,67951,67951.09,0.65763,0.00048,0.00024,0.12734,0.00008,0.00028,0.00008,0.00008,0.00024,0.04192,1.27694,0.00016,0.00016,0.00016,0.07553,2.01006,0.003,0.0049,0.00009,0.00009
76,67954.55,67954.54,67954.06,67954,67953.88,67953.87,67953.85,67953.84,67953.83,67953.62,67954.56,67954.57,67955.31,67955.8,67955.84,67956.95,67956.96,67956.97,67957,67957.02,0.18976,0.00064,0.01472,0.0008,0.00024,0.14738,0.00016,0.00008,0.00008,0.00008,1.76472,0.00008,0.00008,0.003,0.00008,0.08031,0.08073,0.00008,0.00008,0.00354
77,67941.68,67941.67,67941.23,67941.22,67940.64,67940.63,67940.5,67940.44,67940.07,67940.06,67941.69,67941.7,67941.99,67942,67942.39,67943.01,67943.2,67943.55,67943.56,67943.61,0.37075,0.00016,0.00008,0.00597,0.00008,0.00597,0.003,0.00008,0.00024,0.04232,1.53869,0.03624,0.00008,0.0012,0.00367,0.00008,0.00009,0.00016,0.00016,0.00008
78,67891.64,67891.63,67891.54,67891.29,67891.2,67890,67889.68,67889.6,67889.45,67889.27,67891.65,67891.66,67892.04,67892.05,67892.22,67892.7,67892.71,67892.81,67892.9,67892.91,0.02392,0.0004,0.00008,0.00089,0.00009,0.0012,0.00008,0.00015,0.00008,0.00333,2.4111,0.00008,1.33757,0.10865,0.00789,0.72445,0.16599,0.01008,0.003,0.00027
79,67868.86,67868.85,67868.73,67868.72,67868.38,67868.33,67868.32,67868.31,67868.08,67867.71,67868.87,67868.88,67868.89,67869.1,67869.11,67870,67870.05,67870.24,67870.28,67870.29,0.07439,0.00048,0.00016,0.00008,0.00008,0.00008,0.00016,0.00008,0.00016,0.00008,0.98879,0.00008,0.13551,0.003,0.05574,0.0004,0.00008,0.00028,0.08095,0.19557
80,67806.41,67806.4,67806,67805.95,67805.46,67805.4,67805.19,67804.89,67804.28,67804.17,67806.42,67806.43,67807.22,67807.23,67807.24,67807.25,67807.4,67807.41,67807.42,67807.83,0.05248,0.00064,0.0012,0.00244,0.00008,0.00009,0.00012,0.00008,0.00221,0.00058,2.04622,0.00008,0.00016,0.38615,0.00016,0.20453,0.00016,0.4563,0.42741,0.04008
81,67875.9,67875.89,67875.39,67874.75,67874.66,67874.65,67874.21,67874.2,67874.12,67873.21,67875.91,67877.6,67878.33,67878.72,67878.73,67879.3,67879.49,67879.5,67879.62,67879.67,0.04602,0.0008,0.00008,0.00008,0.00024,0.04008,0.00024,0.04008,0.00008,0.00008,1.76167,0.003,0.08155,0.00008,0.38688,0.003,0.00008,0.26946,0.00031,0.37225
82,67849.47,67849.46,67848.76,67848.75,67848.63,67847.18,67847.17,67847,67846.58,67846.46,67849.48,67849.49,67850.29,67850.35,67850.4,67850.46,67851.42,67851.43,67851.44,67852,0.03365,0.00064,0.00016,0.00008,0.00008,0.00024,0.00008,0.00009,0.003,0.00008,1.33152,0.17524,0.31442,0.05574,0.003,0.00008,0.08332,0.50125,0.00008,0.002
83,67836,67835.99,67835.43,67834,67833.98,67833.71,67833.7,67833.1,67832.32,67832.31,67836.01,67836.8,67837.99,67838,67838.38,67838.39,67838.5,67838.76,67838.77,67838.78,0.88739,0.00032,0.00008,0.00049,0.00037,0.07521,0.00016,0.0003,0.00024,0.02542,1.08273,0.003,0.00033,0.17508,0.00016,0.02,0.003,0.00171,0.1496,0.00008
84,67773.36,67773.35,67772.2,67772.16,67772.12,67770.52,67770.51,67770.5,67769.79,67769.78,67773.37,67773.38,67773.39,67773.48,67773.65,67773.73,67774,67774.02,67774.19,67774.2,2.68704,0.00008,0.003,0.00008,0.00008,0.00016,0.01484,0.003,0.00016,0.1496,0.28331,0.0008,0.34193,0.00032,0.00008,0.003,0.0004,0.00008,0.00008,0.00017
85,67813.46,67813.45,67812.65,67812.12,67811.97,67810.2,67810.19,67809.85,67809.84,67808.79,67813.47,67813.48,67814,67814.66,67814.7,67815.04,67815.3,67815.31,67815.36,67815.45,0.85182,0.0004,0.00008,0.00008,0.00008,0.00024,0.02446,0.00008,0.00545,0.00008,1.23472,0.00017,0.0012,0.00008,0.003,0.00008,0.00147,0.05574,0.00009,0.00008
86,67808,67807.99,67807.18,67807.17,67807.16,67807.12,67807.01,67806.9,67806.89,67806,67808.01,67808.63,67808.79,67808.8,67809.6,67809.93,67810.45,67810.46,67810.62,67810.63,0.2631,0.00048,0.00016,0.00016,0.00008,0.00008,0.00365,0.00033,0.12354,0.0012,2.00777,0.00722,0.00024,0.11945,0.003,0.00008,0.00016,0.92429,0.00016,0.17524
87,67851.32,67851.31,67851.07,67850.56,67850.4,67850.39,67848.86,67848.85,67848.75,67848.7,67851.33,67851.34,67852.08,67853.51,67853.52,67855.29,67855.3,67855.41,67856.36,67856.37,1.44346,0.00008,0.00008,0.11461,0.003,0.00008,0.00008,0.00008,0.00008,0.003,0.35843,0.00008,0.00008,0.00008,0.00008,0.00024,0.00814,0.00008,0.00024,0.13291
88,67894.08,67894.07,67893.79,67893.71,67893.42,67893.4,67892.71,67892.52,67892.51,67892.43,67894.09,67894.1,67894.14,67894.6,67894.85,67894.86,67895.05,67895.36,67895.37,67895.38,0.16863,0.00032,0.00008,0.00008,0.00008,0.00008,0.00008,0.00008,0.00008,0.00008,1.35671,0.00008,0.00604,0.003,0.00016,0.15417,0.00008,0.00016,0.56941,0.0269
89,67920.03,67920.02,67919.79,67918.76,67918.75,67918.68,67918.4,67917.87,67916.7,67916,67920.04,67920.05,67920.96,67920.97,67921.31,67921.32,67921.47,67921.5,67921.92,67921.93,2.01687,0.00008,0.00008,2.00694,0.56735,0.00008,0.003,0.00008,0.003,2.64977,0.0956,0.00056,0.00008,0.00008,0.00008,0.00008,0.00365,0.00487,0.00024,0.14467
90,67913.97,67913.96,67913.71,67913.7,67913.3,67912.69,67912.18,67912.05,67912.04,67912.03,67913.98,67913.99,67914.08,67914.09,67914.21,67914.22,67915,67915.19,67915.31,67915.35,0.09503,0.00048,0.00016,0.00008,0.00008,0.00008,0.00009,0.00016,0.06736,0.00016,1.31087,0.00144,0.00016,0.0081,0.00016,0.00842,0.003,0.00008,0.00008,0.00008
91,67879.99,67879.98,67879.74,67879.58,67879.3,67878.93,67878.85,67878.72,67878.03,67878.02,67880,67880.01,67880.5,67880.8,67880.81,67880.86,67881,67881.01,67881.21,67881.25,1.65263,0.00008,0.0376,0.14754,0.003,0.13286,0.00008,0.00008,0.06885,1.2382,0.06631,0.00024,0.00008,0.00009,0.00008,0.00008,0.00008,0.00024,0.00028,0.00008
92,67949.38,67949.37,67949.1,67949,67948.65,67948.63,67948.4,67948.15,67948.14,67948,67949.39,67950,67950.01,67950.45,67950.46,67950.7,67950.83,67950.88,67951.03,67951.26,0.14354,0.00048,0.00008,0.00008,0.00008,0.003,0.00009,0.00008,0.00008,0.0008,1.95394,0.07859,0.49989,0.04,0.11466,0.003,0.00031,0.22265,0.00144,0.00008
93,67979.03,67979.02,67978.62,67978.55,67978.54,67978.5,67978.22,67978.14,67977.23,67977.22,67979.04,67979.05,67979.73,67979.74,67980.16,67980.3,67980.31,67981.25,67981.26,67981.3,0.63909,0.00394,0.00008,0.00016,0.01448,0.00008,0.00016,0.00008,0.00016,0.00833,0.84408,0.00032,0.00024,0.12749,0.00008,0.00008,0.00016,0.07506,0.07453,0.003
94,68008.06,68008.05,68008,68006.81,68006.41,68006.4,68006.37,68006.25,68006.24,68006,68008.07,68008.08,68008.21,68008.33,68008.35,68008.36,68008.41,68008.45,68008.46,68008.52,0.0082,0.00024,0.0008,0.00089,0.00008,0.00008,0.00015,0.00024,0.02508,0.0008,3.04377,0.14952,0.12752,0.027,1.23525,0.00008,0.003,0.61752,0.1024,0.01438
95,68071.06,68071.05,68070.84,68070.83,68070.82,68070.24,68070.23,68070.06,68070.05,68070.01,68071.07,68071.08,68071.33,68071.34,68071.35,68071.39,68071.86,68072,68072.03,68072.81,2.56752,0.00008,0.00028,0.00359,0.08016,0.00016,0.07016,0.00016,1.8251,0.00045,0.00407,0.00056,0.00024,0.01858,0.00445,0.00243,0.00008,0.0012,0.00008,0.00008
96,68053.55,68053.54,68052.54,68052.53,68052.45,68051.89,68051.88,68051.78,68051.53,68051.24,68053.56,68053.57,68053.71,68054,68054.35,68054.44,68054.45,68054.47,68054.58,68054.62,1.20841,0.00048,0.00024,0.22066,0.00008,0.00029,0.00008,0.00008,0.00118,0.0017,1.596,0.0046,0.0004,0.0004,0.00016,0.00089,0.00008,0.00008,0.003,0.00016
97,68050.59,68050.58,68050.51,68050.5,68049.99,68049.15,68048.55,68047.89,68047.4,68047.2,68050.6,68050.61,68050.62,68050.63,68051.15,68051.16,68051.54,68051.55,68051.88,68051.89,0.22468,0.00056,0.00008,0.00008,0.00008,0.00015,0.00008,0.00008,0.00008,0.00009,1.9579,0.00008,0.00016,0.42638,0.00016,0.17816,0.00016,0.05574,0.00008,0.21508
98,68073.01,68073,68072.95,68072.94,68072.84,68072.83,68072,68071.86,68071.68,68071.36,68073.02,68073.03,68073.13,68073.82,68073.83,68074.06,68074.6,68074.73,68074.77,68075.19,0.9514,0.00008,0.00016,0.0147,0.00016,0.1326,0.0012,0.00008,0.003,0.00008,0.31417,0.0004,0.00016,0.00024,0.13252,0.00008,0.00588,0.00588,0.00008,0.00008
99,68148.44,68148.43,68148.39,68148.38,68147.96,68147.95,68146.78,68146.77,68146.32,68146.31,68148.45,68148.46,68148.63,68149.85,68149.98,68149.99,68150,68150.06,68150.29,68150.34,0.11311,0.00008,0.00024,0.10008,0.00008,0.00008,0.00008,0.00008,0.00024,0.22219,1.83056,0.00008,0.003,0.00031,0.00016,0.11587,0.12431,0.50032,0.00013,0.003
100,68159.18,68159.17,68158.82,68158.81,68158.5,68158.44,68157.4,68157.39,68157.15,68156.99,68159.19,68159.2,68160.55,68160.6,68160.72,68160.78,68161.2,68161.48,68161.77,68161.93,0.303,0.00032,0.00008,0.00008,0.00008,0.00008,0.00008,0.00032,0.00008,0.00024,1.48117,0.00008,0.00025,0.003,0.00008,0.00147,0.00008,0.00008,0.00008,0.04008
101,68186.44,68186.43,68186.25,68186.2,68185.08,68184.54,68182.83,68182,68181.99,68181.75,68186.45,68186.46,68187.04,68187.05,68187.12,68187.16,68187.17,68187.2,68187.21,68187.22,3.41714,0.00008,0.003,0.00008,0.00008,0.003,0.003,0.00016,0.22382,0.00008,0.55494,0.0004,0.00008,0.00008,0.003,0.00024,0.144,0.00045,0.00024,0.01485
102,68140.06,68140.05,68138.46,68138.2,68138,68137.58,68137.36,68136.87,68136.7,68136.69,68140.07,68140.08,68141.79,68143.29,68143.3,68143.5,68143.55,68143.56,68143.64,68143.65,0.43492,0.0004,0.00008,0.00009,0.0004,0.00008,0.00012,0.00008,0.00016,0.14699,2.14363,0.00308,0.00308,0.00016,0.41472,0.003,0.00038,0.17524,0.00016,0.1496
103,68144.42,68144.41,68144.16,68144,68143.64,68143.41,68143.4,68142.98,68142.97,68142.75,68144.43,68144.44,68145.12,68145.21,68145.66,68146.17,68146.34,68146.92,68147.47,68147.48,1.01436,0.00064,0.00012,0.0008,0.00008,0.00008,0.00017,0.00008,0.00097,0.00008,1.98439,0.00701,0.00008,0.003,0.00008,0.00035,0.00008,0.003,0.00016,0.01445
104,68117.33,68117.32,68117.31,68117.3,68115.96,68115.21,68115.15,68114.36,68114.35,68114.34,68117.34,68117.35,68117.4,68117.62,68117.63,68117.85,68118,68118.31,68118.48,68118.64,0.2524,0.00064,0.00013,0.00008,0.00016,0.00008,0.00008,0.00024,0.12547,0.13127,1.21567,0.00488,0.00009,0.00016,0.04008,0.003,0.0028,0.00022,0.00008,0.00008
105,68098.79,68098.78,68098.73,68098.72,68098.5,68097.99,68097.71,68097.1,68097.09,68097.06,68098.8,68098.81,68098.97,68098.98,68099.04,68099.2,68099.63,68099.65,68099.73,68100,0.27958,0.01124,0.00024,0.4851,0.00008,0.00052,0.00008,0.00024,0.40779,0.01184,1.12656,0.00008,0.00016,0.02508,0.003,0.00009,0.00247,0.00008,0.00008,0.0008
106,68025.07,68025.06,68025.05,68024.99,68024.98,68023.8,68023.66,68023.4,68022.87,68022.71,68025.08,68025.09,68025.24,68025.42,68025.69,68025.7,68025.8,68025.81,68026,68026.1,2.23041,0.00008,0.00008,0.00016,0.12015,0.003,0.01184,0.00008,0.02166,0.00024,0.17335,0.03167,0.00008,0.00008,0.00008,0.00016,0.00024,0.12742,0.0004,0.00008
107,68022.34,68022.33,68022.05,68022.01,68022,68021.91,68021.53,68021.38,68021.2,68021.06,68022.35,68022.36,68023.5,68023.51,68024.07,68024.64,68024.65,68024.66,68024.67,68025.24,1.37073,0.00056,0.00008,0.00008,0.0008,0.00008,0.00035,0.00008,0.00009,0.00008,1.55072,0.04725,0.00016,0.00789,0.00008,0.00016,0.02,0.00016,0.01434,0.00008
108,67997.19,67997.18,67997.14,67997.13,67997.12,67997.07,67996.88,67996.62,67996.6,67996.38,67997.2,67997.21,67997.24,67997.25,67997.34,67997.35,67997.36,67998.37,67998.38,67998.51,1.2219,0.00008,0.00024,0.28471,0.61936,0.00012,0.0005,0.0081,0.003,0.00008,0.59669,0.00048,0.00016,0.02564,0.00195,0.00008,0.00008,0.00008,0.00008,0.00008
109,67980.68,67980.67,67980.1,67980.07,67980.01,67980,67979.62,67979.61,67979.6,67979.5,67980.69,67980.7,67980.74,67980.75,67980.94,67980.95,67980.96,67980.97,67981.05,67981.06,1.45348,0.01072,0.00016,0.00008,0.00015,0.0024,0.0148,0.00089,0.00009,0.00008,0.23371,0.0008,0.00024,0.00008,0.00024,0.03575,0.00008,0.00016,0.00024,0.00016
110,67963.86,67963.85,67963.28,67963.19,67963.18,67962.89,67962.61,67962.6,67962.32,67962.16,67963.87,67963.88,67963.95,67963.99,67964,67964.62,67964.73,67964.74,67964.82,67965.3,1.33752,0.00008,0.00008,0.1746,0.14734,0.05574,0.00008,0.003,0.00009,0.40757,0.66432,0.00056,0.00008,0.00015,0.00129,0.00008,0.00024,0.025,0.00009,0.00016
111,68000.01,68000,67999.37,67999.36,67999.35,67999.27,67999.09,67998.6,67998.41,67998.32,68000.02,68000.03,68001.57,68001.78,68001.93,68002.95,68002.96,68003.13,68003.28,68003.8,0.24025,0.00357,0.03678,0.00016,0.00008,0.00008,0.00008,0.00008,0.00008,0.00024,1.95494,0.00537,0.003,0.00008,0.00008,0.00016,0.20716,0.00008,0.003,0.00031
112,68011.17,68011.16,68010.8,68009.88,68009.87,68009.81,68009.8,68009.79,68009.76,68009.57,68011.18,68011.19,68011.83,68011.92,68013.54,68015.25,68015.26,68015.32,68015.48,68015.49,0.05428,0.00064,0.00009,0.00024,0.00016,0.00008,0.00024,0.00032,0.00024,0.00016,2.73395,0.00008,0.003,0.00008,0.003,0.00308,0.24509,0.14952,0.04022,1.63085
113,67989.26,67989.25,67988.95,67988.62,67988.61,67988.28,67986.89,67986.88,67986.81,67986.69,67989.27,67989.28,67989.49,67989.63,67989.8,67990,67991.14,67991.5,67991.59,67991.94,0.31349,0.00032,0.00008,0.00008,0.00008,0.00008,0.00008,0.00008,0.00008,0.00016,1.54624,0.01611,0.12735,0.01435,0.003,0.00129,0.00009,0.003,0.08016,0.00008
114,67984.78,67984.77,67983.48,67983.47,67983.4,67983.39,67983.38,67983.37,67983.13,67983.12,67984.79,67984.8,67985.1,67985.26,67985.28,67985.55,67985.56,67985.57,67986,67986.24,0.79413,0.00008,0.00016,0.12727,0.00016,0.01186,0.00024,0.14731,0.00024,0.10048,0.69679,0.00065,0.00372,0.00008,0.00305,0.00016,0.00706,0.00008,0.0012,0.00008
115,67964.31,67964.3,67964.25,67964.01,67964,67963.86,67963.48,67963.28,67962.99,67962.98,67964.32,67964.33,67964.68,67964.69,67965.09,67965.3,67965.42,67965.43,67967.66,67967.7,0.62319,0.00056,0.00027,0.00008,0.00509,0.00026,0.00248,0.00008,0.00024,0.14744,1.48793,0.01107,0.00016,0.13901,0.00453,0.00016,0.00016,0.02,0.00008,0.003
116,67991.99,67991.98,67991.5,67991.48,67991.47,67991.32,67991.31,67990.98,67990.97,67990.96,67992,67992.01,67992.09,67992.6,67993.2,67993.21,67993.55,67993.56,67993.67,67993.96,3.04588,0.00008,0.003,0.00016,0.14739,0.00016,0.14728,0.00008,0.00016,0.38666,0.02567,0.00072,0.00372,0.00009,0.00008,0.00089,0.00024,0.02264,0.00008,0.00496
117,68003,68002.99,68002.61,68002.47,68002.27,68002.26,68002.25,68002.24,68002.01,68001.93,68003.01,68003.02,68003.27,68003.55,68003.8,68004,68004.3,68004.48,68004.99,68005.26,0.76509,0.00064,0.00008,0.00049,0.00008,0.00605,0.00621,0.12733,0.00147,0.00008,1.06706,0.00008,0.00132,0.00008,0.00008,0.0055,0.00009,0.00008,0.003,0.00008
118,67968.46,67968.45,67968.15,67968.14,67968,67967.95,67967.94,67967.89,67967.29,67967.28,67968.47,67968.48,67968.63,67968.64,67970.64,67970.65,67971.1,67971.4,67971.64,67971.65,0.90315,0.00064,0.00024,0.01067,0.0012,0.00016,0.01186,0.00372,0.00008,0.00024,1.83218,0.0086,0.00008,0.00008,0.00008,0.00024,0.003,0.00008,0.00016,0.00736
119,67981.76,67981.75,67981.69,67981.68,67981.3,67981.23,67980.85,67980.84,67980.83,67980.82,67981.77,67981.78,67981.95,67982,67982.2,67982.44,67982.86,67984,67984.18,67984.41,1.6979,0.10267,0.00016,0.30008,0.003,0.0148,0.00008,0.00016,0.64068,0.00008,0.7003,0.00032,0.00008,0.0012,0.00009,0.0015,0.00008,0.0012,0.00008,0.00027
120,67982,67981.99,67981.5,67981.3,67980.85,67980.4,67980.02,67980.01,67980,67979.61,67982.01,67982.02,67982.24,67982.86,67983.03,67983.1,67983.54,67983.82,67984.57,67984.75,3.3189,0.00008,0.00373,0.003,0.00008,0.00008,0.00016,0.00735,0.0012,0.00089,0.37959,0.00032,0.0007,0.00008,0.0006,0.00008,0.00008,0.00008,0.00008,0.00038
121,67982,67981.99,67980.71,67980.7,67980.53,67980.4,67980.31,67980.3,67980.17,67980.01,67982.01,67982.02,67982.17,67982.18,67983,67983.1,67983.54,67983.62,67983.63,67983.82,0.8398,0.00064,0.00024,0.13926,0.0029,0.00008,0.00024,0.04195,0.00008,0.00008,1.25911,0.00008,0.00081,0.01206,0.003,0.00008,0.00008,0.00016,0.01494,0.00008
122,67965.14,67965.13,67964.63,67964.53,67964.52,67964.51,67963.96,67961.99,67961.98,67961.97,67965.15,67965.16,67965.3,67965.37,67965.38,67965.98,67966,67966.02,67966.32,67966.6,0.20583,0.00032,0.00008,0.00015,0.00008,0.00016,0.00008,0.00008,0.00008,0.00008,1.69284,0.01177,0.00008,0.12761,0.01178,0.00008,0.0042,0.00089,0.00986,0.00009
123,67999.89,67999.88,67999.76,67999.46,67999.45,67999.09,67998.75,67998.6,67998.59,67998.41,67999.9,67999.91,67999.92,67999.99,68000,68000.01,68000.4,68000.75,68000.76,68001.1,0.93945,0.00032,0.00008,0.00016,0.00822,0.00008,0.00027,0.00024,0.14968,0.00008,1.24001,0.00048,0.00498,0.00024,0.99972,0.00089,0.00009,0.00024,0.1272,0.00008
124,68072.84,68072.83,68072.72,68072.37,68072.36,68072,68071.86,68071.53,68071.52,68070.6,68072.85,68073.39,68075.1,68075.12,68075.19,68075.69,68075.7,68075.88,68076.13,68076.14,0.07328,0.0008,0.00008,0.00024,0.00008,0.0008,0.00008,0.00016,0.00008,0.00009,2.81453,0.003,0.003,0.00822,0.00008,0.04008,0.01488,0.00009,0.05574,0.08
125,68082.88,68082.87,68082.85,68081.85,68080.88,68080.87,68080.24,68079.65,68079.64,68079.44,68082.89,68083.6,68083.65,68083.88,68084,68084.11,68084.19,68084.23,68084.24,68084.34,1.22141,0.00024,0.00008,0.00008,0.00016,0.14414,0.00008,0.00016,0.10008,0.00016,1.06899,0.00009,0.003,0.00012,0.0008,0.00008,0.00008,0.00024,0.00825,0.00024
126,68123.99,68123.98,68123.38,68122.59,68122.58,68122.57,68122.54,68122.53,68122.44,68122.43,68124,68124.01,68124.69,68124.7,68124.72,68124.88,68124.91,68124.92,68124.95,68125,0.26152,0.00048,0.00008,0.00008,0.00024,0.48485,0.00024,0.03436,0.00024,0.12717,1.40187,0.00008,0.00316,0.04008,0.00008,0.00008,0.00015,0.00026,0.00008,0.00013
127,68091.4,68091.39,68090.49,68090.28,68090.01,68090,68089.84,68089.67,68089.66,68089.6,68091.41,68091.42,68091.84,68091.98,68092.3,68092.32,68092.97,68095.16,68095.17,68095.18,1.10372,0.00008,0.003,0.00008,0.00016,0.48766,0.00009,0.00016,0.07024,0.00008,0.7765,0.00024,0.00008,0.00026,0.00008,0.00052,0.00008,0.00008,0.00008,0.00016
128,68061.63,68061.62,68061.42,68060.98,68060.89,68060.87,68060.86,68060.01,68060,68059.71,68061.64,68061.65,68061.87,68062.8,68063.32,68063.33,68064,68064.01,68064.03,68064.44,1.34628,0.34669,0.003,0.00008,0.00022,0.00016,0.01534,0.00743,0.00008,0.003,0.07282,0.00024,0.00008,0.00009,0.00024,0.009,0.0004,0.00008,0.00008,0.00016
129,68058.54,68058.53,68058,68057.85,68056.29,68055.95,68055.92,68055.9,68055.84,68055.77,68058.55,68058.56,68058.69,68058.7,68058.92,68058.93,68059.2,68059.62,68059.87,68059.97,2.13813,0.00008,0.003,0.1473,0.003,0.52953,0.00008,0.00008,0.00009,0.05574,0.02898,0.00056,0.00024,0.025,0.00008,0.00544,0.00008,0.0015,0.00008,0.00008
130,68079.31,68079.3,68079.14,68078.7,68078.69,68078.53,68078.52,68078.39,68077.61,68077.44,68079.32,68079.33,68079.46,68080,68080.14,68081,68081.62,68081.63,68081.67,68081.85,1.90071,0.00008,0.00008,0.00016,0.01444,0.00015,0.00308,0.22184,0.03532,0.00008,0.03732,0.00024,0.00008,0.0008,0.00008,0.00009,0.003,0.00008,0.00089,0.00008
131,68043.99,68043.98,68043.97,68043.96,68043.15,68043.14,68043.13,68042.37,68042,68041.89,68044,68044.01,68044.04,68044.05,68044.19,68044.32,68044.38,68044.6,68045.22,68045.55,0.32768,0.00016,0.00008,0.00008,0.00008,0.00008,0.00008,0.00008,0.0008,0.00008,1.04165,0.00056,0.00016,0.05,0.00008,0.003,0.00008,0.00008,0.00008,0.00016
132,68043.99,68043.98,68043.96,68043.22,68043.14,68043.13,68043.03,68043.02,68042.99,68042.63,68044,68044.01,68044.38,68044.6,68045.22,68046.23,68046.24,68046.39,68046.4,68046.41,1.17865,0.00031,0.00008,0.00008,0.00008,0.00067,0.00016,0.00805,0.00008,0.00016,0.13633,0.00048,0.00008,0.00008,0.00008,0.00016,0.11693,0.00016,0.00008,0.00008
133,68034.54,68034.53,68034.3,68034.06,68034.01,68033.77,68033.76,68033.27,68033.19,68032.35,68034.55,68034.56,68034.98,68034.99,68035,68035.06,68035.07,68035.23,68035.41,68035.42,2.0486,0.00008,0.23408,0.003,0.207,0.19664,1.28648,0.00016,0.24284,0.003,0.00224,0.0004,0.00024,0.0004,0.00016,0.00008,0.00008,0.00008,0.00048,0.07062
