timestamp,bid_price_0,bid_price_1,bid_price_2,bid_price_3,bid_price_4,bid_price_5,bid_price_6,bid_price_7,bid_price_8,bid_price_9,ask_price_0,ask_price_1,ask_price_2,ask_price_3,ask_price_4,ask_price_5,ask_price_6,ask_price_7,ask_price_8,ask_price_9,bid_size_0,bid_size_1,bid_size_2,bid_size_3,bid_size_4,bid_size_5,bid_size_6,bid_size_7,bid_size_8,bid_size_9,ask_size_0,ask_size_1,ask_size_2,ask_size_3,ask_size_4,ask_size_5,ask_size_6,ask_size_7,ask_size_8,ask_size_9
0,0.01073,0.01072,0.01071,0.0107,0.01069,0.01068,0.01067,0.01066,0.01065,0.01063,0.01077,0.01078,0.01079,0.0108,0.01081,0.01082,0.01083,0.01084,0.01086,0.01088,151783,180149,149720,146370,110738,264975,445778,36102,64361,92720,32372,87433,99338,100431,163170,134561,6615,1379,7452,12489
1,0.01073,0.01072,0.01071,0.0107,0.01069,0.01068,0.01067,0.01066,0.01065,0.01063,0.01077,0.01078,0.01079,0.0108,0.01081,0.01082,0.01083,0.01084,0.01086,0.01088,150374,180149,149720,146370,110738,264975,445778,36102,41583,63958,32372,87433,99338,100431,163170,134561,6615,1379,7452,12489
2,0.01073,0.01072,0.01071,0.0107,0.01069,0.01068,0.01067,0.01066,0.01065,0.01063,0.01077,0.01078,0.01079,0.0108,0.01081,0.01082,0.01083,0.01084,0.01086,0.01088,195532,177557,103034,149065,110738,263989,445778,36105,41583,63958,31224,87433,99338,100431,163170,134561,6615,1379,7452,12489
3,0.01073,0.01072,0.01071,0.0107,0.01069,0.01068,0.01067,0.01066,0.01065,0.01063,0.01077,0.01078,0.01079,0.0108,0.01081,0.01082,0.01083,0.01084,0.01086,0.01088,194092,177557,103034,149067,110738,263989,445778,36105,41583,63958,31224,87433,99338,100431,163170,134561,6615,1379,7452,12489
4,0.01073,0.01072,0.01071,0.0107,0.01069,0.01068,0.01067,0.01066,0.01065,0.01063,0.01077,0.01078,0.01079,0.0108,0.01081,0.01082,0.01084,0.01086,0.01088,0.01089,106098,177557,189638,149067,110738,263989,445778,36105,41583,63958,31224,87433,99338,172720,97575,134561,1379,7452,12489,1545
5,0.01073,0.01072,0.01071,0.0107,0.01069,0.01068,0.01067,0.01066,0.01065,0.01063,0.01077,0.01078,0.01079,0.0108,0.01081,0.01082,0.01084,0.01086,0.01088,0.01089,58034,177557,189638,104603,110738,246939,25714,474916,41583,63958,29720,87433,99338,172720,125327,106835,1379,7452,12489,1545
6,0.01074,0.01073,0.01072,0.01071,0.0107,0.01069,0.01068,0.01067,0.01066,0.01065,0.01077,0.01078,0.01079,0.0108,0.01081,0.01082,0.01084,0.01086,0.01088,0.01089,45797,57410,177557,234060,118391,548318,563371,7378,36105,201846,25725,84372,99338,172720,97575,134561,1379,7452,12489,1545
7,0.01074,0.01073,0.01072,0.01071,0.0107,0.01069,0.01068,0.01067,0.01066,0.01065,0.01077,0.01078,0.01079,0.0108,0.01081,0.01082,0.01084,0.01086,0.01088,0.01089,44363,67957,177557,234060,104603,566654,563371,7378,36105,41583,22774,84372,99338,172720,97575,134561,1379,7452,12489,1545
8,0.01074,0.01073,0.01072,0.01071,0.0107,0.01069,0.01068,0.01067,0.01066,0.01065,0.01075,0.01076,0.01077,0.01078,0.01079,0.0108,0.01081,0.01082,0.01084,0.01085,44260,17225,137633,282090,147555,105928,251673,25714,483004,34131,8010,35596,114102,106690,99338,171518,99038,129744,1379,7452
9,0.01074,0.01073,0.01072,0.01071,0.0107,0.01069,0.01068,0.01067,0.01066,0.01065,0.01075,0.01076,0.01077,0.01078,0.01079,0.0108,0.01081,0.01082,0.01084,0.01085,30082,17225,137633,215883,213792,105928,211676,7378,62529,439223,14662,35596,114102,106690,165041,133638,99038,102018,1379,82452
10,0.01071,0.0107,0.01069,0.01068,0.01067,0.01066,0.01065,0.01064,0.01063,0.01062,0.01074,0.01075,0.01076,0.01077,0.01078,0.01079,0.0108,0.01081,0.01082,0.01083,75000,238811,105928,190761,7378,107353,510982,328098,23679,41679,31544,131185,56885,100432,71802,126737,105862,94304,7714,7452
11,0.01071,0.0107,0.01069,0.01068,0.01067,0.01066,0.01065,0.01064,0.01063,0.01062,0.01074,0.01075,0.01076,0.01077,0.01078,0.01079,0.0108,0.01081,0.01082,0.01083,73618,172555,105928,257086,7378,71248,482865,328098,36207,7452,36597,131185,56885,166203,33858,98936,105862,94304,7714,7452
12,0.0107,0.01069,0.01068,0.01067,0.01066,0.01065,0.01064,0.01063,0.01062,0.01061,0.01073,0.01074,0.01075,0.01076,0.01077,0.01078,0.01079,0.0108,0.01082,0.01085,169033,139165,208420,51948,56737,398416,44469,62920,440464,41720,26939,82860,108055,95854,166203,27820,98936,107241,15166,11983
13,0.0107,0.01069,0.01068,0.01067,0.01066,0.01065,0.01064,0.01063,0.01062,0.01061,0.01073,0.01074,0.01075,0.01076,0.01077,0.01078,0.01079,0.0108,0.01082,0.01085,167476,139165,142095,118308,56737,81089,44469,62920,440464,41720,33591,82860,108055,95854,166203,27820,98936,107241,15166,11983
14,0.01072,0.01071,0.0107,0.01069,0.01068,0.01067,0.01066,0.01065,0.01064,0.01063,0.01073,0.01074,0.01075,0.01076,0.01077,0.01078,0.01079,0.0108,0.01082,0.01083,2125,94744,205695,146613,142095,87629,373766,81089,484105,44584,12690,82860,108055,95854,166203,27820,98936,107241,7714,7452
15,0.01072,0.01071,0.0107,0.01069,0.01068,0.01067,0.01066,0.01065,0.01064,0.01063,0.01073,0.01074,0.01075,0.01076,0.01077,0.01078,0.01079,0.0108,0.01082,0.01083,641,94744,205695,146613,209833,7378,73657,837639,80646,8373,12690,81016,108055,95854,100432,65710,126730,107241,7714,7452
16,0.01072,0.01071,0.0107,0.01069,0.01068,0.01067,0.01066,0.01065,0.01064,0.01063,0.01073,0.01074,0.01075,0.01076,0.01077,0.01078,0.01079,0.0108,0.01082,0.01083,4929,120859,166550,149015,252998,21276,369941,37802,80646,440050,1820,81016,108055,95854,100432,65710,126730,107241,7714,7452
17,0.01073,0.01072,0.01071,0.0107,0.01069,0.01068,0.01067,0.01066,0.01065,0.01064,0.01075,0.01076,0.01077,0.01078,0.01079,0.0108,0.01082,0.01085,0.01088,0.01092,3075,98161,153689,213764,215278,146233,25714,808752,37802,77625,117734,104400,94392,160366,126730,12805,7714,94435,598,2329
18,0.01073,0.01072,0.01071,0.0107,0.01069,0.01068,0.01067,0.01066,0.01065,0.01064,0.01075,0.01076,0.01077,0.01078,0.01079,0.0108,0.01082,0.01085,0.01088,0.01092,3684,129474,131138,324464,133943,198429,479678,329869,9682,90085,117734,104400,94392,94656,98936,78434,35436,94435,598,2329
19,0.01073,0.01072,0.01071,0.0107,0.01069,0.01068,0.01067,0.01066,0.01065,0.01064,0.01074,0.01075,0.01076,0.01077,0.01078,0.01079,0.0108,0.01082,0.01084,0.01085,2103,129474,175554,213764,133943,186230,41278,31176,448905,82633,2352,113127,104400,94392,94656,98936,40579,7714,7452,86983
20,0.01073,0.01072,0.01071,0.0107,0.01069,0.01068,0.01067,0.01066,0.01065,0.01064,0.01075,0.01076,0.01077,0.01078,0.01079,0.0108,0.01082,0.01084,0.01085,0.01088,2941,160393,179901,184633,198821,186230,41278,48950,28018,486092,115345,104400,94392,94656,164612,40579,7714,7452,86983,598
21,0.01073,0.01072,0.01071,0.0107,0.01069,0.01068,0.01067,0.01066,0.01065,0.01064,0.01075,0.01076,0.01077,0.01078,0.01079,0.0108,0.01081,0.01082,0.01084,0.01085,1310,160362,179901,249464,133944,186230,41278,67286,483017,72096,114641,104400,94392,94656,98936,78434,27748,7714,7452,86983
22,0.01074,0.01073,0.01072,0.01071,0.0107,0.01069,0.01068,0.01067,0.01066,0.01065,0.01076,0.01077,0.01078,0.01079,0.0108,0.01081,0.01082,0.01084,0.01085,0.01086,8137,246117,160265,169761,604289,446268,146606,41278,204316,69767,12856,102938,95852,94217,81757,27748,7714,1379,75000,7452
23,0.01074,0.01073,0.01072,0.01071,0.0107,0.01069,0.01068,0.01067,0.01066,0.01065,0.01076,0.01077,0.01078,0.01079,0.0108,0.01081,0.01082,0.01083,0.01084,0.01085,27637,126784,128952,353974,110706,567709,146606,41278,8088,69767,883,106002,95852,94217,103931,65595,7714,34315,1379,75000
24,0.01077,0.01076,0.01075,0.01074,0.01073,0.01072,0.01071,0.0107,0.01069,0.01068,0.0108,0.01081,0.01082,0.01084,0.01088,0.01089,0.0109,0.01091,0.01092,0.01093,34603,137748,560026,167216,104855,203235,281931,12962,41221,55710,99229,74268,35440,4773,1977,7452,6573,86790,2329,586
25,0.01078,0.01077,0.01076,0.01075,0.01074,0.01073,0.01072,0.01071,0.0107,0.01069,0.0108,0.01081,0.01082,0.01083,0.01084,0.01087,0.01088,0.01089,0.0109,0.01091,71444,2266,105658,142971,651431,125604,426328,215724,41915,77224,102284,7465,101843,66760,4773,27611,1977,7452,6573,86790
26,0.01078,0.01077,0.01076,0.01075,0.01074,0.01073,0.01072,0.01071,0.0107,0.01069,0.01081,0.01082,0.01083,0.01084,0.01085,0.01086,0.01088,0.01089,0.0109,0.01091,67929,96352,144750,104434,652834,107268,109664,121102,60251,84676,10517,101843,95278,65521,4756,27638,1977,75000,7452,11790
27,0.01078,0.01077,0.01076,0.01075,0.01074,0.01073,0.01072,0.01071,0.0107,0.01069,0.01081,0.01082,0.01083,0.01085,0.01086,0.01088,0.01089,0.0109,0.01091,0.01092,89323,135053,144750,104434,652834,125604,424919,121102,41915,84676,10517,101843,160873,4756,27638,1977,75000,7452,11790,2329
28,0.01078,0.01077,0.01076,0.01075,0.01074,0.01073,0.01072,0.01071,0.0107,0.01069,0.01081,0.01082,0.01083,0.01085,0.01086,0.01088,0.01089,0.0109,0.01091,0.01093,87994,135053,144750,104434,652834,107268,109664,139438,33785,84676,9529,101843,160873,4756,27638,1977,75000,7452,11790,586
29,0.01079,0.01078,0.01077,0.01076,0.01075,0.01074,0.01073,0.01072,0.01071,0.0107,0.01082,0.01083,0.01084,0.01085,0.01087,0.01088,0.01089,0.0109,0.01091,0.01093,23522,97318,106473,158254,605682,151173,107268,424919,110871,7452,90039,95278,65561,4756,27618,598,75000,1379,19242,586
30,0.01079,0.01078,0.01077,0.01076,0.01075,0.01074,0.01073,0.01072,0.01071,0.0107,0.01082,0.01083,0.01084,0.01085,0.01087,0.01088,0.01089,0.0109,0.01091,0.01093,22750,97318,126775,134734,170544,542428,107268,109664,426420,41236,87397,95278,65561,4756,27618,598,75000,1379,25809,586
31,0.01079,0.01078,0.01077,0.01076,0.01075,0.01074,0.01073,0.01072,0.01071,0.0107,0.01082,0.01083,0.01084,0.01085,0.01087,0.01088,0.01089,0.0109,0.01091,0.01093,21934,97318,126775,121230,122770,608600,107268,424919,110871,41236,87397,95278,65561,4756,27618,598,75000,1379,25809,586
32,0.01079,0.01078,0.01077,0.01076,0.01075,0.01074,0.01073,0.01072,0.01071,0.0107,0.01082,0.01083,0.01084,0.01087,0.01088,0.01089,0.0109,0.01091,0.01093,0.01094,115244,97318,126775,575481,104434,220966,107268,325486,110871,41236,3049,94086,66758,32389,598,75000,1379,14019,586,11811
33,0.01079,0.01078,0.01077,0.01076,0.01075,0.01074,0.01073,0.01072,0.01071,0.0107,0.01082,0.01083,0.01084,0.01087,0.01088,0.01089,0.0109,0.01091,0.01093,0.01094,114463,97318,147711,538507,104434,219559,107268,10231,426420,41236,3049,97133,66758,32389,598,75000,1379,7452,586,18360
34,0.01079,0.01078,0.01077,0.01076,0.01075,0.01074,0.01073,0.01072,0.01071,0.0107,0.01082,0.01083,0.01084,0.01087,0.01088,0.01089,0.0109,0.01091,0.01093,0.01094,111307,97318,147711,538507,104434,219559,107268,10231,426420,41236,3049,97133,66758,32389,598,75000,1379,7452,586,18360
35,0.01079,0.01078,0.01077,0.01076,0.01075,0.01074,0.01073,0.01072,0.01071,0.0107,0.01082,0.01083,0.01084,0.01087,0.01088,0.01089,0.0109,0.01091,0.01093,0.01094,15895,97318,144824,121246,539572,219559,107268,10231,426420,41236,21948,97133,66758,32389,7183,75000,1379,7452,586,11811
36,0.01079,0.01078,0.01077,0.01076,0.01075,0.01074,0.01073,0.01072,0.01071,0.0107,0.01081,0.01082,0.01083,0.01084,0.01087,0.01088,0.01089,0.0109,0.01091,0.01093,3058,97318,144824,121246,539572,219559,108676,10231,426420,41236,3052,21948,94086,66758,32389,7183,75000,1379,7452,586
37,0.01079,0.01078,0.01077,0.01076,0.01075,0.01074,0.01073,0.01072,0.01071,0.0107,0.01081,0.01082,0.01083,0.01084,0.01086,0.01087,0.01088,0.01089,0.01091,0.01093,2231,191317,176161,530044,104434,175271,107268,38149,50742,357080,2063,21948,126890,1197,27641,4771,7183,75000,7452,586
38,0.01079,0.01078,0.01077,0.01076,0.01075,0.01074,0.01073,0.01072,0.01071,0.0107,0.01081,0.01082,0.01083,0.01084,0.01086,0.01087,0.01088,0.01089,0.01091,0.01093,323,191317,178139,530044,104434,175271,104875,10231,78687,357080,2063,21948,126890,1197,29020,4771,7183,75000,7452,586
39,0.01078,0.01077,0.01076,0.01075,0.01074,0.01073,0.01072,0.01071,0.0107,0.01069,0.01082,0.01083,0.01084,0.01086,0.01087,0.01088,0.01089,0.0109,0.01093,0.01094,180940,173274,530044,104434,175271,149205,12627,97023,355766,48512,21948,126890,1197,29020,4771,7183,75000,7452,586,11811
40,0.01078,0.01077,0.01076,0.01075,0.01074,0.01073,0.01072,0.01071,0.0107,0.01069,0.01081,0.01082,0.01083,0.01084,0.01086,0.01087,0.01088,0.01089,0.0109,0.01093,179753,173274,530044,104434,175271,149205,12627,78687,58258,364651,3052,19897,126890,7806,29020,4771,598,75000,7452,586
41,0.01078,0.01077,0.01076,0.01075,0.01074,0.01073,0.01072,0.01071,0.01069,0.01068,0.01081,0.01082,0.01083,0.01084,0.01085,0.01086,0.01087,0.01088,0.01089,0.0109,12731,254362,115706,539572,109099,137978,10231,35643,41275,36043,3052,16408,126890,7806,27665,1379,4771,598,75000,7452
42,0.01079,0.01078,0.01077,0.01076,0.01075,0.01074,0.01073,0.01072,0.01071,0.0107,0.01082,0.01083,0.01084,0.01086,0.01087,0.01088,0.01089,0.01091,0.01093,0.01094,10178,153928,654154,104272,104434,109099,104875,43365,27945,7452,1532,94086,68264,1379,4771,598,75000,7452,586,11811
43,0.01077,0.01076,0.01075,0.01074,0.01073,0.01072,0.01071,0.0107,0.01069,0.01068,0.0108,0.01081,0.01082,0.01083,0.01084,0.01085,0.01086,0.01088,0.01089,0.01093,207628,131894,141050,540850,137992,15030,8108,9703,33823,43495,5286,97181,2718,94086,101761,65253,1379,598,82452,586
44,0.01077,0.01076,0.01075,0.01074,0.01073,0.01072,0.01071,0.0107,0.01069,0.01068,0.0108,0.01081,0.01082,0.01083,0.01084,0.01085,0.01086,0.01088,0.01089,0.01093,196676,131894,141050,105307,122455,451385,41260,9703,33823,71518,7313,97181,2718,126870,129448,4833,1379,598,82452,586
45,0.01077,0.01076,0.01075,0.01074,0.01073,0.01072,0.01071,0.0107,0.01069,0.01068,0.0108,0.01081,0.01082,0.01083,0.01084,0.01085,0.01086,0.01088,0.01089,0.01093,118020,131894,141050,105307,104875,15030,553023,9703,33823,71518,7313,97181,35533,95293,128251,4833,1379,598,82452,586
46,0.01077,0.01076,0.01075,0.01074,0.01073,0.01072,0.01071,0.0107,0.01069,0.01068,0.0108,0.01081,0.01082,0.01083,0.01084,0.01085,0.01088,0.01089,0.01093,0.01094,126189,131894,141050,105307,104875,15030,116260,28039,437580,35475,3610,94332,96360,155790,93955,4833,598,83831,586,11811
47,0.01077,0.01076,0.01075,0.01074,0.01073,0.01072,0.01071,0.0107,0.01069,0.01068,0.0108,0.01081,0.01082,0.01083,0.01084,0.01085,0.01088,0.01089,0.01093,0.01094,124031,131894,141050,105307,104875,15030,116260,9703,437580,35475,3610,94332,96360,155790,93955,6212,598,82452,586,11811
48,0.01078,0.01077,0.01076,0.01075,0.01074,0.01073,0.01072,0.01071,0.0107,0.01069,0.01081,0.01082,0.01083,0.01084,0.01085,0.01088,0.01089,0.0109,0.01093,0.01094,36950,124031,141982,104434,105307,104875,451385,116260,9703,7452,11787,96360,155790,93955,6212,598,75000,7452,586,11811
49,0.01079,0.01078,0.01077,0.01076,0.01075,0.01074,0.01073,0.01072,0.01071,0.0107,0.01082,0.01083,0.01084,0.01085,0.01087,0.01088,0.01089,0.01091,0.01093,0.01094,20029,84632,136198,103090,123975,544456,104875,73451,75000,7452,9018,95854,187180,1203,4766,598,76379,7452,586,11811
50,0.01079,0.01078,0.01077,0.01076,0.01075,0.01074,0.01073,0.01072,0.01071,0.0107,0.01081,0.01082,0.01083,0.01084,0.01085,0.01086,0.01087,0.01088,0.01089,0.01091,6480,84632,136691,103090,125072,544456,171108,7183,82442,7452,3052,7703,95854,93955,66704,27643,4766,598,76379,7452
51,0.01078,0.01077,0.01076,0.01075,0.01074,0.01073,0.01072,0.01071,0.01069,0.01068,0.01081,0.01082,0.01083,0.01084,0.01085,0.01087,0.01088,0.01089,0.0109,0.01093,15333,102068,141982,125072,544456,94568,73465,82442,7452,28023,5432,7703,95854,95133,94547,4766,598,75000,7452,586
52,0.01078,0.01077,0.01076,0.01075,0.01074,0.01073,0.01072,0.01071,0.0107,0.01069,0.01081,0.01082,0.01083,0.01084,0.01085,0.01087,0.01088,0.01089,0.0109,0.01093,26685,143064,141982,125072,544456,94568,73465,82442,9426,7452,5432,17129,95854,160667,29046,4766,598,75000,7452,586
53,0.01078,0.01077,0.01076,0.01075,0.01074,0.01073,0.01072,0.01071,0.0107,0.01069,0.0108,0.01081,0.01082,0.01083,0.01084,0.01085,0.01086,0.01088,0.0109,0.01093,5389,133619,145687,125979,104099,106886,73465,82442,27762,453421,3055,99474,92129,95854,160667,27667,6205,598,7452,586
54,0.01078,0.01077,0.01076,0.01075,0.01074,0.01073,0.01072,0.01071,0.0107,0.01069,0.0108,0.01081,0.01082,0.01083,0.01084,0.01086,0.01088,0.0109,0.01093,0.01094,4569,133619,145687,125979,104099,106886,73465,82442,9426,453421,3055,99474,92129,95854,188356,6205,598,7452,586,11811
55,0.01078,0.01077,0.01076,0.01075,0.01074,0.01073,0.01072,0.01071,0.0107,0.01069,0.01081,0.01082,0.01083,0.01084,0.01086,0.01088,0.0109,0.01093,0.01094,0.01102,3061,136683,145687,125979,104099,106886,73465,82442,9426,7452,99469,92129,95854,188356,6205,598,7452,586,11811,2329
56,0.01078,0.01077,0.01076,0.01075,0.01074,0.01073,0.01072,0.01071,0.0107,0.01069,0.01079,0.0108,0.01081,0.01082,0.01083,0.01084,0.01086,0.01088,0.01089,0.01093,6929,117103,126008,165250,104099,106886,7183,148745,27762,445167,7689,3055,103920,185957,187269,93955,6205,598,7452,586
57,0.01077,0.01076,0.01075,0.01074,0.01073,0.01072,0.01071,0.0107,0.01069,0.01068,0.01078,0.01079,0.0108,0.01081,0.01082,0.01083,0.01084,0.01085,0.01088,0.01091,7415,137244,164045,105285,102060,12009,73745,84426,25923,445149,2372,5855,36375,103920,176531,187269,93955,4826,8050,11977
58,0.01077,0.01076,0.01075,0.01074,0.01073,0.01072,0.01071,0.0107,0.01069,0.01068,0.01079,0.0108,0.01081,0.01082,0.01083,0.01084,0.01085,0.01088,0.01091,0.01093,4772,137244,164045,105285,102060,12009,7442,150763,7587,25495,5855,36375,103920,269868,95367,93955,4826,8050,11977,586
59,0.01078,0.01077,0.01076,0.01075,0.01074,0.01073,0.01072,0.01071,0.0107,0.01069,0.0108,0.01081,0.01082,0.01083,0.01084,0.01088,0.01089,0.01091,0.01093,0.01102,3061,48084,143611,143535,104099,103240,7183,12180,75763,55240,95246,144790,103327,186073,4760,598,7452,11977,586,2329
60,0.01077,0.01076,0.01075,0.01074,0.01073,0.01072,0.01071,0.0107,0.01069,0.01068,0.0108,0.01081,0.01082,0.01083,0.01084,0.01088,0.01089,0.01091,0.01093,0.01102,8764,143611,150553,124430,103240,7183,78496,9426,82587,55105,94233,144790,103327,120518,70281,598,7452,11977,586,2329
61,0.01076,0.01075,0.01074,0.01073,0.01072,0.01071,0.0107,0.01069,0.01068,0.01067,0.01077,0.01078,0.01079,0.0108,0.01081,0.01082,0.01083,0.01084,0.01087,0.01088,3505,126077,114723,113137,8384,73758,14139,7587,83962,7550,3064,78055,102086,178656,70968,100750,98918,93208,7452,598
62,0.01076,0.01075,0.01074,0.01073,0.01072,0.01071,0.0107,0.01069,0.01068,0.01067,0.01077,0.01078,0.01079,0.0108,0.01081,0.01082,0.01083,0.01087,0.01088,0.01091,4377,97198,147229,113137,8384,7442,17475,148959,8962,7550,3064,78055,102086,244352,70968,128481,100463,7452,598,11977
63,0.01076,0.01075,0.01074,0.01073,0.01072,0.01071,0.0107,0.01069,0.01068,0.01067,0.01077,0.01078,0.01079,0.0108,0.01081,0.01082,0.01083,0.01087,0.01088,0.01091,4117,97198,147229,113137,8384,7442,17475,148959,8962,7550,3064,78055,102086,244352,70968,100750,128169,7452,598,11977
64,0.01076,0.01075,0.01074,0.01073,0.01072,0.01071,0.0107,0.01069,0.01068,0.01067,0.01077,0.01078,0.01079,0.0108,0.01081,0.01082,0.01083,0.01087,0.01088,0.01091,1758,97198,147229,113137,8384,7442,17475,148959,8962,7550,3064,78055,102086,103656,211603,128481,100463,7452,598,11977
65,0.01075,0.01074,0.01073,0.01072,0.01071,0.0107,0.01069,0.01068,0.01067,0.01066,0.01077,0.01078,0.01079,0.0108,0.01081,0.01082,0.01083,0.01087,0.01088,0.01091,94742,147229,113137,8384,7442,17483,148959,8962,7550,16875,3064,78055,102086,169352,147347,130026,97539,7452,598,11977
66,0.01072,0.01071,0.0107,0.01069,0.01068,0.01067,0.01066,0.01065,0.01064,0.01063,0.01076,0.01077,0.01078,0.01079,0.0108,0.01081,0.01082,0.01083,0.01085,0.01088,3517,32537,146106,148959,10168,52156,14181,56172,488249,45722,91458,105570,12046,94129,166031,172545,95674,92807,7452,12524
67,0.01072,0.01071,0.0107,0.01069,0.01068,0.01067,0.01066,0.01065,0.01064,0.01063,0.01074,0.01075,0.01076,0.01077,0.01078,0.01079,0.0108,0.01081,0.01082,0.01083,2215,35618,146106,102199,54732,73978,89181,8519,69303,52776,5748,45086,43704,105570,77797,94129,128109,144009,102295,92807
68,0.01073,0.01072,0.01071,0.0107,0.01069,0.01068,0.01067,0.01066,0.01065,0.01064,0.01074,0.01075,0.01076,0.01077,0.01078,0.01079,0.0108,0.01081,0.01082,0.01084,17093,3704,32537,136680,146722,10168,46586,155644,51853,41161,45806,118931,103051,106748,109079,94129,123386,144009,6621,7452
69,0.01073,0.01072,0.01071,0.0107,0.01069,0.01068,0.01067,0.01066,0.01065,0.01064,0.01074,0.01075,0.01076,0.01077,0.01078,0.01079,0.0108,0.01081,0.01082,0.01084,14655,3704,32537,133336,146722,10168,107698,89181,113922,43362,55744,117637,98716,174051,110624,169129,123386,7498,6621,7452
70,0.01071,0.0107,0.01069,0.01068,0.01067,0.01066,0.01065,0.01064,0.01063,0.01062,0.01073,0.01074,0.01075,0.01076,0.01077,0.01078,0.01079,0.0108,0.01081,0.01082,7086,143511,102199,169675,73965,89181,70588,43362,57930,455773,3075,71547,120403,76138,170345,110624,169129,123386,7498,6621
71,0.01071,0.0107,0.01069,0.01068,0.01067,0.01066,0.01065,0.01064,0.01063,0.01062,0.01074,0.01075,0.01076,0.01077,0.01078,0.01079,0.0108,0.01081,0.01082,0.01083,22902,113005,102199,125111,35783,155617,70588,43362,9109,455773,66325,120403,141957,104547,110624,196921,95612,7498,6621,7452
72,0.01071,0.0107,0.01069,0.01068,0.01067,0.01066,0.01065,0.01064,0.01063,0.01062,0.01074,0.01075,0.01076,0.01077,0.01078,0.01079,0.0108,0.01081,0.01082,0.01083,21289,113005,102199,125111,87217,155617,36635,77361,9109,455773,66325,120403,141957,104547,110624,121921,95612,82498,6621,7452
73,0.01071,0.0107,0.01069,0.01068,0.01067,0.01066,0.01065,0.01064,0.01063,0.01062,0.01074,0.01075,0.01076,0.01077,0.01078,0.01079,0.0108,0.01081,0.01082,0.01083,23764,113005,102199,169675,82550,80617,36635,77361,9109,455773,61855,120403,141957,104547,138444,94129,95612,82498,6621,7452
74,0.01073,0.01071,0.0107,0.01069,0.01068,0.01067,0.01066,0.01065,0.01064,0.01063,0.01074,0.01075,0.01076,0.01077,0.01078,0.01079,0.0108,0.01081,0.01082,0.01083,2223,99040,166066,146722,125111,7550,155617,36635,77361,449159,13962,120403,166168,103042,138444,94129,95612,82498,6621,7452
75,0.01073,0.01071,0.0107,0.01069,0.01068,0.01067,0.01066,0.01065,0.01064,0.01063,0.01074,0.01075,0.01076,0.01077,0.01078,0.01079,0.0108,0.01081,0.01082,0.01083,2086,113011,145653,146722,125111,73965,89181,36635,77361,449159,13962,120403,76138,168840,110624,121926,95612,82498,6621,7452
76,0.01073,0.01071,0.0107,0.01069,0.01068,0.01067,0.01066,0.01065,0.01064,0.01063,0.01074,0.01075,0.01076,0.01077,0.01078,0.01079,0.0108,0.01081,0.01082,0.01083,932,25920,134479,102199,169675,73965,14181,111635,77361,9109,25485,120403,100349,168840,110624,121926,95612,82498,6621,7452
77,0.01074,0.01073,0.01072,0.01071,0.0107,0.01069,0.01068,0.01067,0.01066,0.01065,0.01075,0.01076,0.01077,0.01078,0.01079,0.0108,0.01081,0.01082,0.01085,0.01088,20850,8831,102363,73809,123600,224370,103574,73965,14192,36635,97930,115547,170233,101235,121926,4700,82498,6621,19429,598
78,0.01074,0.01073,0.01072,0.01071,0.0107,0.01069,0.01068,0.01067,0.01066,0.01065,0.01076,0.01077,0.01078,0.01079,0.0108,0.01081,0.01082,0.01085,0.01088,0.01092,24736,32978,141712,147418,103165,104847,169954,7550,89192,36635,88788,127162,101235,166925,32475,82498,6621,19429,598,2323
79,0.01075,0.01074,0.01073,0.01072,0.01071,0.0107,0.01069,0.01068,0.01067,0.01066,0.01078,0.01079,0.0108,0.01081,0.01082,0.01087,0.01088,0.01092,0.01093,0.01099,43182,103337,86754,138162,105108,103165,103639,174765,82550,16875,147083,168104,130320,83877,11349,7452,12542,2323,586,21806
80,0.01075,0.01074,0.01073,0.01072,0.01071,0.0107,0.01069,0.01068,0.01067,0.01066,0.01078,0.01079,0.0108,0.01081,0.01082,0.01087,0.01088,0.01092,0.01093,0.01099,41526,131275,86754,110178,105108,169475,178639,108385,7550,44967,122811,125114,168241,83877,39080,7452,12542,2323,586,21806
81,0.01075,0.01074,0.01073,0.01072,0.01071,0.0107,0.01069,0.01068,0.01067,0.01066,0.01077,0.01078,0.01079,0.0108,0.01081,0.01082,0.01087,0.01088,0.01092,0.01093,40731,103337,111643,107970,105108,169475,178639,108385,7550,44967,3064,122811,125114,102545,177269,11349,7452,12542,2323,586
82,0.01075,0.01074,0.01073,0.01072,0.01071,0.0107,0.01069,0.01068,0.01067,0.01066,0.01077,0.01078,0.01079,0.0108,0.01081,0.01082,0.01087,0.01088,0.01092,0.01093,19830,134600,111643,107970,105108,169475,103639,108385,7550,119967,25791,122811,102387,102545,177269,11349,7452,12542,2323,586
83,0.01075,0.01074,0.01073,0.01072,0.01071,0.0107,0.01069,0.01068,0.01067,0.01066,0.01077,0.01078,0.01079,0.0108,0.01081,0.01082,0.01087,0.01088,0.01092,0.01093,19003,162536,83679,107970,105108,103165,169998,108385,82550,44967,25791,122811,102387,168228,111634,11349,7452,12542,2323,586
84,0.01075,0.01074,0.01073,0.01072,0.01071,0.0107,0.01069,0.01068,0.01067,0.01066,0.01077,0.01078,0.01079,0.0108,0.01081,0.01082,0.01086,0.01087,0.01088,0.01092,16771,131273,88180,126591,105108,103165,169998,183385,7550,476326,25791,122811,102387,168228,110255,11349,7452,1379,12542,2323
85,0.01075,0.01074,0.01073,0.01072,0.01071,0.0107,0.01069,0.01068,0.01067,0.01066,0.01077,0.01078,0.01079,0.0108,0.01081,0.01082,0.01086,0.01088,0.01092,0.01093,15499,131273,88180,126591,105108,213942,103639,183385,445950,37516,25791,122811,102387,168228,82498,39078,8831,12542,2323,586
86,0.01077,0.01076,0.01075,0.01074,0.01073,0.01072,0.01071,0.0107,0.01069,0.01068,0.01078,0.01079,0.0108,0.01081,0.01082,0.01083,0.01088,0.01092,0.01093,0.01099,9671,97370,57477,118886,60419,106328,149547,174273,541219,8962,4374,151204,168228,83689,35729,4737,19994,2323,586,21806
87,0.01077,0.01076,0.01075,0.01074,0.01073,0.01072,0.01071,0.0107,0.01069,0.01068,0.01078,0.01079,0.0108,0.01081,0.01082,0.01083,0.01088,0.01092,0.01093,0.01099,8320,97370,57477,118886,60419,172542,149547,545147,103639,83962,4374,126993,126756,149351,8000,32446,19994,2323,586,21806
88,0.01077,0.01076,0.01075,0.01074,0.01073,0.01072,0.01071,0.0107,0.01069,0.01068,0.01078,0.01079,0.0108,0.01081,0.01082,0.01083,0.01085,0.01088,0.01092,0.01093,10041,97370,63678,128087,29712,173716,103926,107976,541219,83962,608,119914,126756,149351,8665,32446,6603,19994,2323,586
89,0.01077,0.01076,0.01075,0.01074,0.01073,0.01072,0.01071,0.0107,0.01069,0.01068,0.01079,0.0108,0.01081,0.01082,0.01083,0.01085,0.01088,0.01092,0.01093,0.01099,8070,96027,32699,146829,29712,173716,103926,182976,541219,8962,119587,126756,83689,72901,33827,6603,19994,2323,586,21806
90,0.01076,0.01075,0.01074,0.01073,0.01072,0.01071,0.0107,0.01069,0.01068,0.01067,0.01078,0.01079,0.0108,0.01081,0.01082,0.01083,0.01085,0.01088,0.01092,0.01093,131308,106417,167178,103450,169815,94480,13540,446607,83962,15002,29566,119587,102545,83689,72901,33827,6603,19994,2323,586
91,0.01077,0.01076,0.01075,0.01074,0.01073,0.01072,0.01071,0.0107,0.01069,0.01068,0.01078,0.01079,0.0108,0.01081,0.01082,0.01083,0.01085,0.01088,0.01092,0.01093,15462,32568,110803,161349,103450,103601,169399,13540,9027,83962,5355,119587,126756,149338,35019,6116,6603,19994,2323,586
92,0.01077,0.01076,0.01075,0.01074,0.01073,0.01072,0.01071,0.0107,0.01069,0.01068,0.01078,0.01079,0.0108,0.01081,0.01082,0.01083,0.01085,0.01088,0.01092,0.01093,14672,32568,110803,161349,103450,169815,103137,88540,9027,8962,4351,119587,126756,149338,35019,6116,6603,19994,2323,586
93,0.01077,0.01076,0.01075,0.01074,0.01073,0.01072,0.01071,0.0107,0.01069,0.01068,0.01078,0.01079,0.0108,0.01081,0.01082,0.01083,0.01088,0.01092,0.01093,0.01099,13510,43089,100216,133406,131417,169815,103137,88540,9027,8962,3687,119587,126756,149338,41640,6116,19994,2323,586,21806
94,0.01077,0.01076,0.01075,0.01074,0.01073,0.01072,0.01071,0.0107,0.01069,0.01068,0.01078,0.01079,0.0108,0.01081,0.01082,0.01083,0.01088,0.01092,0.01093,0.01099,12787,32568,114139,133406,103450,197808,103137,13540,9027,83962,5109,119587,126756,177906,107242,6116,19994,2323,586,21806
95,0.01075,0.01074,0.01073,0.01072,0.01071,0.0107,0.01069,0.01068,0.01067,0.01066,0.01077,0.01078,0.01079,0.0108,0.01081,0.01082,0.01083,0.01087,0.01088,0.01092,4134,127578,117977,170564,103137,79837,9027,8962,82550,16330,6362,29320,123475,168228,177906,41636,6116,7452,12542,2323
96,0.01075,0.01074,0.01073,0.01072,0.01071,0.0107,0.01069,0.01068,0.01067,0.01066,0.01077,0.01078,0.01079,0.0108,0.01081,0.01082,0.01083,0.01087,0.01088,0.01092,3840,127578,117977,170564,103137,79837,9027,8962,82550,16330,6362,29320,123475,168228,177906,41636,6116,7452,12542,2323
97,0.01075,0.01074,0.01073,0.01072,0.01071,0.0107,0.01069,0.01068,0.01067,0.01066,0.01077,0.01078,0.01079,0.0108,0.01081,0.01082,0.01083,0.01087,0.01088,0.01092,1200,127578,117977,170564,103137,79837,84027,8962,7550,16330,6362,29320,123475,168228,177906,41636,6116,7452,12542,2323
98,0.01075,0.01074,0.01073,0.01072,0.01071,0.0107,0.01069,0.01068,0.01067,0.01066,0.01077,0.01078,0.01079,0.0108,0.01081,0.01082,0.01083,0.01087,0.01088,0.01092,2890,127578,117977,170564,178137,79837,9027,8962,7550,44426,6362,29320,123475,168228,205661,13907,6116,7452,12542,2323
99,0.01075,0.01074,0.01073,0.01072,0.01071,0.0107,0.01069,0.01068,0.01067,0.01066,0.01078,0.01079,0.0108,0.01081,0.01082,0.01083,0.01087,0.01088,0.01092,0.01093,3146,138712,122135,142571,169372,13540,84027,8962,7550,114483,34836,123475,168228,177906,41636,6116,7452,12542,2323,586
100,0.01076,0.01075,0.01074,0.01073,0.01072,0.01071,0.0107,0.01069,0.01068,0.01067,0.01078,0.01079,0.0108,0.01081,0.01082,0.01083,0.01087,0.01088,0.01092,0.01093,1123,23347,108642,129196,142571,169372,13540,9027,83962,7550,24258,123475,102545,243555,13907,33823,7452,12542,2323,586
101,0.01076,0.01075,0.01074,0.01073,0.01072,0.01071,0.0107,0.01069,0.01068,0.01067,0.01079,0.0108,0.01081,0.01082,0.01083,0.01088,0.01092,0.01093,0.01099,0.01103,3066,55065,112686,129549,123950,244372,13540,9027,8962,48901,130338,102545,243108,15286,32444,19994,2323,586,21806,586
102,0.01076,0.01075,0.01074,0.01073,0.01072,0.01071,0.0107,0.01069,0.01068,0.01067,0.01079,0.0108,0.01081,0.01082,0.01083,0.01088,0.01092,0.01093,0.01099,0.01103,2329,55065,112686,129549,190164,147587,13540,9027,83962,76963,130338,102545,177459,80888,32444,19994,2323,586,21806,586
103,0.01076,0.01075,0.01074,0.01073,0.01072,0.01071,0.0107,0.01069,0.01068,0.01067,0.01079,0.0108,0.01081,0.01082,0.01083,0.01088,0.01092,0.01093,0.01099,0.01103,3066,57332,111588,129549,190164,178137,13540,9027,8962,76963,130338,102545,177459,79509,33823,19994,2323,586,21806,586
104,0.01076,0.01075,0.01074,0.01073,0.01072,0.01071,0.0107,0.01069,0.01068,0.01067,0.01079,0.0108,0.01081,0.01082,0.01083,0.01088,0.01092,0.01093,0.01099,0.01103,2272,57332,111588,101587,218157,103137,13540,9027,83962,76963,127957,102545,177459,13907,33823,19994,2323,586,21806,586
105,0.01075,0.01074,0.01073,0.01072,0.01071,0.0107,0.01069,0.01068,0.01067,0.01066,0.01078,0.01079,0.0108,0.01081,0.01082,0.01083,0.01084,0.01087,0.01088,0.01092,123743,136457,132115,190164,147587,88540,9027,8962,69513,52225,37044,97347,102545,243121,7286,6116,27683,14043,12542,2323
106,0.01075,0.01074,0.01073,0.01072,0.01071,0.0107,0.01069,0.01068,0.01067,0.01066,0.01078,0.01079,0.0108,0.01081,0.01082,0.01083,0.01087,0.01088,0.01092,0.01093,121975,169504,135585,123950,169385,88540,9027,8962,69518,52227,19984,97347,168241,177459,7286,33821,14043,12542,2323,586
107,0.01075,0.01074,0.01073,0.01072,0.01071,0.0107,0.01069,0.01068,0.01067,0.01066,0.01078,0.01079,0.0108,0.01081,0.01082,0.01083,0.01087,0.01088,0.01092,0.01093,130419,169504,101587,123950,213836,13540,9027,83962,69518,52227,19984,97347,168241,177459,7286,33821,14043,12542,2323,586
108,0.01077,0.01076,0.01075,0.01074,0.01073,0.01072,0.01071,0.0107,0.01069,0.01068,0.01078,0.01079,0.0108,0.01081,0.01082,0.01083,0.01087,0.01088,0.01092,0.01093,1422,43166,117499,128875,129551,103601,169385,13540,84027,37002,7986,117996,168241,177459,7286,33821,6591,19994,2323,586
109,0.01077,0.01076,0.01075,0.01074,0.01073,0.01072,0.01071,0.0107,0.01069,0.01068,0.01078,0.01079,0.0108,0.01081,0.01082,0.01083,0.01088,0.01092,0.01093,0.01099,41,43166,117499,156816,145972,169815,178137,13540,37040,8962,5448,117996,102545,243121,7286,40436,19994,2323,586,21806
110,0.01076,0.01075,0.01074,0.01073,0.01072,0.01071,0.0107,0.01069,0.01068,0.01067,0.01077,0.01078,0.01079,0.0108,0.01081,0.01082,0.01083,0.01084,0.01087,0.01088,5941,152730,177726,101587,214241,103137,13540,37040,83962,41454,4980,23710,100131,102545,243121,8665,11352,27683,7452,12542
111,0.01076,0.01075,0.01074,0.01073,0.01072,0.01071,0.0107,0.01069,0.01068,0.01067,0.01079,0.0108,0.01081,0.01082,0.01083,0.01088,0.01092,0.01093,0.01099,0.01103,28182,152730,131104,129551,214241,103137,13540,37040,83962,51103,124427,102545,243121,35017,11352,19994,2323,586,21806,586
112,0.01076,0.01075,0.01074,0.01073,0.01072,0.01071,0.0107,0.01069,0.01068,0.01067,0.01079,0.0108,0.01081,0.01082,0.01083,0.01087,0.01088,0.01092,0.01093,0.01099,38663,140595,131104,129551,214241,103137,13540,9027,83962,51102,124427,102545,243121,7286,33825,6591,19994,2323,586,21806
113,0.01077,0.01076,0.01075,0.01074,0.01073,0.01072,0.01071,0.0107,0.01069,0.01068,0.01079,0.0108,0.01081,0.01082,0.01083,0.01084,0.01087,0.01088,0.01092,0.01093,7306,145657,145389,130824,212124,103601,8657,88540,37031,42834,117336,102545,177459,72888,6116,27683,6591,19994,2323,586
114,0.01077,0.01076,0.01075,0.01074,0.01073,0.01072,0.01071,0.0107,0.01069,0.01068,0.01079,0.0108,0.01081,0.01082,0.01083,0.01084,0.01087,0.01088,0.01092,0.01093,6542,145657,145389,130824,212124,103601,8657,88540,37031,78896,117336,102545,177459,72888,6116,27683,6591,19994,2323,586
115,0.01078,0.01077,0.01076,0.01075,0.01074,0.01073,0.01072,0.01071,0.0107,0.01069,0.0108,0.01081,0.01082,0.01083,0.01084,0.01085,0.01087,0.01088,0.01089,0.01091,2450,149581,119873,122648,610711,168928,12513,83657,8729,37031,27671,176268,74095,6627,29062,4734,6591,598,7452,12011
116,0.01078,0.01077,0.01076,0.01075,0.01074,0.01073,0.01072,0.01071,0.0107,0.01069,0.0108,0.01081,0.01082,0.01083,0.01084,0.01085,0.01087,0.01088,0.01089,0.0109,1787,177450,119873,96774,202400,102776,448868,111609,42538,45060,23312,176268,102579,72209,1379,4734,27612,598,7452,6573
117,0.01078,0.01077,0.01076,0.01075,0.01074,0.01073,0.01072,0.01071,0.0107,0.01069,0.01079,0.0108,0.01081,0.01082,0.01083,0.01084,0.01085,0.01086,0.01087,0.01088,1130,149581,147768,96774,202400,102776,12513,36609,479709,120060,4633,111898,176268,102579,72209,1379,4734,27638,6591,598
118,0.01078,0.01077,0.01076,0.01075,0.01074,0.01073,0.01072,0.01071,0.0107,0.01069,0.01079,0.0108,0.01081,0.01082,0.01083,0.01084,0.01085,0.01087,0.01088,0.01089,398,112482,119873,130657,202400,102776,12513,111609,479709,45060,3650,111898,176268,102579,72209,1379,32395,6591,598,7452
119,0.01077,0.01076,0.01075,0.01074,0.01073,0.01072,0.01071,0.0107,0.01069,0.01068,0.0108,0.01081,0.01082,0.01083,0.01085,0.01088,0.01089,0.01091,0.01093,0.01096,154008,119873,97868,637943,102776,12513,111609,42538,45060,16414,7089,179320,102579,73588,32395,598,7452,12011,586,6537
120,0.01079,0.01078,0.01077,0.01076,0.01075,0.01074,0.01073,0.01072,0.01071,0.0107,0.01081,0.01082,0.01083,0.01084,0.01085,0.01087,0.01088,0.01091,0.01092,0.01093,7106,129739,143465,600913,150294,99584,7414,87513,36609,49990,82688,102579,8006,40898,4734,27616,598,19463,6561,586
121,0.01082,0.01081,0.0108,0.01079,0.01078,0.01077,0.01076,0.01075,0.01074,0.01073,0.01083,0.01084,0.01085,0.01086,0.01087,0.01088,0.01089,0.0109,0.01093,0.01095,8655,30606,97054,53739,151105,539543,134925,110805,7394,86212,1314,43909,101801,8475,34243,75598,4813,1379,8038,12032
122,0.01083,0.01082,0.01081,0.0108,0.01079,0.01078,0.01077,0.01076,0.01075,0.01074,0.01084,0.01085,0.01086,0.01087,0.01088,0.01089,0.0109,0.01091,0.01093,0.01094,7149,6269,59577,162576,106558,102235,647564,101907,15980,35268,6558,101801,7286,134304,82501,4813,1379,27523,586,7452
123,0.01083,0.01082,0.01081,0.0108,0.01079,0.01078,0.01077,0.01076,0.01075,0.01074,0.01084,0.01085,0.01086,0.01087,0.01088,0.01089,0.0109,0.01093,0.01094,0.01095,5538,6269,59577,162576,106558,135239,539543,101907,15980,110268,6558,101801,7286,101587,115202,32390,1379,586,7452,18575
124,0.01083,0.01082,0.01081,0.0108,0.01079,0.01078,0.01077,0.01076,0.01075,0.01074,0.01084,0.01085,0.01086,0.01087,0.01088,0.01089,0.0109,0.01093,0.01094,0.01095,4275,6269,59577,162576,106558,136438,538340,101907,15980,110268,6558,101801,7286,101587,115202,32390,1379,586,7452,18575
125,0.01081,0.0108,0.01079,0.01078,0.01077,0.01076,0.01075,0.01074,0.01073,0.01072,0.01084,0.01085,0.01086,0.01087,0.01088,0.01089,0.0109,0.01093,0.01095,0.01102,63318,123678,145456,136438,538340,172253,12937,35268,7414,49013,6558,101801,7286,101587,115202,32390,1379,8038,12032,2321
126,0.01081,0.0108,0.01079,0.01078,0.01077,0.01076,0.01075,0.01074,0.01073,0.01072,0.01084,0.01085,0.01086,0.01087,0.01088,0.01089,0.0109,0.01093,0.01095,0.01102,62616,123678,145456,103434,571361,172253,12937,35268,7414,49013,5295,101801,7286,134304,82501,32390,1379,8038,12032,2321
127,0.01081,0.0108,0.01079,0.01078,0.01077,0.01076,0.01075,0.01074,0.01073,0.01072,0.01084,0.01085,0.01086,0.01087,0.01088,0.01089,0.0109,0.01093,0.01095,0.01102,46911,123678,145456,103434,571361,172253,12937,35268,7414,49013,5295,101801,7286,134304,82501,32390,1379,8038,12032,2321
128,0.01081,0.0108,0.01079,0.01078,0.01077,0.01076,0.01075,0.01074,0.01073,0.01072,0.01084,0.01085,0.01086,0.01087,0.01088,0.01089,0.0109,0.01093,0.01095,0.011,34074,143547,145456,103434,571361,169217,12937,35268,7414,49016,5295,101801,7286,134304,82501,32390,1379,8038,12032,6513
129,0.01081,0.0108,0.01079,0.01078,0.01077,0.01076,0.01075,0.01074,0.01073,0.01072,0.01083,0.01084,0.01085,0.01086,0.01087,0.01088,0.01089,0.0109,0.01093,0.01095,29349,143547,145456,103434,137031,169217,12937,470811,7414,49016,7827,26970,101801,7286,134304,82501,32390,1379,8038,12032
130,0.01081,0.0108,0.01079,0.01078,0.01077,0.01076,0.01075,0.01074,0.01073,0.01072,0.01083,0.01084,0.01085,0.01086,0.01087,0.01088,0.01089,0.0109,0.01093,0.01095,5102,143547,157426,103434,137031,221289,448075,7394,35321,49016,7070,26970,101801,40027,101587,110098,4813,1379,8038,12032
131,0.01081,0.0108,0.01079,0.01078,0.01077,0.01076,0.01075,0.01074,0.01073,0.01072,0.01082,0.01083,0.01084,0.01085,0.01086,0.01087,0.01088,0.01089,0.01092,0.01093,4254,111737,154096,113837,134505,146289,12937,442937,110321,41564,6715,3047,28191,101801,41406,101587,110098,4813,7452,586
132,0.01078,0.01077,0.01076,0.01075,0.01074,0.01073,0.01072,0.01071,0.0107,0.01069,0.0108,0.01081,0.01082,0.01083,0.01084,0.01085,0.01086,0.01087,0.01088,0.0109,92432,163643,146617,103444,51752,84604,481720,118925,6572,27457,13098,3052,40897,97480,87630,126763,29025,105201,82501,14025
133,0.01077,0.01076,0.01075,0.01074,0.01073,0.01072,0.01071,0.0107,0.01069,0.01068,0.0108,0.01081,0.01082,0.01083,0.01084,0.01085,0.01086,0.01087,0.01088,0.01089,124248,113579,162809,134589,84482,481720,110974,6572,7973,15412,13530,9773,83166,130271,4663,121662,6128,100408,82501,7452
134,0.01077,0.01076,0.01075,0.01074,0.01073,0.01072,0.01071,0.0107,0.01069,0.01068,0.0108,0.01081,0.01082,0.01083,0.01084,0.01085,0.01086,0.01087,0.01088,0.01089,121843,125362,142265,178947,40083,481720,110974,6572,7973,15412,12132,9773,83166,130271,4663,121662,6128,100408,82501,7452
135,0.01076,0.01075,0.01074,0.01073,0.01072,0.01071,0.0107,0.01069,0.01068,0.01067,0.01079,0.0108,0.01081,0.01082,0.01083,0.01084,0.01085,0.01086,0.01087,0.01088,144209,132950,152405,145986,39549,12357,545993,7973,7960,72999,3058,35455,103946,82718,127224,3472,126477,1379,100408,89953
136,0.01076,0.01075,0.01074,0.01073,0.01072,0.01071,0.0107,0.01069,0.01068,0.01067,0.01079,0.0108,0.01081,0.01082,0.01083,0.01084,0.01085,0.01086,0.01087,0.01088,175530,132950,95333,145986,39549,59942,553904,44015,7960,72999,5914,35455,103946,82718,94433,63896,98814,1379,100408,89953
137,0.01075,0.01074,0.01073,0.01072,0.01071,0.0107,0.01069,0.01068,0.01067,0.01066,0.01079,0.0108,0.01081,0.01082,0.01083,0.01084,0.01085,0.01086,0.01087,0.01088,194422,117682,172364,132358,88765,478904,44015,7960,72999,42412,5914,80738,103946,13630,127197,31155,98814,1379,100408,89953
138,0.01075,0.01074,0.01073,0.01072,0.01071,0.0107,0.01069,0.01068,0.01067,0.01066,0.01079,0.0108,0.01081,0.01082,0.01083,0.01084,0.01085,0.01086,0.01087,0.01088,193630,117682,127965,176799,88765,521874,44015,7960,72999,42412,5914,80738,103946,13630,127197,31155,98814,1379,100408,89953
139,0.01075,0.01074,0.01073,0.01072,0.01071,0.0107,0.01069,0.01068,0.01067,0.01066,0.01079,0.0108,0.01081,0.01082,0.01083,0.01084,0.01085,0.01086,0.01087,0.01088,192891,117682,129371,132358,87357,521874,44015,7960,72999,42412,2856,80738,103946,13630,94433,63889,98814,1379,100408,89953
140,0.01075,0.01074,0.01073,0.01072,0.01071,0.0107,0.01069,0.01068,0.01067,0.01066,0.01079,0.0108,0.01081,0.01082,0.01083,0.01084,0.01085,0.01086,0.01087,0.01088,236645,117682,127965,102032,87357,478904,44015,7960,72999,42412,1452,80738,100894,13630,94433,63889,98814,1379,100408,89953
141,0.01075,0.01074,0.01073,0.01072,0.01071,0.0107,0.01069,0.01068,0.01067,0.01066,0.01079,0.0108,0.01081,0.01082,0.01083,0.01084,0.01085,0.01086,0.01087,0.01088,190418,134437,145986,102032,115318,482710,44015,7960,72999,42412,4510,80738,100894,13630,94433,63889,98814,1379,100408,89953
142,0.01075,0.01074,0.01073,0.01072,0.01071,0.0107,0.01069,0.01068,0.01067,0.01066,0.01079,0.0108,0.01081,0.01082,0.01083,0.01084,0.01085,0.01086,0.01087,0.01088,233973,117682,132542,102032,115318,478904,44015,7960,72999,42412,3411,80738,100894,13630,127197,31155,98814,1379,100408,89953
143,0.01076,0.01075,0.01074,0.01073,0.01072,0.01071,0.0107,0.01069,0.01068,0.01067,0.01078,0.01079,0.0108,0.01081,0.01082,0.01083,0.01084,0.01085,0.01087,0.01088,2865,105789,136174,145505,102032,115318,41733,44015,445950,72999,31275,97275,9075,100894,13630,161060,3472,93999,100408,89953
144,0.01076,0.01075,0.01074,0.01073,0.01072,0.01071,0.0107,0.01069,0.01068,0.01067,0.01078,0.01079,0.0108,0.01081,0.01082,0.01083,0.01084,0.01085,0.01087,0.01088,1113,31526,136174,256042,102032,115318,41733,44015,445950,72999,31275,97275,79646,102070,97942,100589,3472,93999,100408,89953
145,0.01076,0.01075,0.01074,0.01073,0.01072,0.01071,0.0107,0.01069,0.01068,0.01067,0.01078,0.01079,0.0108,0.01081,0.01082,0.01083,0.01084,0.01085,0.01087,0.01088,3423,31526,136174,256042,102032,115318,124665,44015,445950,72999,34336,97275,79646,102070,97942,100589,3472,93999,106999,89953
146,0.01075,0.01074,0.01073,0.01072,0.01071,0.0107,0.01069,0.01068,0.01067,0.01066,0.01078,0.01079,0.0108,0.01081,0.01082,0.01083,0.01084,0.01085,0.01087,0.01088,25246,136174,200434,146473,204763,133272,44015,445950,65547,38080,34336,97275,79646,102070,97942,100589,3472,93999,114451,82501
147,0.01076,0.01075,0.01074,0.01073,0.01072,0.01071,0.0107,0.01069,0.01068,0.01067,0.01077,0.01078,0.01079,0.0108,0.01081,0.01082,0.01083,0.01084,0.01085,0.01087,3066,4764,190888,133108,136330,204763,133272,44015,445950,65547,5303,28263,97275,79646,102070,97942,100589,3472,93999,114451
148,0.01076,0.01075,0.01074,0.01073,0.01072,0.01071,0.0107,0.01069,0.01068,0.01067,0.01077,0.01078,0.01079,0.0108,0.01081,0.01082,0.01083,0.01084,0.01085,0.01087,2244,23560,126323,177507,136330,204763,133272,44015,445950,65547,5303,28263,97275,79646,129826,70209,100589,3472,93999,114451
149,0.01076,0.01075,0.01074,0.01073,0.01072,0.01071,0.0107,0.01069,0.01068,0.01067,0.01078,0.01079,0.0108,0.01081,0.01082,0.01083,0.01084,0.01085,0.01087,0.01088,2508,35655,169733,114513,154427,129763,605481,44015,7960,65547,4646,97275,41348,102070,65588,100589,1221,93999,114451,82501
150,0.01076,0.01075,0.01074,0.01073,0.01072,0.01071,0.0107,0.01069,0.01068,0.01067,0.01078,0.01079,0.0108,0.01081,0.01083,0.01084,0.01085,0.01087,0.01088,0.01089,1144,35655,131513,132594,180771,204763,93310,84014,445950,65547,7707,97275,107826,162653,100589,1221,93999,114451,82501,11988
151,0.01076,0.01075,0.01074,0.01073,0.01072,0.01071,0.0107,0.01069,0.01068,0.01067,0.01078,0.01079,0.0108,0.01081,0.01083,0.01084,0.01085,0.01087,0.01088,0.01089,431,68663,131513,176993,103237,207158,130875,44015,445950,65547,7707,97275,107826,129828,133353,1221,93999,114451,82501,11988
152,0.01075,0.01074,0.01073,0.01072,0.01071,0.0107,0.01069,0.01068,0.01067,0.01066,0.01078,0.01079,0.0108,0.01081,0.01083,0.01084,0.01085,0.01087,0.01088,0.01089,35494,131513,165663,147678,207158,130875,44015,445950,65547,30206,7707,97275,107826,162653,100589,1221,93999,114451,82501,11988
153,0.01077,0.01076,0.01075,0.01074,0.01073,0.01072,0.01071,0.0107,0.01069,0.01068,0.01078,0.01079,0.0108,0.01081,0.01083,0.01084,0.01085,0.01087,0.01088,0.01089,7708,32897,118468,147246,176993,178237,37898,130875,44015,445950,3061,101919,107826,129828,133346,1221,93999,106999,89953,11988
154,0.01077,0.01076,0.01075,0.01074,0.01073,0.01072,0.01071,0.0107,0.01069,0.01068,0.01078,0.01079,0.0108,0.01081,0.01083,0.01084,0.01085,0.01087,0.01088,0.01089,6305,32897,151483,114214,176993,178237,9937,158861,44015,445950,3061,101919,107826,129828,133346,1221,93999,106999,89953,11988
155,0.01077,0.01076,0.01075,0.01074,0.01073,0.01072,0.01071,0.0107,0.01069,0.01068,0.01078,0.01079,0.0108,0.01081,0.01083,0.01084,0.01085,0.01087,0.01088,0.01089,5554,32897,118468,114214,165670,178237,9937,118899,44015,445950,2116,101919,107826,162659,100589,1221,93999,106999,89953,11988
156,0.01075,0.01074,0.01073,0.01072,0.01071,0.0107,0.01069,0.01068,0.01067,0.01066,0.01078,0.01079,0.0108,0.01081,0.01082,0.01083,0.01084,0.01085,0.01087,0.01088,24164,136622,210069,128712,84937,118899,44015,445950,65547,36993,2116,145223,107826,134901,27734,100589,1221,93999,114451,82501
157,0.01075,0.01074,0.01073,0.01072,0.01071,0.0107,0.01069,0.01068,0.01067,0.01066,0.01077,0.01078,0.01079,0.0108,0.01081,0.01083,0.01084,0.01085,0.01087,0.01088,4458,156022,176993,130295,212403,118899,84014,445950,7908,14239,6121,28549,101919,140668,129830,100589,1221,93999,114451,82501
158,0.01075,0.01074,0.01073,0.01072,0.01071,0.0107,0.01069,0.01068,0.01067,0.01066,0.01077,0.01078,0.01079,0.0108,0.01081,0.01083,0.01084,0.01085,0.01087,0.01088,3742,136622,171782,180765,180693,117490,84014,445950,7908,14239,6121,28549,101919,168448,102070,100589,1221,93999,114451,82501
159,0.01076,0.01075,0.01074,0.01073,0.01072,0.01071,0.0107,0.01069,0.01068,0.01067,0.01077,0.01078,0.01079,0.0108,0.01081,0.01083,0.01084,0.01085,0.01087,0.01088,2089,34504,127600,148441,180765,180693,117490,84014,445950,7908,6121,96420,101919,168448,102070,100589,1221,93999,114451,82501
160,0.01074,0.01073,0.01072,0.01071,0.0107,0.01069,0.01068,0.01067,0.01066,0.01065,0.01076,0.01077,0.01078,0.01079,0.0108,0.01081,0.01082,0.01083,0.01084,0.01085,4266,49494,203294,126061,127029,40713,77928,7908,54372,477035,967,35801,94761,101919,163620,100894,4704,95812,7830,93999
161,0.01072,0.01071,0.0107,0.01069,0.01068,0.01067,0.01066,0.01065,0.01064,0.01063,0.01074,0.01075,0.01076,0.01077,0.01078,0.01079,0.0108,0.01081,0.01082,0.01083,4161,136453,114760,155553,114675,50952,111490,30360,503243,14942,8964,65359,132110,4762,135824,98861,99067,100894,1379,94433
162,0.01069,0.01068,0.01067,0.01066,0.01065,0.01064,0.01063,0.01062,0.01061,0.0106,0.01072,0.01073,0.01074,0.01075,0.01076,0.01077,0.01078,0.01079,0.0108,0.01081,93244,87373,134701,166992,160420,18882,490746,70997,63634,54049,3078,74228,110263,13921,122441,4762,131891,106253,95639,183346
163,0.01068,0.01067,0.01066,0.01065,0.01064,0.01063,0.01062,0.01061,0.0106,0.01059,0.01072,0.01073,0.01074,0.01075,0.01076,0.01077,0.01078,0.01079,0.0108,0.01081,54203,133857,166992,188946,11464,69176,511461,63634,42311,32594,3078,83897,110263,4252,122441,37621,99029,106253,95639,199610
164,0.01069,0.01068,0.01067,0.01066,0.01065,0.01064,0.01063,0.01062,0.01061,0.0106,0.01072,0.01073,0.01074,0.01075,0.01076,0.01077,0.01078,0.01079,0.0108,0.01081,27934,155636,131862,166226,155717,54629,506245,30734,63634,42311,2399,84485,110263,32904,94568,37621,100534,106253,170639,124610
165,0.0107,0.01069,0.01068,0.01067,0.01066,0.01065,0.01064,0.01063,0.01062,0.01061,0.01073,0.01074,0.01075,0.01076,0.01077,0.01078,0.01079,0.0108,0.01081,0.01082,25814,104469,109111,159270,162413,151893,11464,25970,471198,71086,31776,110263,119257,95332,37621,100534,106253,180276,107521,8997
166,0.0107,0.01069,0.01068,0.01067,0.01066,0.01065,0.01064,0.01063,0.01062,0.01061,0.01072,0.01073,0.01074,0.01075,0.01076,0.01077,0.01078,0.01079,0.0108,0.01081,2341,40048,148593,116226,155508,155717,54629,506245,30734,63640,3078,77416,110263,14509,123200,37630,100534,106253,180276,114973
167,0.0107,0.01069,0.01068,0.01067,0.01066,0.01065,0.01064,0.01063,0.01062,0.01061,0.01072,0.01073,0.01074,0.01075,0.01076,0.01077,0.01078,0.01079,0.0108,0.01081,1600,28321,105713,160108,157914,196371,11464,506245,30734,63640,3078,77416,110263,14509,123200,37630,100534,106253,172184,124610
168,0.01071,0.0107,0.01069,0.01068,0.01067,0.01066,0.01065,0.01064,0.01063,0.01062,0.01073,0.01074,0.01075,0.01076,0.01077,0.01078,0.01079,0.0108,0.01081,0.01082,3081,23862,76914,107124,165940,144138,151893,11464,25970,471198,63167,110263,14509,94568,33366,133372,106253,172184,107521,17089
169,0.0107,0.01069,0.01068,0.01067,0.01066,0.01065,0.01064,0.01063,0.01062,0.01061,0.01073,0.01074,0.01075,0.01076,0.01077,0.01078,0.01079,0.0108,0.01081,0.01082,34001,31977,150971,186604,144138,151893,11464,466020,30734,71089,40128,110263,90621,95332,32602,133372,106253,172184,107521,17089
170,0.0107,0.01069,0.01068,0.01067,0.01066,0.01065,0.01064,0.01063,0.01062,0.01061,0.01072,0.01073,0.01074,0.01075,0.01076,0.01077,0.01078,0.01079,0.0108,0.01081,35988,31977,157453,186604,144138,151893,11464,466020,30734,71089,5124,54729,110263,14509,123200,4762,133372,101609,170805,117158
171,0.0107,0.01069,0.01068,0.01067,0.01066,0.01065,0.01064,0.01063,0.01062,0.01061,0.01072,0.01073,0.01074,0.01075,0.01076,0.01077,0.01078,0.01079,0.0108,0.01081,4225,31977,113606,230492,177345,151893,11464,466020,30734,71089,5124,54729,110263,15273,122436,37630,100534,102988,170805,117158
172,0.0107,0.01069,0.01068,0.01067,0.01066,0.01065,0.01064,0.01063,0.01062,0.01061,0.01072,0.01073,0.01074,0.01075,0.01076,0.01077,0.01078,0.01079,0.0108,0.01081,3587,31977,113606,230492,177345,151893,11464,466020,30734,71089,5124,54729,110263,15273,122436,37630,100534,102988,170805,117158
173,0.0107,0.01069,0.01068,0.01067,0.01066,0.01065,0.01064,0.01063,0.01062,0.01061,0.01072,0.01073,0.01074,0.01075,0.01076,0.01077,0.01078,0.01079,0.0108,0.01081,5771,65091,113606,233106,148246,151893,11464,466020,30734,71089,5124,54729,110263,15273,122436,37630,100534,102988,170805,117158
174,0.0107,0.01069,0.01068,0.01067,0.01066,0.01065,0.01064,0.01063,0.01062,0.01061,0.01072,0.01073,0.01074,0.01075,0.01076,0.01077,0.01078,0.01079,0.0108,0.01081,5009,65091,113606,233106,148246,151893,11464,466020,30734,71089,5124,54729,110263,15273,122436,37630,100534,102988,180442,107521
175,0.0107,0.01069,0.01068,0.01067,0.01066,0.01065,0.01064,0.01063,0.01062,0.01061,0.01072,0.01073,0.01074,0.01075,0.01076,0.01077,0.01078,0.01079,0.0108,0.01081,4218,65091,113606,233106,148246,151893,11464,466020,30734,71089,5124,54729,110263,43165,94568,37630,100534,102988,170805,117158
176,0.01069,0.01068,0.01067,0.01066,0.01065,0.01064,0.01063,0.01062,0.01061,0.0106,0.01072,0.01073,0.01074,0.01075,0.01076,0.01077,0.01078,0.01079,0.0108,0.01081,901,132364,179864,162750,153308,54566,506245,30734,63637,13953,4651,54729,111027,14509,122434,37630,99029,102988,170805,124610
177,0.01069,0.01068,0.01067,0.01066,0.01065,0.01064,0.01063,0.01062,0.01061,0.0106,0.01072,0.01073,0.01074,0.01075,0.01076,0.01077,0.01078,0.01079,0.0108,0.01081,44145,133775,161852,149156,205830,11464,73555,471198,63637,13953,4005,54729,110263,109342,156089,4762,99029,102988,180442,114973
178,0.0107,0.01069,0.01068,0.01067,0.01066,0.01065,0.01064,0.01063,0.01062,0.01061,0.01072,0.01073,0.01074,0.01075,0.01076,0.01077,0.01078,0.01079,0.0108,0.01081,3084,47962,132366,181119,149156,207013,11464,25970,30734,48228,38689,147276,185263,126975,133207,4762,94304,112625,95805,13348
179,0.01069,0.01068,0.01067,0.01066,0.01065,0.01064,0.01063,0.01062,0.01061,0.0106,0.01072,0.01073,0.01074,0.01075,0.01076,0.01077,0.01078,0.01079,0.0108,0.01081,36274,132201,185841,168558,137601,47682,28304,54651,481655,60569,74041,108120,110263,97026,127172,6307,127142,102988,169260,30437
180,0.01069,0.01068,0.01067,0.01066,0.01065,0.01064,0.01063,0.01062,0.01061,0.0106,0.01071,0.01072,0.01073,0.01074,0.01075,0.01076,0.01077,0.01078,0.01079,0.0108,36655,132441,185841,166152,137601,47682,28304,54651,40776,501864,3081,74041,108120,182191,97026,127172,39168,103941,102988,94260
181,0.01069,0.01068,0.01067,0.01066,0.01065,0.01064,0.01063,0.01062,0.01061,0.0106,0.01071,0.01072,0.01073,0.01074,0.01075,0.01076,0.01077,0.01078,0.01079,0.0108,2729,209171,144604,166152,137601,47682,28304,7034,88393,501864,1927,74041,108120,107191,97026,127172,114168,94304,102988,94260
182,0.0107,0.01069,0.01068,0.01067,0.01066,0.01065,0.01064,0.01063,0.01062,0.01061,0.01072,0.01073,0.01074,0.01075,0.01076,0.01077,0.01078,0.01079,0.0108,0.01081,3084,71973,141976,161595,147895,137601,47682,25970,54651,489107,59955,108120,107191,96016,128182,4762,127142,102988,169260,22985
183,0.0107,0.01069,0.01068,0.01067,0.01066,0.01065,0.01064,0.01063,0.01062,0.01061,0.01072,0.01073,0.01074,0.01075,0.01076,0.01077,0.01078,0.01079,0.0108,0.01081,2393,115533,98376,161595,218974,62601,47682,25970,54651,489107,57158,108120,107191,171016,128182,4762,127142,112625,94260,13348
184,0.01069,0.01068,0.01067,0.01066,0.01065,0.01064,0.01063,0.01062,0.01061,0.0106,0.01071,0.01072,0.01073,0.01074,0.01075,0.01076,0.01077,0.01078,0.01079,0.0108,35107,179569,141104,239462,62601,47682,25970,54651,481655,86272,3081,57158,108120,182191,97026,127172,4762,136779,102988,94260
185,0.01069,0.01068,0.01067,0.01066,0.01065,0.01064,0.01063,0.01062,0.01061,0.0106,0.01071,0.01072,0.01073,0.01074,0.01075,0.01076,0.01077,0.01078,0.01079,0.0108,1271,167468,182375,164462,141424,47682,25970,54651,481655,86272,3081,57158,108120,182191,97026,127172,37615,103941,102988,94260
186,0.01069,0.01068,0.01067,0.01066,0.01065,0.01064,0.01063,0.01062,0.01061,0.0106,0.01072,0.01073,0.01074,0.01075,0.01076,0.01077,0.01078,0.01079,0.0108,0.01081,1844,34117,139394,165878,180657,47682,25970,54651,486990,90022,57158,108120,107191,97026,127172,37615,94304,102988,169260,30437
187,0.01069,0.01068,0.01067,0.01066,0.01065,0.01064,0.01063,0.01062,0.01061,0.0106,0.0107,0.01071,0.01072,0.01073,0.01074,0.01075,0.01076,0.01077,0.01078,0.01079,34028,39691,139394,165878,183065,47682,7490,25576,93728,523865,3084,28294,100880,183120,108201,96016,127172,37615,103941,102988
188,0.01069,0.01068,0.01067,0.01066,0.01065,0.01064,0.01063,0.01062,0.01061,0.0106,0.0107,0.01071,0.01072,0.01073,0.01074,0.01075,0.01076,0.01077,0.01078,0.01079,928,39149,177667,141732,203552,47682,7490,25576,93728,523865,1444,58407,100880,108120,107191,124913,132183,4762,94304,187625
189,0.01068,0.01067,0.01066,0.01065,0.01064,0.01063,0.01062,0.01061,0.0106,0.01059,0.0107,0.01071,0.01072,0.01073,0.01074,0.01075,0.01076,0.01078,0.01079,0.0108,38062,177667,134945,202369,42867,7490,25576,88393,520115,42659,12986,58407,100880,108120,108201,122720,127445,94304,187625,7452
190,0.01069,0.01068,0.01067,0.01066,0.01065,0.01064,0.01063,0.01062,0.01061,0.0106,0.01071,0.01072,0.01073,0.01074,0.01075,0.01076,0.01078,0.01079,0.0108,0.01081,124272,33772,109559,160886,222290,42867,384282,7034,481655,239833,38990,100880,108120,103289,155620,94568,94304,102988,7452,88348
191,0.0107,0.01069,0.01068,0.01067,0.01066,0.01065,0.01064,0.01063,0.01062,0.01061,0.01072,0.01073,0.01074,0.01075,0.01076,0.01078,0.01079,0.01081,0.01083,0.01084,128351,38874,172588,131614,141410,167818,42867,818160,7034,40776,133154,108120,102279,95843,155314,94304,102988,95800,565,1221
192,0.01072,0.01071,0.0107,0.01069,0.01068,0.01067,0.01066,0.01065,0.01064,0.01063,0.01073,0.01074,0.01075,0.01076,0.01077,0.01078,0.01079,0.0108,0.01081,0.01083,132666,8704,32012,80095,149420,10139,141410,184108,117867,41543,96939,126157,94833,114561,60709,99115,102988,75000,13348,8017
193,0.01071,0.0107,0.01069,0.01068,0.01067,0.01066,0.01065,0.01064,0.01063,0.01062,0.01073,0.01074,0.01075,0.01076,0.01078,0.01079,0.0108,0.01081,0.01083,0.01084,14368,77897,122900,169914,104686,141410,168428,42867,481593,14486,31990,96868,105090,104283,159712,101609,1379,88348,8017,1221
194,0.01071,0.0107,0.01069,0.01068,0.01067,0.01066,0.01065,0.01064,0.01063,0.01062,0.01073,0.01074,0.01075,0.01076,0.01077,0.01078,0.01079,0.0108,0.01081,0.01083,14368,44790,156030,167512,104686,141410,168428,42867,481593,14486,31990,96868,105090,104283,32884,126851,101609,1379,88348,8017
195,0.01071,0.0107,0.01069,0.01068,0.01067,0.01066,0.01065,0.01064,0.01063,0.01062,0.01073,0.01074,0.01075,0.01076,0.01077,0.01078,0.01079,0.0108,0.01081,0.01083,13863,44790,156030,212847,104686,141410,125372,42867,481593,14486,31990,96868,106100,103273,32884,126851,101609,1379,88348,8017
196,0.01072,0.01071,0.0107,0.01069,0.01068,0.01067,0.01066,0.01065,0.01064,0.01063,0.01074,0.01075,0.01076,0.01077,0.01078,0.01079,0.01081,0.01083,0.01084,0.01085,3078,39224,141303,148264,148753,103273,485388,442750,42867,41543,34410,94833,114540,32884,99031,129401,89727,8017,1221,11778
197,0.01071,0.0107,0.01069,0.01068,0.01067,0.01066,0.01065,0.01064,0.01063,0.01062,0.01073,0.01074,0.01075,0.01076,0.01078,0.01079,0.0108,0.01081,0.01083,0.01084,12771,156491,139626,169232,103273,485388,442750,36218,41543,175196,3075,34410,105090,104283,99031,134448,27770,89727,8017,1221
198,0.0107,0.01069,0.01068,0.01067,0.01066,0.01065,0.01064,0.01063,0.01062,0.01061,0.01073,0.01074,0.01075,0.01076,0.01078,0.01079,0.01081,0.01082,0.01083,0.01084,147407,129196,205271,103273,46577,50372,868530,55023,7034,214424,2508,34410,106100,103273,131885,129401,83100,7452,565,1221
199,0.0107,0.01069,0.01068,0.01067,0.01066,0.01065,0.01064,0.01063,0.01062,0.01061,0.01073,0.01074,0.01075,0.01076,0.01077,0.01078,0.01079,0.01081,0.01082,0.01083,97162,129196,161671,103273,80534,50372,558407,20970,7034,77277,293,34410,105090,103273,1010,131885,129401,83100,7452,565
200,0.0107,0.01069,0.01068,0.01067,0.01066,0.01065,0.01064,0.01063,0.01062,0.01061,0.01073,0.01074,0.01075,0.01076,0.01078,0.01079,0.01081,0.01082,0.01083,0.01084,97162,129196,141196,123745,175278,50372,558407,14230,7034,77277,3075,33765,105090,104283,131885,129401,83100,7452,565,1221
201,0.0107,0.01069,0.01068,0.01067,0.01066,0.01065,0.01064,0.01063,0.01062,0.01061,0.01073,0.01074,0.01075,0.01076,0.01078,0.01079,0.01081,0.01082,0.01083,0.01084,50306,129196,184796,123745,614089,50372,118771,7490,7034,77277,3075,33765,106100,103273,159701,101609,83100,7452,565,1221
202,0.0107,0.01069,0.01068,0.01067,0.01066,0.01065,0.01064,0.01063,0.01062,0.01061,0.01072,0.01073,0.01074,0.01075,0.01076,0.01078,0.01079,0.01081,0.01082,0.01083,3084,86890,184796,123745,175278,32160,876083,18639,7034,238138,35261,97819,5457,106100,103273,159701,101609,83100,7452,7180
203,0.0107,0.01069,0.01068,0.01067,0.01066,0.01065,0.01064,0.01063,0.01062,0.01061,0.01072,0.01073,0.01074,0.01075,0.01076,0.01077,0.01078,0.01079,0.01081,0.01082,3084,161890,184796,123745,175278,349538,60419,440050,7034,238138,35261,97819,5457,106100,103273,60709,99031,101609,83100,7452
204,0.0107,0.01069,0.01068,0.01067,0.01066,0.01065,0.01064,0.01063,0.01062,0.01061,0.01072,0.01073,0.01074,0.01075,0.01076,0.01077,0.01078,0.01079,0.01081,0.01082,2950,86890,184796,123745,195966,11454,135408,7592,447498,77277,34313,97819,48639,106100,103273,60709,99031,101609,8100,7452
205,0.01071,0.0107,0.01069,0.01068,0.01067,0.01066,0.01065,0.01064,0.01063,0.01062,0.01073,0.01074,0.01075,0.01076,0.01077,0.01078,0.01079,0.01081,0.01082,0.01083,3081,91616,110365,142607,123745,162002,11454,94419,447655,7034,8810,36826,105090,132149,32869,99031,101609,8100,7452,7180
206,0.01071,0.0107,0.01069,0.01068,0.01067,0.01066,0.01065,0.01064,0.01063,0.01062,0.01073,0.01074,0.01075,0.01076,0.01078,0.01079,0.01081,0.01082,0.01083,0.01084,3081,49715,78645,141196,123745,162002,843055,128583,7605,7034,8810,36826,105090,104283,159703,101609,83100,7452,7180,1221
207,0.01072,0.01071,0.0107,0.01069,0.01068,0.01067,0.01066,0.01065,0.01064,0.01063,0.01073,0.01074,0.01075,0.01076,0.01077,0.01078,0.01079,0.01081,0.01083,0.01084,4176,14362,154007,36072,138796,123745,479082,450677,128583,222075,7888,36826,105090,103273,1010,159703,101609,83100,14632,1221
208,0.01072,0.01071,0.0107,0.01069,0.01068,0.01067,0.01066,0.01065,0.01064,0.01063,0.01073,0.01074,0.01075,0.01076,0.01077,0.01078,0.01079,0.01081,0.01083,0.01084,4176,3081,77599,80872,145280,123745,917893,79727,128583,245747,7888,36826,105090,103273,1010,99031,162234,83100,14632,1221
209,0.01072,0.01071,0.0107,0.01069,0.01068,0.01067,0.01066,0.01065,0.01064,0.01063,0.01073,0.01074,0.01075,0.01076,0.01078,0.01079,0.01081,0.01083,0.01084,0.01085,8850,15889,145419,67842,145280,103273,917893,79727,128583,77583,8060,36826,94833,114540,126850,134440,83100,14632,1221,11778
210,0.01072,0.01071,0.0107,0.01069,0.01068,0.01067,0.01066,0.01065,0.01064,0.01063,0.01073,0.01074,0.01075,0.01076,0.01078,0.01079,0.01081,0.01083,0.01084,0.01085,4190,15889,154980,142022,165747,178273,506069,329808,121030,77583,8060,36826,105090,104283,159712,101609,83100,14632,1221,11778
211,0.01071,0.0107,0.01069,0.01068,0.01067,0.01066,0.01065,0.01064,0.01063,0.01062,0.01073,0.01074,0.01075,0.01076,0.01077,0.01078,0.01079,0.01081,0.01082,0.01083,6001,75175,98462,198917,178273,506069,348196,104382,85353,198031,1282,33154,105090,137206,27845,99031,101609,81721,1379,8017
212,0.01072,0.01071,0.0107,0.01069,0.01068,0.01067,0.01066,0.01065,0.01064,0.01063,0.01073,0.01074,0.01075,0.01076,0.01078,0.01079,0.01081,0.01082,0.01083,0.01084,18847,6001,75175,96065,238984,178273,465957,348196,104382,85353,1282,33154,94833,147463,126849,101609,81721,1379,8017,1221
213,0.01073,0.01071,0.0107,0.01069,0.01068,0.01067,0.01066,0.01065,0.01064,0.01063,0.01074,0.01075,0.01076,0.01077,0.01078,0.01079,0.01081,0.01082,0.01083,0.01084,15921,37234,144429,180388,219701,102091,465957,348196,112169,92805,4248,137260,146453,1010,126849,101609,81721,1379,565,8673
214,0.01073,0.01071,0.0107,0.01069,0.01068,0.01067,0.01066,0.01065,0.01064,0.01063,0.01074,0.01075,0.01076,0.01077,0.01078,0.01079,0.01081,0.01082,0.01083,0.01084,17990,37234,144429,213542,186531,102091,465957,348196,112169,92805,5874,140329,114540,32908,126849,101609,81721,1379,565,8673
215,0.01073,0.01071,0.0107,0.01069,0.01068,0.01067,0.01066,0.01065,0.01064,0.01063,0.01074,0.01075,0.01076,0.01077,0.01078,0.01079,0.01081,0.01082,0.01083,0.01084,17990,91939,115038,180388,186531,102091,488880,324808,112169,92805,702,140329,113530,1010,94304,167044,81721,1379,565,8673
216,0.01074,0.01073,0.01072,0.01071,0.0107,0.01069,0.01068,0.01067,0.01066,0.01065,0.01075,0.01076,0.01077,0.01078,0.01079,0.01081,0.01082,0.01083,0.01084,0.01085,21188,41421,94568,154045,177378,106581,95323,26302,465957,324808,2528,97634,40012,105758,162253,86474,1379,565,1221,19230
217,0.01075,0.01074,0.01073,0.01072,0.01071,0.0107,0.01069,0.01068,0.01067,0.01066,0.01077,0.01078,0.01079,0.0108,0.01081,0.01082,0.01083,0.01084,0.01086,0.01087,3069,8744,41421,135495,203622,102378,122062,543107,360411,6465,31214,94304,104474,137226,39223,82392,565,1221,8831,6627
218,0.01075,0.01074,0.01073,0.01072,0.01071,0.0107,0.01069,0.01068,0.01067,0.01066,0.01077,0.01078,0.01079,0.0108,0.01081,0.01082,0.01083,0.01084,0.01086,0.01087,3069,8744,74490,102418,203622,122982,101439,543107,360411,6465,29858,94304,105484,103384,44299,35121,565,76221,8831,6627
219,0.01075,0.01074,0.01073,0.01072,0.01071,0.0107,0.01069,0.01068,0.01067,0.01066,0.01077,0.01078,0.01079,0.0108,0.01081,0.01082,0.01083,0.01084,0.01086,0.01087,3069,8744,74490,102418,203622,122982,101439,65039,482028,323545,29858,94304,104474,104394,72054,7392,565,76221,8831,6627
220,0.01074,0.01073,0.01072,0.01071,0.0107,0.01069,0.01068,0.01067,0.01066,0.01065,0.01076,0.01077,0.01078,0.01079,0.0108,0.01081,0.01082,0.01083,0.01084,0.01085,7539,74490,102418,250898,165858,141347,503029,36105,6465,60429,3669,26472,95314,104474,103384,72054,7392,565,76221,1379
221,0.01074,0.01073,0.01072,0.01071,0.0107,0.01069,0.01068,0.01067,0.01066,0.01065,0.01076,0.01077,0.01078,0.01079,0.0108,0.01081,0.01082,0.01083,0.01084,0.01085,7539,41421,135503,132421,240858,141347,65039,482308,6465,60429,3346,26472,94304,105484,136224,39229,7392,565,76221,1379
222,0.01075,0.01074,0.01073,0.01072,0.01071,0.0107,0.01069,0.01068,0.01067,0.01066,0.01078,0.01079,0.0108,0.01081,0.01082,0.01083,0.01084,0.01085,0.01087,0.01088,3069,7539,41421,127166,130029,274004,101439,502941,43940,13917,133512,104474,104394,39229,7392,565,76221,1379,14079,19517
223,0.01074,0.01073,0.01072,0.01071,0.0107,0.01069,0.01068,0.01067,0.01066,0.01065,0.01077,0.01078,0.01079,0.0108,0.01081,0.01082,0.01083,0.01084,0.01085,0.01086,7279,60129,102418,163160,240858,101439,502941,43940,6465,60429,20297,67998,104474,137249,11474,35123,75565,1221,1379,7452
224,0.01075,0.01074,0.01073,0.01072,0.01071,0.0107,0.01069,0.01068,0.01067,0.01066,0.01078,0.01079,0.0108,0.01081,0.01082,0.01083,0.01084,0.01085,0.01087,0.01088,872,7279,60129,102418,163160,243252,578927,58467,44020,13917,94418,104474,137249,11474,35123,75565,1221,1379,14079,19517
225,0.01075,0.01074,0.01073,0.01072,0.01071,0.0107,0.01069,0.01068,0.01067,0.01066,0.01078,0.01079,0.0108,0.01081,0.01082,0.01083,0.01084,0.01086,0.01087,0.01088,44,65484,99976,199364,184557,168252,477488,58467,44020,13917,95428,104474,136239,11474,35123,75565,1221,1379,14079,19517
226,0.01076,0.01075,0.01074,0.01073,0.01072,0.01071,0.0107,0.01069,0.01068,0.01067,0.01078,0.01079,0.0108,0.01081,0.01082,0.01083,0.01084,0.01087,0.01088,0.0109,8631,44,87532,133807,234724,584836,133981,52567,359349,103630,4626,94217,146496,7731,39885,565,76221,14079,19517,1379
227,0.01077,0.01076,0.01075,0.01074,0.01073,0.01072,0.01071,0.0107,0.01069,0.01068,0.01078,0.01079,0.0108,0.01081,0.01082,0.01083,0.01084,0.01087,0.01088,0.01089,3064,8631,69621,131382,107887,664413,137323,47336,12659,359349,2938,97275,113641,40571,12154,565,103902,6627,26969,6579
228,0.01077,0.01076,0.01075,0.01074,0.01073,0.01072,0.01071,0.0107,0.01069,0.01068,0.01078,0.01079,0.0108,0.01081,0.01082,0.01083,0.01084,0.01087,0.01088,0.01089,3064,8631,30353,131382,140980,631305,137323,47336,12659,359349,2938,97275,113641,40571,12154,565,103902,6627,26969,6579
229,0.01076,0.01075,0.01074,0.01073,0.01072,0.01071,0.0107,0.01069,0.01068,0.01067,0.01078,0.01079,0.0108,0.01081,0.01082,0.01083,0.01084,0.01087,0.01088,0.0109,8631,71700,127096,140980,556305,212323,47336,12659,42863,139247,1952,97275,113641,40571,12154,28274,76221,6627,26969,1379
230,0.01076,0.01075,0.01074,0.01073,0.01072,0.01071,0.0107,0.01069,0.01068,0.01067,0.01078,0.01079,0.0108,0.01081,0.01082,0.01083,0.01084,0.01087,0.01088,0.0109,8631,71700,127096,109292,588015,213920,47336,12659,42863,139247,3492,94217,114651,39561,12154,28274,76221,6627,26969,1379
231,0.01076,0.01075,0.01074,0.01073,0.01072,0.01071,0.0107,0.01069,0.01068,0.01067,0.01079,0.0108,0.01081,0.01082,0.01083,0.01084,0.01087,0.01088,0.0109,0.01093,8631,71700,127096,109292,554899,220970,47336,12659,42863,139247,92841,113641,7731,12154,28274,76221,6627,26969,1379,586
232,0.01077,0.01076,0.01075,0.01074,0.01073,0.01072,0.01071,0.0107,0.01069,0.01068,0.0108,0.01081,0.01082,0.01083,0.01084,0.01086,0.01087,0.01088,0.01089,0.0109,3064,8631,71700,155410,142385,534497,244617,28527,7911,50315,112451,6721,42423,28274,5962,75000,6627,7501,7452,1379
233,0.0108,0.01079,0.01078,0.01077,0.01076,0.01075,0.01074,0.01073,0.01072,0.01071,0.01082,0.01083,0.01084,0.01085,0.01087,0.01088,0.0109,0.01091,0.01093,0.01094,3055,2009,87252,127270,565811,103171,106375,66075,11982,124893,8402,33367,45848,9040,11412,82501,1379,7452,586,11922
234,0.01081,0.0108,0.01079,0.01078,0.01077,0.01076,0.01075,0.01074,0.01073,0.01072,0.01082,0.01083,0.01084,0.01085,0.01087,0.01088,0.0109,0.01092,0.01093,0.01094,2554,8529,46892,177249,546562,99694,139804,26841,9316,86982,820,1575,18161,15232,68143,87266,1379,7452,586,11922
235,0.01082,0.01081,0.0108,0.01079,0.01078,0.01077,0.01076,0.01075,0.01074,0.01073,0.01084,0.01085,0.01086,0.01087,0.01088,0.01089,0.01093,0.01094,0.01096,0.01103,3049,2554,37135,121372,177249,543498,118697,45762,82908,9316,2231,15232,111286,68143,82501,4809,8038,11922,2336,586
236,0.01083,0.01082,0.01081,0.0108,0.01079,0.01078,0.01077,0.01076,0.01075,0.01074,0.01085,0.01086,0.01087,0.01088,0.01089,0.01093,0.01094,0.01096,0.01103,0.01107,3047,8606,2554,65555,103830,154961,542307,146217,12677,82908,7392,111286,8814,110102,37499,586,20753,2336,586,6472
237,0.01082,0.01081,0.0108,0.01079,0.01078,0.01077,0.01076,0.01075,0.01074,0.01073,0.01085,0.01086,0.01087,0.01088,0.01089,0.0109,0.01092,0.01093,0.01094,0.01096,8606,2554,45131,148670,154961,575377,113132,12677,82908,18456,5093,111286,101456,8511,32388,32676,75000,586,20753,2336
238,0.01082,0.01081,0.0108,0.01079,0.01078,0.01077,0.01076,0.01075,0.01074,0.01073,0.01085,0.01086,0.01087,0.01088,0.01089,0.01092,0.01093,0.01094,0.01096,0.01103,8606,2554,45131,148670,154961,575377,113132,12677,82908,18456,5093,111286,101456,8511,65086,75000,586,20753,2336,586
239,0.01081,0.0108,0.01079,0.01078,0.01077,0.01076,0.01075,0.01074,0.01073,0.01072,0.01084,0.01085,0.01086,0.01087,0.01088,0.01089,0.01093,0.01094,0.01096,0.01103,2554,37135,128248,175379,135021,94129,458883,84005,9316,18749,5265,13114,111286,101456,35103,112507,8038,13301,2336,586
240,0.0108,0.01079,0.01078,0.01077,0.01076,0.01075,0.01074,0.01073,0.01072,0.01071,0.01082,0.01083,0.01084,0.01085,0.01086,0.01087,0.01088,0.01089,0.01092,0.01093,6463,120252,177096,122253,127207,12876,27915,9316,522652,14712,3049,1010,136158,13114,102218,100279,67816,79809,7452,586
241,0.0108,0.01079,0.01078,0.01077,0.01076,0.01075,0.01074,0.01073,0.01072,0.01071,0.01082,0.01083,0.01084,0.01085,0.01086,0.01087,0.01088,0.01089,0.01092,0.01093,6463,120252,175907,123442,94129,45961,27915,9316,109161,14712,6303,14948,136158,107026,162612,100279,82501,4809,7452,586
242,0.0108,0.01079,0.01078,0.01077,0.01076,0.01075,0.01074,0.01073,0.01072,0.01071,0.01082,0.01083,0.01084,0.01085,0.01086,0.01087,0.01088,0.01092,0.01093,0.01094,6463,120252,128501,122253,94129,42293,26818,13934,104543,14712,5293,15958,136158,134696,133779,100279,82501,7452,586,1379
243,0.0108,0.01079,0.01078,0.01077,0.01076,0.01075,0.01074,0.01073,0.01072,0.01071,0.01082,0.01083,0.01084,0.01085,0.01086,0.01087,0.01088,0.01092,0.01093,0.01094,6463,120252,157787,122253,94129,42293,26818,13934,104543,14712,6303,14948,136158,134696,133779,100279,82501,7452,586,1379
244,0.0108,0.01079,0.01078,0.01077,0.01076,0.01075,0.01074,0.01073,0.01072,0.01071,0.01082,0.01083,0.01084,0.01085,0.01086,0.01087,0.01088,0.01092,0.01093,0.01094,6463,120252,158442,122253,94129,42293,26818,12529,104543,14712,6303,14948,136158,134696,133779,100279,82501,7452,586,1379
245,0.0108,0.01079,0.01078,0.01077,0.01076,0.01075,0.01074,0.01073,0.01072,0.01071,0.01082,0.01083,0.01084,0.01085,0.01086,0.01087,0.01088,0.01092,0.01093,0.01094,6463,120252,158537,122253,95715,41196,31071,7911,104543,14712,6303,14948,136158,134696,133779,100279,82501,7452,586,1379
246,0.01082,0.01081,0.0108,0.01079,0.01078,0.01077,0.01076,0.01075,0.01074,0.01073,0.01083,0.01084,0.01085,0.01086,0.01087,0.01088,0.01093,0.01094,0.01095,0.01096,8900,8391,34470,118243,142609,123461,136904,12941,31071,7911,3047,126911,134696,112494,100279,120044,8038,1379,18619,2336
247,0.0108,0.01079,0.01078,0.01077,0.01076,0.01075,0.01074,0.01073,0.01072,0.01071,0.01082,0.01083,0.01084,0.01085,0.01086,0.01087,0.01088,0.01092,0.01093,0.01094,11023,118243,128472,123461,136904,12941,31071,7911,104543,14310,7667,20416,137168,134696,102237,100279,120044,7452,586,1379
248,0.0108,0.01079,0.01078,0.01077,0.01076,0.01075,0.01074,0.01073,0.01072,0.01071,0.01082,0.01083,0.01084,0.01085,0.01086,0.01087,0.01088,0.01092,0.01093,0.01094,23554,118243,122351,123461,103826,46026,31071,7911,104543,79036,7060,96959,164863,107026,134987,100279,87331,7452,586,1379
249,0.0108,0.01079,0.01078,0.01077,0.01076,0.01075,0.01074,0.01073,0.01072,0.01071,0.01082,0.01083,0.01084,0.01085,0.01086,0.01087,0.01088,0.01092,0.01093,0.01094,23554,118243,122351,123461,103826,46026,31071,7911,104543,79036,14338,96959,164863,107026,134987,100279,87331,7452,586,1379
250,0.0108,0.01079,0.01078,0.01077,0.01076,0.01075,0.01074,0.01073,0.01072,0.01071,0.01082,0.01083,0.01084,0.01085,0.01086,0.01087,0.01088,0.01092,0.01093,0.01094,24850,118243,122351,123461,103826,46026,31071,7911,104543,79036,11458,124680,136158,107026,134987,100279,87331,7452,586,1379
251,0.0108,0.01079,0.01078,0.01077,0.01076,0.01075,0.01074,0.01073,0.01072,0.01071,0.01082,0.01083,0.01084,0.01085,0.01086,0.01087,0.01088,0.01092,0.01093,0.01094,17796,118243,122351,123461,102240,46026,26818,7911,104543,79036,6443,96959,137168,134696,134987,100279,87331,7452,586,1379
252,0.0108,0.01078,0.01077,0.01076,0.01075,0.01074,0.01073,0.01072,0.01071,0.0107,0.01081,0.01082,0.01083,0.01084,0.01085,0.01086,0.01087,0.01088,0.01091,0.01093,17091,135431,148328,102240,46026,7908,26797,104543,6858,451768,3052,32310,97969,139930,135879,127096,100279,87331,14019,586
253,0.0108,0.01079,0.01078,0.01077,0.01076,0.01075,0.01074,0.01073,0.01072,0.01071,0.01082,0.01083,0.01084,0.01085,0.01086,0.01087,0.01088,0.01091,0.01093,0.01094,22937,31898,106860,148328,102240,46026,25978,7911,104543,6858,6936,124678,139930,140981,94346,100279,87331,14019,586,1379
254,0.0108,0.01079,0.01078,0.01077,0.01076,0.01075,0.01074,0.01073,0.01072,0.01071,0.01082,0.01083,0.01084,0.01085,0.01086,0.01087,0.01088,0.01091,0.01093,0.01094,23215,31898,115426,123461,102240,46026,25978,72637,104543,6858,9895,96959,140940,130786,127096,100279,80428,7452,586,7928
255,0.0108,0.01079,0.01078,0.01077,0.01076,0.01075,0.01074,0.01073,0.01072,0.01071,0.01081,0.01082,0.01083,0.01084,0.01085,0.01086,0.01087,0.01088,0.01091,0.01093,6550,31898,115426,123461,102240,46026,25978,72637,104543,6858,3052,32539,93912,139930,130786,127096,100279,80428,7452,586
256,0.0108,0.01078,0.01077,0.01076,0.01075,0.01074,0.01073,0.01072,0.01071,0.0107,0.01081,0.01082,0.01083,0.01084,0.01085,0.01086,0.01087,0.01088,0.01091,0.01093,6550,129755,153980,102240,41196,30672,7911,29543,81858,451768,3052,32539,93912,139930,163558,94346,100279,80428,7452,586
257,0.0108,0.01079,0.01078,0.01077,0.01076,0.01075,0.01074,0.01073,0.01072,0.01071,0.01082,0.01083,0.01084,0.01085,0.01086,0.01087,0.01088,0.01091,0.01093,0.01094,6550,32297,115426,123461,102240,41196,30672,7911,71405,81858,8183,134208,140940,163558,94346,100279,80428,7452,586,7928
258,0.01078,0.01077,0.01076,0.01075,0.01074,0.01073,0.01072,0.01071,0.0107,0.01069,0.01082,0.01083,0.01084,0.01085,0.01086,0.01087,0.01088,0.0109,0.01091,0.01093,26185,152772,102240,42380,30672,7911,6679,81858,14597,449656,28469,111072,130683,130786,131859,100279,75598,6573,7452,586
259,0.01077,0.01076,0.01075,0.01074,0.01073,0.01072,0.01071,0.0107,0.01069,0.01068,0.0108,0.01081,0.01082,0.01083,0.01084,0.01085,0.01086,0.01087,0.01088,0.01089,28369,117150,103294,28231,139861,64524,100651,7145,444948,15083,5466,11923,33393,100815,158573,126677,99109,175279,598,7452
260,0.01077,0.01076,0.01075,0.01074,0.01073,0.01072,0.01071,0.0107,0.01069,0.01068,0.01079,0.0108,0.01081,0.01082,0.01083,0.01084,0.01085,0.01086,0.01087,0.01088,4629,117150,103294,58651,101910,97663,105356,7145,7368,15083,2343,22520,106052,39630,134812,136282,95457,99109,175279,598
261,0.01077,0.01076,0.01075,0.01074,0.01073,0.01072,0.01071,0.0107,0.01069,0.01068,0.01078,0.01079,0.0108,0.01081,0.01082,0.01083,0.01084,0.01085,0.01086,0.01087,4134,87404,93999,59828,101910,51960,119725,25891,7368,445621,7690,8697,28413,106052,72455,95107,136282,100166,94346,175279
262,0.01077,0.01076,0.01075,0.01074,0.01073,0.01072,0.01071,0.0107,0.01069,0.01068,0.01079,0.0108,0.01081,0.01082,0.01083,0.01084,0.01085,0.01086,0.01087,0.01088,5832,26087,93999,60040,122230,6679,44725,100891,7368,445621,10242,29423,138900,11892,95107,157149,100166,94346,175279,8050
263,0.01077,0.01076,0.01075,0.01074,0.01073,0.01072,0.01071,0.0107,0.01069,0.01068,0.01079,0.0108,0.01081,0.01082,0.01083,0.01084,0.01085,0.01086,0.01087,0.01088,4412,26087,93999,60040,122230,39810,30384,82145,7368,445621,10480,28413,106052,44717,96652,157149,98621,94346,175279,8050
264,0.01077,0.01076,0.01075,0.01074,0.01073,0.01072,0.01071,0.0107,0.01069,0.01068,0.01079,0.0108,0.01081,0.01082,0.01083,0.01084,0.01085,0.01086,0.01087,0.01088,4457,31125,93999,54865,122230,39810,11563,100943,7368,445621,10332,28413,112868,45921,95457,157149,98621,94346,175279,8050
265,0.01076,0.01075,0.01074,0.01073,0.01072,0.01071,0.0107,0.01069,0.01068,0.01067,0.01078,0.01079,0.0108,0.01081,0.01082,0.01083,0.01084,0.01085,0.01086,0.01087,2627,93999,47913,122230,39810,55103,100943,7368,445621,15402,3061,8046,28413,112868,45921,95457,150540,98621,94346,181870
266,0.01076,0.01075,0.01074,0.01073,0.01072,0.01071,0.0107,0.01069,0.01068,0.01067,0.01078,0.01079,0.0108,0.01081,0.01082,0.01083,0.01084,0.01085,0.01086,0.01087,2627,93999,47913,150392,100939,44710,100943,11175,445621,43463,4311,7036,29423,145708,13096,123164,122857,98621,94346,181870
267,0.01076,0.01075,0.01074,0.01073,0.01072,0.01071,0.0107,0.01069,0.01068,0.01067,0.01078,0.01079,0.0108,0.01081,0.01082,0.01083,0.01084,0.01085,0.01086,0.01087,4789,93999,44519,130072,122446,44710,82145,29926,7631,36011,9784,101296,99581,114063,4625,127925,122857,93912,94346,189322
268,0.01076,0.01075,0.01074,0.01073,0.01072,0.01071,0.0107,0.01069,0.01068,0.01067,0.01078,0.01079,0.0108,0.01081,0.01082,0.01083,0.01084,0.01085,0.01086,0.01087,4789,93999,41051,130072,155562,11563,100269,11175,7631,7950,7929,101296,99581,114063,4625,127925,122857,93912,94346,189322
269,0.01076,0.01075,0.01074,0.01073,0.01072,0.01071,0.0107,0.01069,0.01068,0.01067,0.01078,0.01079,0.0108,0.01081,0.01082,0.01083,0.01084,0.01085,0.01086,0.01087,4789,93999,25245,130072,155562,11563,100269,7368,7631,7950,25578,101296,45239,114063,32357,100218,122857,93912,94346,189322
270,0.01076,0.01075,0.01074,0.01073,0.01072,0.01071,0.0107,0.01069,0.01068,0.01067,0.01077,0.01078,0.01079,0.0108,0.01081,0.01082,0.01083,0.01084,0.01085,0.01086,4312,3069,37087,130072,155562,50398,100269,15942,7631,7950,2576,25578,102306,44229,114063,32357,100218,122857,93912,94346
271,0.01075,0.01074,0.01073,0.01072,0.01071,0.0107,0.01069,0.01068,0.01067,0.01066,0.01077,0.01078,0.01079,0.0108,0.01081,0.01082,0.01083,0.01084,0.01085,0.01086,878,36345,122161,122446,177841,82145,15941,535306,41858,51199,2576,31374,119379,44229,124746,4625,100218,122857,93912,94346
272,0.01075,0.01073,0.01072,0.01071,0.0107,0.01069,0.01068,0.01067,0.01066,0.01065,0.01076,0.01077,0.01078,0.01079,0.0108,0.01081,0.01082,0.01083,0.01084,0.01085,18664,147933,146195,177841,82145,15941,535306,41858,43747,14853,6000,4047,31374,119379,44229,124746,4625,100218,121646,93912
273,0.01075,0.01074,0.01073,0.01072,0.01071,0.0107,0.01069,0.01068,0.01067,0.01066,0.01076,0.01077,0.01078,0.01079,0.0108,0.01081,0.01082,0.01083,0.01084,0.01085,18664,12422,117959,150521,144702,115299,15941,535306,41858,43747,6000,2576,32384,151247,39137,96990,4625,100218,121646,93912
274,0.01075,0.01073,0.01072,0.01071,0.0107,0.01069,0.01068,0.01067,0.01066,0.01065,0.01076,0.01077,0.01078,0.01079,0.0108,0.01081,0.01082,0.01083,0.01084,0.01085,16345,143035,150499,144702,115299,15941,507272,7950,43742,14853,5293,2576,31374,152257,39137,96990,4625,100218,121646,93912
275,0.01075,0.01074,0.01073,0.01072,0.01071,0.0107,0.01069,0.01068,0.01067,0.01066,0.01076,0.01077,0.01078,0.01079,0.0108,0.01081,0.01082,0.01083,0.01084,0.01085,16345,13733,117959,150499,144702,115299,14531,507272,69909,43742,5293,2576,31374,152257,39137,96990,4625,100218,121646,93912
276,0.01075,0.01074,0.01073,0.01072,0.01071,0.0107,0.01069,0.01068,0.01067,0.01066,0.01076,0.01077,0.01078,0.01079,0.0108,0.01081,0.01082,0.01083,0.01084,0.01085,16345,13733,117959,150499,144702,115299,15942,507272,69909,43742,5293,2576,31374,152257,39137,96990,4625,100218,121646,93912
277,0.01076,0.01075,0.01074,0.01073,0.01072,0.01071,0.0107,0.01069,0.01068,0.01067,0.01077,0.01078,0.01079,0.0108,0.01081,0.01083,0.01084,0.01085,0.01086,0.01087,17106,1156,41792,117959,122446,144702,115299,15942,507272,69909,8044,31374,142000,49394,96990,100218,121646,93912,94346,189322
278,0.01076,0.01075,0.01074,0.01073,0.01072,0.01071,0.0107,0.01069,0.01068,0.01067,0.01077,0.01078,0.01079,0.0108,0.01081,0.01083,0.01084,0.01085,0.01086,0.01087,17106,1156,41792,117959,122446,177841,82145,15942,507272,69908,8044,31374,109122,82257,96990,100218,121646,93912,94346,189322
279,0.01076,0.01075,0.01074,0.01073,0.01072,0.01071,0.0107,0.01069,0.01068,0.01067,0.01077,0.01078,0.01079,0.0108,0.01081,0.01083,0.01084,0.01085,0.01086,0.01087,20172,1156,41792,117959,122446,177815,82145,15942,507272,69908,6848,31374,109122,82257,96990,100218,121646,93912,94346,189322
280,0.01077,0.01076,0.01075,0.01074,0.01073,0.01072,0.01071,0.0107,0.01069,0.01068,0.01078,0.01079,0.0108,0.01081,0.01082,0.01083,0.01084,0.01085,0.01086,0.01087,21524,30412,95460,64530,100525,102129,139077,100946,7368,445621,6506,101296,83267,96990,6369,100218,121646,93912,94346,181870
281,0.01077,0.01076,0.01075,0.01074,0.01073,0.01072,0.01071,0.0107,0.01069,0.01068,0.01079,0.0108,0.01081,0.01082,0.01083,0.01084,0.01085,0.01086,0.01087,0.01088,6335,30412,117842,74981,100525,102129,105938,100993,7368,15083,99482,45662,104903,34103,133005,121646,93912,94346,181870,1977
282,0.01076,0.01075,0.01074,0.01073,0.01072,0.01071,0.0107,0.01069,0.01068,0.01067,0.01079,0.0108,0.01081,0.01082,0.01083,0.01084,0.01085,0.01086,0.01087,0.01088,33478,128506,63564,100525,102129,180938,25993,7368,445621,13806,99482,54386,103893,34103,100218,154418,93912,94346,181870,9429
283,0.01076,0.01075,0.01074,0.01073,0.01072,0.01071,0.0107,0.01069,0.01068,0.01067,0.01077,0.01078,0.01079,0.0108,0.01081,0.01082,0.01083,0.01084,0.01085,0.01086,6735,95460,82889,120919,102129,180938,7145,26145,445621,68311,7995,19972,100492,53376,131653,6369,133005,121646,93912,94346
284,0.01075,0.01074,0.01073,0.01072,0.01071,0.0107,0.01069,0.01068,0.01067,0.01066,0.01077,0.01078,0.01079,0.0108,0.01081,0.01082,0.01083,0.01084,0.01085,0.01086,1156,36094,152418,122520,176162,7145,12101,26384,506711,49976,4317,38284,116642,40962,96990,6369,100218,121646,93912,94346
285,0.01073,0.01072,0.01071,0.0107,0.01069,0.01068,0.01067,0.01066,0.01065,0.01064,0.01075,0.01076,0.01077,0.01078,0.01079,0.0108,0.01081,0.01082,0.01083,0.01084,33077,135399,137818,28738,56913,130271,68311,61183,445782,39062,113625,999,20621,47187,107395,94348,161178,6369,95457,128255
286,0.01072,0.01071,0.0107,0.01069,0.01068,0.01067,0.01066,0.01065,0.01064,0.01063,0.01074,0.01075,0.01076,0.01077,0.01078,0.01079,0.0108,0.01081,0.01082,0.01083,58940,113390,79647,103097,129390,73115,61183,445782,7953,14992,57642,84116,999,27524,28225,99589,154945,95795,6369,95457
287,0.01071,0.0107,0.01069,0.01068,0.01067,0.01066,0.01065,0.01064,0.01063,0.01062,0.01074,0.01075,0.01076,0.01077,0.01078,0.01079,0.0108,0.01081,0.01082,0.01083,160312,110295,165791,169439,148115,61113,6559,447589,31218,64466,2112,60851,112994,112511,30020,132428,94348,94883,6369,177909
288,0.01071,0.0107,0.01069,0.01068,0.01067,0.01066,0.01065,0.01064,0.01063,0.01062,0.01074,0.01075,0.01076,0.01077,0.01078,0.01079,0.0108,0.01081,0.01082,0.01083,160312,138210,146776,244439,11158,87029,42733,447589,31218,30286,1644,60851,112994,112511,96855,160221,94348,94883,6369,177909
289,0.01071,0.0107,0.01069,0.01068,0.01067,0.01066,0.01065,0.01064,0.01063,0.01062,0.01074,0.01075,0.01076,0.01077,0.01078,0.01079,0.0108,0.01081,0.01082,0.01083,66008,138210,122196,201492,11158,87029,85801,72679,471268,36270,3072,58821,112994,112511,131301,132428,94348,94883,6369,177909
290,0.01071,0.0107,0.01069,0.01068,0.01067,0.01066,0.01065,0.01064,0.01063,0.01062,0.01074,0.01075,0.01076,0.01077,0.01078,0.01079,0.0108,0.01081,0.01082,0.01083,66008,154224,122196,201492,11158,68440,104004,447589,349193,36270,1980,58821,112994,112511,103482,160221,94348,94883,7914,176364
291,0.01071,0.0107,0.01069,0.01068,0.01067,0.01066,0.01065,0.01064,0.01063,0.01062,0.01074,0.01075,0.01076,0.01077,0.01078,0.01079,0.0108,0.01081,0.01082,0.01083,32923,171318,146844,126492,86158,68440,104004,7953,471268,36270,1980,58821,112994,113521,130291,132428,94348,94883,7914,176364
292,0.01074,0.01073,0.01072,0.01071,0.0107,0.01069,0.01068,0.01067,0.01066,0.01065,0.01075,0.01076,0.01077,0.01078,0.01079,0.0108,0.01081,0.01082,0.01083,0.01084,3072,3075,46684,62360,166373,103097,139225,104841,68441,85801,7724,103262,142098,131301,99003,94348,94883,7914,168912,34474
293,0.01073,0.01072,0.01071,0.0107,0.01069,0.01068,0.01067,0.01066,0.01065,0.01064,0.01075,0.01076,0.01077,0.01078,0.01079,0.0108,0.01081,0.01082,0.01083,0.01084,3075,3056,89740,157428,136267,110132,86158,87100,85801,454071,7724,121997,109206,136375,99003,122123,94883,81369,93912,34474
294,0.01073,0.01072,0.01071,0.0107,0.01069,0.01068,0.01067,0.01066,0.01065,0.01064,0.01075,0.01076,0.01077,0.01078,0.01079,0.0108,0.01081,0.01082,0.01083,0.01084,3075,29896,122840,122819,103097,185132,11158,87100,42733,454071,5559,103262,109206,103482,126802,127172,94883,81369,93912,34474
295,0.01073,0.01072,0.01071,0.0107,0.01069,0.01068,0.01067,0.01066,0.01065,0.01064,0.01075,0.01076,0.01077,0.01078,0.01079,0.0108,0.01081,0.01082,0.01083,0.01084,1210,29896,122840,122819,146683,185132,54178,87100,42733,454071,5559,123096,110216,102472,126802,127172,94883,81369,93912,34474
296,0.01073,0.01072,0.01071,0.0107,0.01069,0.01068,0.01067,0.01066,0.01065,0.01064,0.01075,0.01076,0.01077,0.01078,0.01079,0.0108,0.01081,0.01082,0.01083,0.01084,1210,27761,115686,122819,104194,184035,54178,87100,42733,454071,4605,119660,109206,103482,99003,154945,94883,81369,93912,34474
297,0.01073,0.01072,0.01071,0.0107,0.01069,0.01068,0.01067,0.01066,0.01065,0.01064,0.01075,0.01076,0.01077,0.01078,0.01079,0.0108,0.01081,0.01082,0.01083,0.01084,1210,66777,135345,197466,104194,184035,54178,59007,481956,14435,4605,103262,109206,103482,99003,154945,94883,81369,93912,34474
298,0.01073,0.01072,0.01071,0.0107,0.01069,0.01068,0.01067,0.01066,0.01065,0.01064,0.01075,0.01076,0.01077,0.01078,0.01079,0.0108,0.01081,0.01082,0.01083,0.01084,1210,66777,162297,122819,105605,182623,82246,25058,6559,454071,4605,118201,109206,103482,126802,127172,94883,81369,93912,34474
299,0.01073,0.01072,0.01071,0.0107,0.01069,0.01068,0.01067,0.01066,0.01065,0.01064,0.01075,0.01076,0.01077,0.01078,0.01079,0.0108,0.01081,0.01082,0.01083,0.01084,1210,66777,172702,122819,141164,180223,82246,95151,6559,454071,4605,103262,109206,135357,100013,122121,94883,81369,93912,34474
300,0.01073,0.01072,0.01071,0.0107,0.01069,0.01068,0.01067,0.01066,0.01065,0.01064,0.01075,0.01076,0.01077,0.01078,0.01079,0.0108,0.01081,0.01082,0.01083,0.01084,5899,51943,129197,191774,108002,180223,100949,76493,6559,454071,3750,103262,109206,129740,99003,122121,94883,81369,93912,34474
301,0.01074,0.01073,0.01072,0.01071,0.0107,0.01069,0.01068,0.01067,0.01066,0.01065,0.01075,0.01076,0.01077,0.01078,0.01079,0.0108,0.01081,0.01082,0.01083,0.01084,3072,54583,125000,166194,133874,183002,10611,100948,76494,6559,681,96659,109206,145680,94260,94348,127340,81369,93912,34474
302,0.01074,0.01073,0.01072,0.01071,0.0107,0.01069,0.01068,0.01067,0.01066,0.01065,0.01075,0.01076,0.01077,0.01078,0.01079,0.0108,0.01081,0.01082,0.01083,0.01084,1274,54583,158077,166194,101840,181905,10611,100948,76495,445782,681,96659,109206,111785,95270,127180,99593,109092,93912,34474
303,0.01074,0.01073,0.01072,0.01071,0.0107,0.01069,0.01068,0.01067,0.01066,0.01065,0.01075,0.01076,0.01077,0.01078,0.01079,0.0108,0.01081,0.01082,0.01083,0.01084,1274,54583,158077,166194,101840,181905,53591,57928,40351,445782,681,96659,109206,111785,95270,127180,127342,81369,93912,34474
304,0.01074,0.01073,0.01072,0.01071,0.0107,0.01069,0.01068,0.01067,0.01066,0.01065,0.01075,0.01076,0.01077,0.01078,0.01079,0.0108,0.01081,0.01082,0.01083,0.01084,778,54583,158077,145750,122284,181904,53593,94040,40351,445782,3750,96659,109206,111785,95270,94348,160144,81369,93912,34474
305,0.01073,0.01072,0.01071,0.0107,0.01069,0.01068,0.01067,0.01066,0.01065,0.01064,0.01074,0.01075,0.01076,0.01077,0.01078,0.01079,0.0108,0.01081,0.01082,0.01083,4505,161155,131026,147620,199949,81054,11158,63675,91828,446619,23517,78750,106925,109206,102116,94260,94348,160144,6369,93912
306,0.01073,0.01072,0.01071,0.0107,0.01069,0.01068,0.01067,0.01066,0.01065,0.01064,0.01074,0.01075,0.01076,0.01077,0.01078,0.01079,0.0108,0.01081,0.01082,0.01083,4505,66675,155980,147620,198538,82466,45079,103693,6559,446619,23517,78750,106925,109206,103126,94260,159645,94883,6369,93912
307,0.01073,0.01072,0.01071,0.0107,0.01069,0.01068,0.01067,0.01066,0.01065,0.01064,0.01074,0.01075,0.01076,0.01077,0.01078,0.01079,0.0108,0.01081,0.01082,0.01083,1430,66675,155980,147620,198538,82466,45079,103693,6559,446619,23517,78750,106925,109206,103126,122057,131874,94883,6369,93912
308,0.01072,0.01071,0.0107,0.01069,0.01068,0.01067,0.01066,0.01065,0.01064,0.01063,0.01074,0.01075,0.01076,0.01077,0.01078,0.01079,0.0108,0.01081,0.01082,0.01083,37157,164118,146523,123538,82466,45079,100992,91828,521619,73078,23517,78750,106925,110216,129939,94260,131874,94883,6369,93912
309,0.01072,0.01071,0.0107,0.01069,0.01068,0.01067,0.01066,0.01065,0.01064,0.01063,0.01074,0.01075,0.01076,0.01077,0.01078,0.01079,0.0108,0.01081,0.01082,0.01083,5727,83904,132112,123538,106052,82249,134906,81559,446619,73076,29541,78750,106925,110216,102116,154894,99058,94883,6369,93912
310,0.01072,0.01071,0.0107,0.01069,0.01068,0.01067,0.01066,0.01065,0.01064,0.01063,0.01074,0.01075,0.01076,0.01077,0.01078,0.01079,0.0108,0.01081,0.01082,0.01083,5052,83904,132112,167137,106052,82249,134906,81559,6983,513126,28866,93281,106925,110216,129937,127099,99058,94883,6369,93912
311,0.01072,0.01071,0.0107,0.01069,0.01068,0.01067,0.01066,0.01065,0.01064,0.01063,0.01074,0.01075,0.01076,0.01077,0.01078,0.01079,0.0108,0.01081,0.01082,0.01083,5052,50812,132112,167137,136832,84655,209906,6559,6983,513126,28866,93281,106925,109206,163817,94260,99058,94883,6369,93912
312,0.01073,0.01072,0.01071,0.0107,0.01069,0.01068,0.01067,0.01066,0.01065,0.01064,0.01075,0.01076,0.01077,0.01078,0.01079,0.0108,0.01081,0.01082,0.01083,0.01084,3075,32189,146537,103136,123538,103655,82251,134901,81559,446619,78750,106925,109206,102116,155904,99058,94883,6369,93912,35317
313,0.01073,0.01072,0.01071,0.0107,0.01069,0.01068,0.01067,0.01066,0.01065,0.01064,0.01075,0.01076,0.01077,0.01078,0.01079,0.0108,0.01081,0.01082,0.01083,0.01084,3075,65258,113452,103136,123538,103655,82251,134901,81559,480752,78750,106925,109206,103126,122055,131882,94883,6369,93912,35317
314,0.01073,0.01072,0.01071,0.0107,0.01069,0.01068,0.01067,0.01066,0.01065,0.01064,0.01075,0.01076,0.01077,0.01078,0.01079,0.0108,0.01081,0.01082,0.01083,0.01084,3075,65258,113452,103136,123538,103655,157251,134901,6559,480752,78750,106925,109206,102116,123065,131882,94883,6369,93912,35317
315,0.01073,0.01072,0.01071,0.0107,0.01069,0.01068,0.01067,0.01066,0.01065,0.01064,0.01075,0.01076,0.01077,0.01078,0.01079,0.0108,0.01081,0.01082,0.01083,0.01084,3075,65258,113452,103136,241495,143584,39221,94919,6559,480752,78750,106925,109206,130950,94260,131882,94883,6369,93912,35317
316,0.01073,0.01072,0.01071,0.0107,0.01069,0.01068,0.01067,0.01066,0.01065,0.01064,0.01075,0.01076,0.01077,0.01078,0.01079,0.0108,0.01081,0.01082,0.01083,0.01084,3075,56428,80019,134094,241495,143584,39221,94919,763160,41116,78750,106925,109206,103126,122059,131882,94883,6369,93912,35317
317,0.01073,0.01072,0.01071,0.0107,0.01069,0.01068,0.01067,0.01066,0.01065,0.01064,0.01075,0.01076,0.01077,0.01078,0.01079,0.0108,0.01081,0.01082,0.01083,0.01084,3075,62277,117426,103136,241495,143584,39221,94919,6559,480752,78750,106925,109206,103126,122059,131882,94883,6369,93912,35317
318,0.01073,0.01072,0.01071,0.0107,0.01069,0.01068,0.01067,0.01066,0.01065,0.01064,0.01074,0.01075,0.01076,0.01077,0.01078,0.01079,0.0108,0.01081,0.01082,0.01083,3075,62277,117426,103136,241495,143584,39221,94919,763160,41116,7727,77655,106925,109206,103126,122059,131882,94883,6369,93912
319,0.01073,0.01072,0.01071,0.0107,0.01069,0.01068,0.01067,0.01066,0.01065,0.01064,0.01074,0.01075,0.01076,0.01077,0.01078,0.01079,0.0108,0.01081,0.01083,0.01084,3075,29208,145621,103136,241495,143584,39221,94919,6559,480752,6743,77655,106925,109206,103126,122059,131882,94883,93912,35317
320,0.01073,0.01072,0.01071,0.0107,0.01069,0.01068,0.01067,0.01066,0.01065,0.01064,0.01074,0.01075,0.01076,0.01077,0.01078,0.01079,0.0108,0.01081,0.01083,0.01084,3075,29208,144742,103136,241495,171623,47266,58780,6559,480752,6743,77655,106925,109206,103126,122059,131882,94883,93912,35317
321,0.01073,0.01072,0.01071,0.0107,0.01069,0.01068,0.01067,0.01066,0.01065,0.01064,0.01074,0.01075,0.01076,0.01077,0.01078,0.01079,0.0108,0.01081,0.01083,0.01084,1796,29208,101225,146694,241495,171623,47266,58780,763160,41116,6743,77655,112829,109206,103126,122059,131882,94883,93912,35317
322,0.01072,0.01071,0.0107,0.01069,0.01068,0.01067,0.01066,0.01065,0.01064,0.01063,0.01074,0.01075,0.01076,0.01077,0.01078,0.01079,0.0108,0.01081,0.01083,0.01084,28069,101225,146694,166495,171623,47266,58780,81559,480752,31130,6743,77655,112829,109206,103126,122059,131882,94883,93912,35317
323,0.01072,0.01071,0.0107,0.01069,0.01068,0.01067,0.01066,0.01065,0.01064,0.01063,0.01074,0.01075,0.01076,0.01077,0.01078,0.01079,0.0108,0.01081,0.01083,0.01084,28069,101225,103136,210094,171623,47266,58780,81559,480752,31130,6743,77655,112829,110216,102116,154898,99058,94883,93912,35317
324,0.01073,0.01072,0.01071,0.0107,0.01069,0.01068,0.01067,0.01066,0.01065,0.01064,0.01074,0.01075,0.01076,0.01077,0.01078,0.01079,0.0108,0.01081,0.01083,0.01084,3075,28069,101225,144301,166495,134091,47266,173795,6559,480758,3671,77655,112829,109206,103126,154898,99058,94883,93912,35317
325,0.01073,0.01072,0.01071,0.0107,0.01069,0.01068,0.01067,0.01066,0.01065,0.01064,0.01074,0.01075,0.01076,0.01077,0.01078,0.01079,0.0108,0.01081,0.01083,0.01084,3075,36974,68133,175755,166495,134091,122266,98795,6559,480758,3671,77655,112829,109206,103126,122059,131874,94883,93912,35317
326,0.01073,0.01072,0.01071,0.0107,0.01069,0.01068,0.01067,0.01066,0.01065,0.01064,0.01074,0.01075,0.01076,0.01077,0.01078,0.01079,0.0108,0.01081,0.01083,0.01084,3075,36974,68133,175755,166495,134091,47266,173795,6559,480758,3671,77655,112829,109206,103126,122059,131874,94883,93912,35317
327,0.01074,0.01073,0.01072,0.01071,0.0107,0.01069,0.01068,0.01067,0.01066,0.01065,0.01075,0.01076,0.01077,0.01078,0.01079,0.0108,0.01081,0.01082,0.01083,0.01084,3072,7730,80483,170687,175743,206397,134091,65986,40349,445782,7310,103160,109206,112795,122059,131874,94883,75000,93912,27865
328,0.01074,0.01073,0.01072,0.01071,0.0107,0.01069,0.01068,0.01067,0.01066,0.01065,0.01075,0.01076,0.01077,0.01078,0.01079,0.0108,0.01081,0.01082,0.01083,0.01084,3072,36304,123953,104411,175743,206397,130282,65986,40349,445782,2406,97256,109206,111785,95270,126833,127685,75000,93912,27865
329,0.01074,0.01073,0.01072,0.01071,0.0107,0.01069,0.01068,0.01067,0.01066,0.01065,0.01075,0.01076,0.01077,0.01078,0.01079,0.0108,0.01081,0.01082,0.01083,0.01084,3072,54243,105595,104411,196187,185956,130282,65986,40349,445782,3963,92733,103159,111785,95270,159665,94883,75000,93912,27865
330,0.01074,0.01073,0.01072,0.01071,0.0107,0.01069,0.01068,0.01067,0.01066,0.01065,0.01075,0.01076,0.01077,0.01078,0.01079,0.0108,0.01081,0.01083,0.01084,0.01085,19973,29550,101328,168356,175743,213965,136114,65980,445210,358041,7032,92733,103159,111785,94260,159665,94883,93912,102865,7452
331,0.01074,0.01073,0.01072,0.01071,0.0107,0.01069,0.01068,0.01067,0.01066,0.01065,0.01075,0.01076,0.01077,0.01078,0.01079,0.0108,0.01081,0.01083,0.01084,0.01085,19973,29550,144798,124845,175743,213965,136114,65980,6399,479886,5246,92733,103159,111785,95270,159665,169883,93912,27865,7452
332,0.01074,0.01073,0.01072,0.01071,0.0107,0.01069,0.01068,0.01067,0.01066,0.01065,0.01075,0.01076,0.01077,0.01078,0.01079,0.0108,0.01081,0.01083,0.01084,0.01085,19398,73696,128376,168357,175743,213965,41502,65980,6399,479886,2177,92733,103159,112795,94260,159665,169883,93912,27865,7452
333,0.01074,0.01073,0.01072,0.01071,0.0107,0.01069,0.01068,0.01067,0.01066,0.01065,0.01075,0.01076,0.01077,0.01078,0.01079,0.0108,0.01081,0.01083,0.01084,0.01085,45500,73696,171846,124846,175743,213965,41502,65980,6399,479886,1076,92733,103159,111785,95270,159665,169883,93912,27865,7452
334,0.01074,0.01073,0.01072,0.01071,0.0107,0.01069,0.01068,0.01067,0.01066,0.01065,0.01075,0.01076,0.01077,0.01078,0.01079,0.0108,0.01081,0.01083,0.01084,0.01085,44961,28278,115750,168357,175743,174063,81442,65980,6399,479886,1076,92733,104169,111785,94260,159665,169883,93912,27865,7452
335,0.01074,0.01073,0.01072,0.01071,0.0107,0.01069,0.01068,0.01067,0.01066,0.01065,0.01076,0.01077,0.01078,0.01079,0.0108,0.01081,0.01083,0.01084,0.01085,0.01086,19127,63507,136084,188880,175743,174063,98465,47260,6399,473327,91911,101906,112795,94260,159665,169883,93912,27865,7452,13802
336,0.01075,0.01074,0.01073,0.01072,0.01071,0.0107,0.01069,0.01068,0.01067,0.01066,0.01078,0.01079,0.0108,0.01081,0.01082,0.01083,0.01084,0.01086,0.01087,0.01088,20189,25216,107375,136084,168357,176949,177555,98465,42456,446263,111606,100448,134078,197634,4832,93912,27865,1944,7452,598
337,0.01075,0.01074,0.01073,0.01072,0.01071,0.0107,0.01069,0.01068,0.01067,0.01066,0.01078,0.01079,0.0108,0.01081,0.01082,0.01083,0.01084,0.01086,0.01087,0.01088,18359,38747,86200,129198,168357,176949,177555,98465,42456,446263,111606,100448,101246,197634,37634,93912,27865,1944,7452,598
338,0.01075,0.01074,0.01073,0.01072,0.01071,0.0107,0.01069,0.01068,0.01067,0.01066,0.01078,0.01079,0.0108,0.01081,0.01082,0.01083,0.01084,0.01086,0.01087,0.01088,18359,38747,86200,172668,124846,176949,177555,98465,42456,446263,110596,101458,101246,169883,65364,93912,27865,1944,7452,598
339,0.01077,0.01076,0.01075,0.01074,0.01073,0.01072,0.01071,0.0107,0.01069,0.01068,0.01079,0.0108,0.01081,0.01082,0.01083,0.01084,0.01086,0.01087,0.01088,0.01089,14278,37156,108148,77997,128441,178023,121874,10898,33803,446511,5092,94898,103072,67494,93912,32676,565,75000,598,20762
340,0.01077,0.01076,0.01075,0.01074,0.01073,0.01072,0.01071,0.0107,0.01069,0.01068,0.01079,0.0108,0.01081,0.01082,0.01083,0.01084,0.01086,0.01087,0.01088,0.01089,14278,37156,141187,44951,128441,103023,194484,448069,33803,42393,1632,93888,103072,7972,126707,60360,565,75000,598,20762
341,0.01078,0.01077,0.01076,0.01075,0.01074,0.01073,0.01072,0.01071,0.0107,0.01069,0.01079,0.0108,0.01081,0.01082,0.01083,0.01084,0.01086,0.01087,0.01088,0.01089,5855,53791,121041,236633,107242,103345,12507,24893,443258,33803,4075,89566,102895,17035,126707,60360,565,75000,598,20762
342,0.01078,0.01077,0.01076,0.01075,0.01074,0.01073,0.01072,0.01071,0.0107,0.01069,0.01079,0.0108,0.01081,0.01082,0.01083,0.01084,0.01086,0.01087,0.01088,0.01089,5855,53791,121041,236633,107242,103345,12507,24893,443258,33803,4075,89566,102895,17035,93912,93132,565,75000,598,20762
343,0.01078,0.01077,0.01076,0.01075,0.01074,0.01073,0.01072,0.01071,0.0107,0.01069,0.01079,0.0108,0.01081,0.01082,0.01083,0.01084,0.01086,0.01087,0.01088,0.01089,34022,53791,121041,236633,101952,103345,448862,24893,6087,33803,4075,89566,102895,17035,93912,93132,565,75000,598,8831
344,0.01078,0.01077,0.01076,0.01075,0.01074,0.01073,0.01072,0.01071,0.0107,0.01069,0.01079,0.0108,0.01081,0.01082,0.01083,0.01084,0.01086,0.01087,0.01088,0.01089,34022,53791,121041,236633,101952,103345,448862,24893,6087,33803,4075,89566,102895,17035,93912,93132,565,75000,598,8831
345,0.01079,0.01078,0.01077,0.01076,0.01075,0.01074,0.01073,0.01072,0.01071,0.0107,0.0108,0.01081,0.01082,0.01083,0.01084,0.01085,0.01086,0.01087,0.01088,0.01089,34398,5426,53791,149225,211343,101952,102151,448862,24893,6087,3802,97935,16847,100743,89525,4789,565,75000,598,1379
346,0.0108,0.01079,0.01078,0.01077,0.01076,0.01075,0.01074,0.01073,0.01072,0.01071,0.01081,0.01082,0.01083,0.01084,0.01085,0.01086,0.01087,0.01088,0.01089,0.01091,34614,8860,72864,127566,155388,178304,101952,26812,12507,6045,97181,15837,101753,123111,65210,565,75000,598,1379,7452
347,0.0108,0.01079,0.01078,0.01077,0.01076,0.01075,0.01074,0.01073,0.01072,0.01071,0.01082,0.01083,0.01084,0.01085,0.01086,0.01087,0.01088,0.01089,0.01091,0.01092,8780,76201,142403,159187,103088,177102,12472,26812,35682,442808,1244,100743,134378,100417,60949,79693,598,1379,7452,12004
