timestamp,bid_price_0,bid_price_1,bid_price_2,bid_price_3,bid_price_4,bid_price_5,bid_price_6,bid_price_7,bid_price_8,bid_price_9,ask_price_0,ask_price_1,ask_price_2,ask_price_3,ask_price_4,ask_price_5,ask_price_6,ask_price_7,ask_price_8,ask_price_9,bid_size_0,bid_size_1,bid_size_2,bid_size_3,bid_size_4,bid_size_5,bid_size_6,bid_size_7,bid_size_8,bid_size_9,ask_size_0,ask_size_1,ask_size_2,ask_size_3,ask_size_4,ask_size_5,ask_size_6,ask_size_7,ask_size_8,ask_size_9
0,0.01078,0.01077,0.01076,0.01075,0.01074,0.01073,0.01072,0.01071,0.0107,0.01069,0.01079,0.0108,0.01081,0.01082,0.01083,0.01085,0.01086,0.01088,0.01089,0.01091,4875,40995,114861,212586,608758,107393,102469,148542,445732,102114,8786,7848,20652,102018,1190,70169,27636,7183,83831,11857
1,0.01075,0.01074,0.01073,0.01072,0.01071,0.0107,0.01069,0.01068,0.01066,0.01065,0.01078,0.01079,0.0108,0.01081,0.01082,0.01085,0.01087,0.01088,0.0109,0.01091,151406,188071,613550,146848,154679,120244,418250,127242,239158,48392,486,17332,7848,42558,168777,32377,8831,7183,75000,11857
2,0.01074,0.01073,0.01072,0.01071,0.0107,0.01069,0.01068,0.01067,0.01066,0.01065,0.01076,0.01077,0.01078,0.01079,0.0108,0.01081,0.01082,0.01083,0.01085,0.01086,11576,163154,180149,149720,185027,546906,218901,7378,36102,89975,3066,26795,95979,102396,5995,97575,106835,6615,29034,7452
3,0.01074,0.01073,0.01072,0.01071,0.0107,0.01069,0.01068,0.01067,0.01066,0.01065,0.01076,0.01077,0.01078,0.01079,0.0108,0.01081,0.01082,0.01083,0.01084,0.01086,92992,169952,171295,194140,103319,124641,246939,445778,36102,64361,3066,34623,87433,102396,100431,163170,134561,6615,1379,7452
4,0.01074,0.01073,0.01072,0.01071,0.0107,0.01069,0.01068,0.01067,0.01066,0.01065,0.01076,0.01077,0.01078,0.01079,0.0108,0.01081,0.01082,0.01083,0.01084,0.01086,88507,169952,171295,194140,115573,863042,246939,7378,196215,64361,3066,34623,87433,102396,100431,163170,134561,6615,1379,7452
5,0.01074,0.01073,0.01072,0.01071,0.0107,0.01069,0.01068,0.01067,0.01066,0.01065,0.01077,0.01078,0.01079,0.0108,0.01081,0.01082,0.01083,0.01086,0.01088,0.01089,85993,172416,180149,149720,101908,117459,206942,445778,36102,64361,23826,95979,99338,100431,97575,172369,34315,7452,12489,1545
6,0.01073,0.01072,0.01071,0.0107,0.01069,0.01068,0.01067,0.01066,0.01065,0.01063,0.01077,0.01078,0.01079,0.0108,0.01081,0.01082,0.01083,0.01084,0.01086,0.01088,151783,180149,149720,146370,110738,264975,445778,36102,64361,92720,32372,87433,99338,100431,97575,172369,34315,1379,7452,12489
7,0.01073,0.01072,0.01071,0.0107,0.01069,0.01068,0.01067,0.01066,0.01065,0.01063,0.01077,0.01078,0.01079,0.0108,0.01081,0.01082,0.01083,0.01084,0.01086,0.01088,150374,180149,149720,146370,110738,264975,445778,36102,41583,63958,32372,87433,99338,100431,163170,134561,6615,1379,7452,12489
8,0.01073,0.01072,0.01071,0.0107,0.01069,0.01068,0.01067,0.01066,0.01065,0.01063,0.01077,0.01078,0.01079,0.0108,0.01081,0.01082,0.01083,0.01084,0.01086,0.01088,195532,177557,103034,149065,110738,263989,445778,36105,41583,63958,31224,87433,99338,100431,163170,134561,6615,1379,7452,12489
9,0.01073,0.01072,0.01071,0.0107,0.01069,0.01068,0.01067,0.01066,0.01065,0.01063,0.01077,0.01078,0.01079,0.0108,0.01081,0.01082,0.01083,0.01084,0.01086,0.01088,194092,177557,103034,149067,110738,263989,445778,36105,41583,63958,31224,87433,99338,100431,163170,134561,6615,1379,7452,12489
10,0.01073,0.01072,0.01071,0.0107,0.01069,0.01068,0.01067,0.01066,0.01065,0.01063,0.01077,0.01078,0.01079,0.0108,0.01081,0.01082,0.01084,0.01086,0.01088,0.01089,106098,177557,189638,149067,110738,263989,445778,36105,41583,63958,31224,87433,99338,172720,97575,134561,1379,7452,12489,1545
11,0.01073,0.01072,0.01071,0.0107,0.01069,0.01068,0.01067,0.01066,0.01065,0.01063,0.01077,0.01078,0.01079,0.0108,0.01081,0.01082,0.01084,0.01086,0.01088,0.01089,58034,177557,189638,104603,110738,246939,25714,474916,41583,63958,29720,87433,99338,172720,125327,106835,1379,7452,12489,1545
12,0.01074,0.01073,0.01072,0.01071,0.0107,0.01069,0.01068,0.01067,0.01066,0.01065,0.01077,0.01078,0.01079,0.0108,0.01081,0.01082,0.01084,0.01086,0.01088,0.01089,45797,57410,177557,234060,118391,548318,563371,7378,36105,201846,25725,84372,99338,172720,97575,134561,1379,7452,12489,1545
13,0.01074,0.01073,0.01072,0.01071,0.0107,0.01069,0.01068,0.01067,0.01066,0.01065,0.01077,0.01078,0.01079,0.0108,0.01081,0.01082,0.01084,0.01086,0.01088,0.01089,44363,67957,177557,234060,104603,566654,563371,7378,36105,41583,22774,84372,99338,172720,97575,134561,1379,7452,12489,1545
14,0.01074,0.01073,0.01072,0.01071,0.0107,0.01069,0.01068,0.01067,0.01066,0.01065,0.01075,0.01076,0.01077,0.01078,0.01079,0.0108,0.01081,0.01082,0.01084,0.01085,44260,17225,137633,282090,147555,105928,251673,25714,483004,34131,8010,35596,114102,106690,99338,171518,99038,129744,1379,7452
15,0.01074,0.01073,0.01072,0.01071,0.0107,0.01069,0.01068,0.01067,0.01066,0.01065,0.01075,0.01076,0.01077,0.01078,0.01079,0.0108,0.01081,0.01082,0.01084,0.01085,30082,17225,137633,215883,213792,105928,211676,7378,62529,439223,14662,35596,114102,172454,127139,105862,99038,102018,1379,82452
16,0.01071,0.0107,0.01069,0.01068,0.01067,0.01066,0.01065,0.01064,0.01063,0.01062,0.01074,0.01075,0.01076,0.01077,0.01078,0.01079,0.0108,0.01081,0.01082,0.01083,75000,238811,105928,190761,7378,107353,510982,328098,23679,41679,31544,131185,56885,100432,71802,126737,105862,94304,7714,7452
17,0.01071,0.0107,0.01069,0.01068,0.01067,0.01066,0.01065,0.01064,0.01063,0.01062,0.01074,0.01075,0.01076,0.01077,0.01078,0.01079,0.0108,0.01081,0.01082,0.01083,73618,172555,105928,257086,7378,71248,510982,328098,36207,7452,36597,131185,56885,166203,33858,98936,105862,94304,7714,7452
18,0.0107,0.01069,0.01068,0.01067,0.01066,0.01065,0.01064,0.01063,0.01062,0.01061,0.01073,0.01074,0.01075,0.01076,0.01077,0.01078,0.01079,0.0108,0.01082,0.01085,169033,139165,208420,51948,56737,398416,44469,62920,440464,41720,26939,82860,108055,95854,166203,27820,98936,107241,15166,11983
19,0.0107,0.01069,0.01068,0.01067,0.01066,0.01065,0.01064,0.01063,0.01062,0.01061,0.01073,0.01074,0.01075,0.01076,0.01077,0.01078,0.01079,0.0108,0.01082,0.01085,167476,139165,142095,118308,56737,81089,44469,62920,440464,41720,33591,82860,108055,95854,166203,27820,98936,107241,15166,11983
20,0.01072,0.01071,0.0107,0.01069,0.01068,0.01067,0.01066,0.01065,0.01064,0.01063,0.01073,0.01074,0.01075,0.01076,0.01077,0.01078,0.01079,0.0108,0.01082,0.01083,2125,94744,205695,146613,142095,87629,373766,81089,484105,44584,12690,82860,108055,95854,166203,27820,98936,107241,7714,7452
21,0.01072,0.01071,0.0107,0.01069,0.01068,0.01067,0.01066,0.01065,0.01064,0.01063,0.01073,0.01074,0.01075,0.01076,0.01077,0.01078,0.01079,0.0108,0.01082,0.01083,641,94744,205695,146613,209833,7378,73657,837639,80646,8373,12690,81016,108055,95854,100432,65710,126730,107241,7714,7452
22,0.01072,0.01071,0.0107,0.01069,0.01068,0.01067,0.01066,0.01065,0.01064,0.01063,0.01073,0.01074,0.01075,0.01076,0.01077,0.01078,0.01079,0.0108,0.01082,0.01083,4929,120859,166550,149015,186673,21276,369941,37802,80646,440050,1820,81016,108055,95854,100432,65710,126730,107241,7714,7452
23,0.01073,0.01072,0.01071,0.0107,0.01069,0.01068,0.01067,0.01066,0.01065,0.01064,0.01075,0.01076,0.01077,0.01078,0.01079,0.0108,0.01082,0.01085,0.01088,0.01092,3075,98161,153689,213764,215278,146233,25714,808752,37802,77625,117734,104400,94392,160366,126730,12805,7714,94435,598,2329
24,0.01073,0.01072,0.01071,0.0107,0.01069,0.01068,0.01067,0.01066,0.01065,0.01064,0.01075,0.01076,0.01077,0.01078,0.01079,0.0108,0.01082,0.01085,0.01088,0.01092,3684,129474,131138,324464,133943,198429,479678,329869,9682,90085,117734,104400,94392,94656,98936,78434,35436,94435,598,2329
25,0.01073,0.01072,0.01071,0.0107,0.01069,0.01068,0.01067,0.01066,0.01065,0.01064,0.01074,0.01075,0.01076,0.01077,0.01078,0.01079,0.0108,0.01082,0.01084,0.01085,2103,129474,175554,213764,200233,186230,41278,31176,9682,82633,2352,113127,104400,94392,94656,164612,40579,7714,7452,86983
26,0.01073,0.01072,0.01071,0.0107,0.01069,0.01068,0.01067,0.01066,0.01065,0.01064,0.01075,0.01076,0.01077,0.01078,0.01079,0.0108,0.01082,0.01084,0.01085,0.01088,2941,160393,179901,184633,198821,186230,41278,48950,28018,486092,115345,104400,94392,94656,164612,40579,7714,7452,86983,598
27,0.01073,0.01072,0.01071,0.0107,0.01069,0.01068,0.01067,0.01066,0.01065,0.01064,0.01075,0.01076,0.01077,0.01078,0.01079,0.0108,0.01081,0.01082,0.01084,0.01085,1310,160362,179901,249464,133944,186230,41278,67286,483017,72096,114641,104400,94392,94656,98936,78434,27748,7714,7452,86983
28,0.01074,0.01073,0.01072,0.01071,0.0107,0.01069,0.01068,0.01067,0.01066,0.01065,0.01076,0.01077,0.01078,0.01079,0.0108,0.01081,0.01082,0.01084,0.01085,0.01086,8137,246117,160265,169761,604289,446268,146606,41278,204316,69767,12856,102938,95852,94217,81757,27748,7714,1379,75000,7452
29,0.01074,0.01073,0.01072,0.01071,0.0107,0.01069,0.01068,0.01067,0.01066,0.01065,0.01076,0.01077,0.01078,0.01079,0.0108,0.01081,0.01082,0.01083,0.01084,0.01085,27637,126784,128952,353974,110706,567709,146606,41278,8088,69767,883,106002,95852,94217,103931,65595,35440,6615,1379,75000
30,0.01077,0.01076,0.01075,0.01074,0.01073,0.01072,0.01071,0.0107,0.01069,0.01068,0.0108,0.01081,0.01082,0.01084,0.01088,0.01089,0.0109,0.01091,0.01092,0.01093,34603,137748,560026,167216,104855,203235,281931,12962,41221,55710,99229,74268,35440,4773,1977,7452,6573,86790,2329,586
31,0.01078,0.01077,0.01076,0.01075,0.01074,0.01073,0.01072,0.01071,0.0107,0.01069,0.0108,0.01081,0.01082,0.01083,0.01084,0.01086,0.01088,0.01089,0.0109,0.01091,71444,2266,105658,142971,651431,125604,426328,215724,41915,77224,102284,7465,101843,95278,70294,27638,1977,7452,6573,86790
32,0.01078,0.01077,0.01076,0.01075,0.01074,0.01073,0.01072,0.01071,0.0107,0.01069,0.01081,0.01082,0.01083,0.01084,0.01085,0.01086,0.01088,0.01089,0.0109,0.01091,67929,96352,144750,104434,652834,107268,109664,121102,60251,84676,10517,101843,95278,65521,4756,27638,1977,75000,7452,11790
33,0.01078,0.01077,0.01076,0.01075,0.01074,0.01073,0.01072,0.01071,0.0107,0.01069,0.01081,0.01082,0.01083,0.01084,0.01085,0.01086,0.01088,0.01089,0.0109,0.01091,89323,96352,144750,104434,652834,125604,424919,121102,41915,84676,10517,101843,95278,65521,4756,27638,1977,75000,7452,11790
34,0.01078,0.01077,0.01076,0.01075,0.01074,0.01073,0.01072,0.01071,0.0107,0.01069,0.01081,0.01082,0.01083,0.01085,0.01086,0.01088,0.01089,0.0109,0.01091,0.01093,87994,135053,144750,104434,652834,107268,109664,139438,33785,84676,9529,101843,160873,4756,27638,1977,75000,7452,11790,586
35,0.01079,0.01078,0.01077,0.01076,0.01075,0.01074,0.01073,0.01072,0.01071,0.0107,0.01082,0.01083,0.01085,0.01086,0.01088,0.01089,0.0109,0.01091,0.01093,0.01094,23522,97318,106473,158254,539572,217291,107268,109664,110871,7452,90039,160873,4756,27638,598,75000,1379,19242,586,6549
36,0.01079,0.01078,0.01077,0.01076,0.01075,0.01074,0.01073,0.01072,0.01071,0.0107,0.01082,0.01083,0.01084,0.01085,0.01087,0.01088,0.01089,0.0109,0.01091,0.01093,22750,97318,126775,134734,170544,542428,107268,109664,426420,41236,87397,95278,65561,4756,27618,598,75000,1379,25809,586
37,0.01079,0.01078,0.01077,0.01076,0.01075,0.01074,0.01073,0.01072,0.01071,0.0107,0.01082,0.01083,0.01084,0.01085,0.01087,0.01088,0.01089,0.0109,0.01091,0.01093,21934,97318,126775,121230,122770,608600,107268,424919,110871,41236,87397,95278,65561,4756,27618,598,75000,1379,25809,586
38,0.01079,0.01078,0.01077,0.01076,0.01075,0.01074,0.01073,0.01072,0.01071,0.0107,0.01082,0.01083,0.01084,0.01087,0.01088,0.01089,0.0109,0.01091,0.01093,0.01094,115244,97318,126775,140748,539572,220966,107268,325486,110871,41236,3049,94086,66758,32389,598,75000,1379,14019,586,11811
39,0.01079,0.01078,0.01077,0.01076,0.01075,0.01074,0.01073,0.01072,0.01071,0.0107,0.01082,0.01083,0.01084,0.01087,0.01088,0.01089,0.0109,0.01091,0.01093,0.01094,114463,97318,147711,538507,104434,219559,107268,10231,426420,41236,3049,97133,66758,32389,598,75000,1379,7452,586,18360
40,0.01079,0.01078,0.01077,0.01076,0.01075,0.01074,0.01073,0.01072,0.01071,0.0107,0.01082,0.01083,0.01084,0.01087,0.01088,0.01089,0.0109,0.01091,0.01093,0.01094,111307,97318,147711,538507,104434,219559,107268,10231,426420,41236,3049,97133,66758,32389,598,75000,1379,7452,586,18360
41,0.01079,0.01078,0.01077,0.01076,0.01075,0.01074,0.01073,0.01072,0.01071,0.0107,0.01082,0.01083,0.01084,0.01087,0.01088,0.01089,0.0109,0.01091,0.01093,0.01094,15895,97318,144824,121246,539572,219559,107268,10231,426420,41236,21948,97133,66758,32389,7183,75000,1379,7452,586,11811
42,0.01079,0.01078,0.01077,0.01076,0.01075,0.01074,0.01073,0.01072,0.01071,0.0107,0.01081,0.01082,0.01083,0.01084,0.01087,0.01088,0.01089,0.0109,0.01091,0.01093,3058,97318,144824,121246,539572,219559,108676,10231,426420,41236,3052,21948,94086,66758,32389,7183,75000,1379,7452,586
43,0.01079,0.01078,0.01077,0.01076,0.01075,0.01074,0.01073,0.01072,0.01071,0.0107,0.01081,0.01082,0.01083,0.01084,0.01086,0.01087,0.01088,0.01089,0.01091,0.01093,2231,191317,176161,530044,104434,175271,107268,38149,50742,357080,2063,21948,126890,1197,27641,4771,7183,75000,7452,586
44,0.01079,0.01078,0.01077,0.01076,0.01075,0.01074,0.01073,0.01072,0.01071,0.0107,0.01081,0.01082,0.01083,0.01084,0.01085,0.01086,0.01087,0.01088,0.01089,0.01091,323,191317,178139,530044,104434,175271,104875,10231,78687,357080,2063,21948,126890,1197,27667,1379,4771,7183,75000,7452
45,0.01078,0.01077,0.01076,0.01075,0.01074,0.01073,0.01072,0.01071,0.0107,0.01069,0.01082,0.01083,0.01084,0.01085,0.01086,0.01087,0.01088,0.01089,0.0109,0.01093,180940,173274,530044,104434,175271,149205,12627,97023,355766,48512,21948,126890,1197,27667,1379,4771,7183,75000,7452,586
46,0.01078,0.01077,0.01076,0.01075,0.01074,0.01073,0.01072,0.01071,0.0107,0.01069,0.01081,0.01082,0.01083,0.01084,0.01086,0.01087,0.01088,0.01089,0.0109,0.01093,179753,173274,530044,104434,175271,149205,12627,78687,58258,364651,3052,19897,126890,7806,29020,4771,598,75000,7452,586
47,0.01078,0.01077,0.01076,0.01075,0.01074,0.01073,0.01072,0.01071,0.01069,0.01068,0.01081,0.01082,0.01083,0.01084,0.01085,0.01086,0.01087,0.01088,0.01089,0.0109,12731,254362,115706,539572,109099,137978,10231,35643,41275,36043,3052,16408,126890,7806,27665,1379,4771,598,75000,7452
48,0.01079,0.01078,0.01077,0.01076,0.01075,0.01074,0.01073,0.01072,0.01071,0.0107,0.01082,0.01083,0.01084,0.01086,0.01087,0.01088,0.01089,0.01091,0.01093,0.01094,10178,153928,654154,104272,104434,109099,104875,43365,27945,7452,1532,94086,68264,1379,4771,598,75000,7452,586,11811
49,0.01077,0.01076,0.01075,0.01074,0.01073,0.01072,0.01071,0.0107,0.01069,0.01068,0.0108,0.01081,0.01082,0.01083,0.01084,0.01085,0.01086,0.01088,0.01089,0.01093,207628,131894,141050,540850,137992,15030,8108,9703,33823,43495,5286,97181,2718,94086,101761,65253,1379,598,82452,586
50,0.01077,0.01076,0.01075,0.01074,0.01073,0.01072,0.01071,0.0107,0.01069,0.01068,0.0108,0.01081,0.01082,0.01083,0.01084,0.01085,0.01086,0.01088,0.01089,0.01093,196676,131894,141050,105307,122455,451385,41260,9703,33823,71518,7313,97181,2718,126870,129448,4833,1379,598,82452,586
51,0.01077,0.01076,0.01075,0.01074,0.01073,0.01072,0.01071,0.0107,0.01069,0.01068,0.0108,0.01081,0.01082,0.01083,0.01084,0.01085,0.01086,0.01088,0.01089,0.01093,118020,131894,141050,105307,104875,15030,553023,9703,33823,71518,7313,97181,35533,95293,128251,4833,1379,598,82452,586
52,0.01077,0.01076,0.01075,0.01074,0.01073,0.01072,0.01071,0.0107,0.01069,0.01068,0.0108,0.01081,0.01082,0.01083,0.01084,0.01085,0.01088,0.01089,0.01093,0.01094,126189,131894,141050,105307,104875,15030,116260,28039,437580,35475,3610,94332,96360,155790,93955,4833,598,83831,586,11811
53,0.01077,0.01076,0.01075,0.01074,0.01073,0.01072,0.01071,0.0107,0.01069,0.01068,0.0108,0.01081,0.01082,0.01083,0.01084,0.01085,0.01088,0.01089,0.01093,0.01094,124031,131894,141050,105307,104875,15030,116260,9703,437580,35475,3610,94332,96360,155790,93955,6212,598,82452,586,11811
54,0.01078,0.01077,0.01076,0.01075,0.01074,0.01073,0.01072,0.01071,0.0107,0.01069,0.01081,0.01082,0.01083,0.01084,0.01085,0.01088,0.01089,0.0109,0.01093,0.01094,36950,124031,141982,104434,105307,104875,451385,116260,9703,7452,11787,96360,155790,93955,6212,598,75000,7452,586,11811
55,0.01079,0.01078,0.01077,0.01076,0.01075,0.01074,0.01073,0.01072,0.01071,0.0107,0.01082,0.01083,0.01084,0.01085,0.01086,0.01087,0.01088,0.01089,0.01091,0.01093,20029,84632,136198,103090,123975,544456,171108,7183,75000,7452,9018,95854,93955,66704,27643,4766,598,76379,7452,586
56,0.01079,0.01078,0.01077,0.01076,0.01075,0.01074,0.01073,0.01072,0.01071,0.0107,0.01081,0.01082,0.01083,0.01084,0.01085,0.01087,0.01088,0.01089,0.01091,0.01093,6480,84632,136691,103090,125072,544456,104875,73465,82442,7452,3052,7703,95854,93955,94371,4766,598,76379,7452,586
57,0.01078,0.01077,0.01076,0.01075,0.01074,0.01073,0.01072,0.01071,0.01069,0.01068,0.01081,0.01082,0.01083,0.01084,0.01085,0.01087,0.01088,0.01089,0.0109,0.01093,15333,102068,141982,125072,544456,94568,73465,82442,7452,28023,5432,7703,95854,95133,94547,4766,598,75000,7452,586
58,0.01078,0.01077,0.01076,0.01075,0.01074,0.01073,0.01072,0.01071,0.0107,0.01069,0.01081,0.01082,0.01083,0.01084,0.01085,0.01087,0.01088,0.01089,0.0109,0.01093,26685,143064,141982,125072,544456,94568,73465,82442,9426,7452,5432,17129,95854,160667,29046,4766,598,75000,7452,586
59,0.01078,0.01077,0.01076,0.01075,0.01074,0.01073,0.01072,0.01071,0.0107,0.01069,0.0108,0.01081,0.01082,0.01083,0.01084,0.01085,0.01086,0.01088,0.0109,0.01093,5389,133619,145687,125979,104099,106886,73465,82442,27762,453421,3055,99474,92129,95854,160667,27667,6205,598,7452,586
60,0.01078,0.01077,0.01076,0.01075,0.01074,0.01073,0.01072,0.01071,0.0107,0.01069,0.0108,0.01081,0.01082,0.01083,0.01084,0.01086,0.01088,0.0109,0.01093,0.01094,4569,133619,145687,125979,104099,106886,73465,82442,9426,453421,3055,99474,92129,95854,188356,6205,598,7452,586,11811
61,0.01078,0.01077,0.01076,0.01075,0.01074,0.01073,0.01072,0.01071,0.0107,0.01069,0.01081,0.01082,0.01083,0.01084,0.01086,0.01088,0.0109,0.01093,0.01094,0.01102,3061,136683,145687,125979,104099,106886,73465,82442,9426,7452,99469,92129,95854,188356,6205,598,7452,586,11811,2329
62,0.01078,0.01077,0.01076,0.01075,0.01074,0.01073,0.01072,0.01071,0.0107,0.01069,0.01079,0.0108,0.01081,0.01082,0.01083,0.01084,0.01086,0.01088,0.01089,0.01093,6929,95687,126008,176719,104099,106886,73465,82442,27762,445167,7689,3055,96422,91828,93988,187178,6205,598,7452,586
63,0.01077,0.01076,0.01075,0.01074,0.01073,0.01072,0.01071,0.0107,0.01069,0.01068,0.01078,0.01079,0.0108,0.01081,0.01082,0.01083,0.01084,0.01085,0.01088,0.01091,7415,137244,164045,105285,102060,12009,73745,84426,25923,445149,2372,5855,36375,103920,176531,187269,93955,4826,8050,11977
64,0.01077,0.01076,0.01075,0.01074,0.01073,0.01072,0.01071,0.0107,0.01069,0.01068,0.01079,0.0108,0.01081,0.01082,0.01083,0.01084,0.01085,0.01088,0.01091,0.01093,4772,137244,164045,105285,102060,12009,7442,150763,7587,25495,5855,36375,103920,269868,95367,93955,4826,8050,11977,586
65,0.01078,0.01077,0.01076,0.01075,0.01074,0.01073,0.01072,0.01071,0.0107,0.01069,0.0108,0.01081,0.01082,0.01083,0.01084,0.01088,0.01089,0.01091,0.01093,0.01102,3061,48084,143611,143535,104099,103240,7183,12180,75763,55240,95246,144790,103327,186073,4760,598,7452,11977,586,2329
66,0.01077,0.01076,0.01075,0.01074,0.01073,0.01072,0.01071,0.0107,0.01069,0.01068,0.0108,0.01081,0.01082,0.01083,0.01084,0.01088,0.01089,0.01091,0.01093,0.01102,8764,143611,150553,124430,103240,7183,78496,9426,82587,55105,94233,144790,103327,120518,70281,598,7452,11977,586,2329
67,0.01076,0.01075,0.01074,0.01073,0.01072,0.01071,0.0107,0.01069,0.01068,0.01067,0.01077,0.01078,0.01079,0.0108,0.01081,0.01082,0.01083,0.01084,0.01087,0.01088,3505,126077,114723,113137,8384,73758,14139,7587,83962,7550,3064,78055,102086,178656,70968,100750,98918,93208,7452,598
68,0.01076,0.01075,0.01074,0.01073,0.01072,0.01071,0.0107,0.01069,0.01068,0.01067,0.01077,0.01078,0.01079,0.0108,0.01081,0.01082,0.01083,0.01087,0.01088,0.01091,4377,97198,147229,113137,8384,7442,17475,148959,8962,7550,3064,78055,102086,244352,70968,128481,100463,7452,598,11977
69,0.01076,0.01075,0.01074,0.01073,0.01072,0.01071,0.0107,0.01069,0.01068,0.01067,0.01077,0.01078,0.01079,0.0108,0.01081,0.01082,0.01083,0.01087,0.01088,0.01091,4117,97198,147229,113137,8384,7442,17475,148959,8962,7550,3064,78055,102086,244352,70968,100750,128169,7452,598,11977
70,0.01076,0.01075,0.01074,0.01073,0.01072,0.01071,0.0107,0.01069,0.01068,0.01067,0.01077,0.01078,0.01079,0.0108,0.01081,0.01082,0.01083,0.01087,0.01088,0.01091,1758,97198,147229,113137,8384,7442,17475,148959,8962,7550,3064,78055,102086,103656,211603,128481,100463,7452,598,11977
71,0.01075,0.01074,0.01073,0.01072,0.01071,0.0107,0.01069,0.01068,0.01067,0.01066,0.01077,0.01078,0.01079,0.0108,0.01081,0.01082,0.01083,0.01087,0.01088,0.01091,94742,147229,113137,8384,7442,17483,148959,8962,7550,16875,3064,78055,102086,169352,175102,102295,97539,7452,598,11977
72,0.01072,0.01071,0.0107,0.01069,0.01068,0.01067,0.01066,0.01065,0.01064,0.01063,0.01076,0.01077,0.01078,0.01079,0.0108,0.01081,0.01082,0.01083,0.01085,0.01088,3517,32537,146106,148959,10168,52156,14181,56172,488249,45722,91458,105570,12046,94129,166031,172545,95674,92807,7452,12524
73,0.01072,0.01071,0.0107,0.01069,0.01068,0.01067,0.01066,0.01065,0.01064,0.01063,0.01074,0.01075,0.01076,0.01077,0.01078,0.01079,0.0108,0.01081,0.01082,0.01083,2215,35618,146106,102199,82413,73978,89181,8519,69303,52776,5748,45086,43704,105570,77797,94129,128109,144009,102295,92807
74,0.01073,0.01072,0.01071,0.0107,0.01069,0.01068,0.01067,0.01066,0.01065,0.01064,0.01074,0.01075,0.01076,0.01077,0.01078,0.01079,0.0108,0.01081,0.01082,0.01084,17093,3704,32537,136680,146722,10168,46586,155644,51853,41161,45806,118931,103051,106748,109079,94129,123386,144009,6621,7452
75,0.01073,0.01072,0.01071,0.0107,0.01069,0.01068,0.01067,0.01066,0.01065,0.01064,0.01074,0.01075,0.01076,0.01077,0.01078,0.01079,0.0108,0.01081,0.01082,0.01084,14655,3704,32537,133336,146722,10168,107698,89181,113922,43362,55744,117637,98716,174051,110624,169129,123386,7498,6621,7452
76,0.01071,0.0107,0.01069,0.01068,0.01067,0.01066,0.01065,0.01064,0.01063,0.01062,0.01073,0.01074,0.01075,0.01076,0.01077,0.01078,0.01079,0.0108,0.01081,0.01082,7086,143511,102199,169675,73965,89181,70588,43362,57930,455773,3075,71547,120403,76138,170345,110624,169129,123386,7498,6621
77,0.01071,0.0107,0.01069,0.01068,0.01067,0.01066,0.01065,0.01064,0.01063,0.01062,0.01074,0.01075,0.01076,0.01077,0.01078,0.01079,0.0108,0.01081,0.01082,0.01083,22902,113005,102199,125111,35783,155617,70588,43362,9109,455773,66325,120403,141957,104547,110624,196921,95612,7498,6621,7452
78,0.01071,0.0107,0.01069,0.01068,0.01067,0.01066,0.01065,0.01064,0.01063,0.01062,0.01074,0.01075,0.01076,0.01077,0.01078,0.01079,0.0108,0.01081,0.01082,0.01083,21289,113005,102199,125111,87217,155617,36635,77361,9109,455773,66325,120403,141957,104547,110624,121921,95612,82498,6621,7452
79,0.01071,0.0107,0.01069,0.01068,0.01067,0.01066,0.01065,0.01064,0.01063,0.01062,0.01074,0.01075,0.01076,0.01077,0.01078,0.01079,0.0108,0.01081,0.01082,0.01083,23764,113005,102199,169675,82550,80617,36635,77361,9109,455773,61855,120403,141957,104547,138444,94129,95612,82498,6621,7452
80,0.01073,0.01071,0.0107,0.01069,0.01068,0.01067,0.01066,0.01065,0.01064,0.01063,0.01074,0.01075,0.01076,0.01077,0.01078,0.01079,0.0108,0.01081,0.01082,0.01083,2223,99040,166066,146722,125111,7550,155617,36635,77361,449159,13962,120403,166168,103042,138444,94129,95612,82498,6621,7452
81,0.01073,0.01071,0.0107,0.01069,0.01068,0.01067,0.01066,0.01065,0.01064,0.01063,0.01074,0.01075,0.01076,0.01077,0.01078,0.01079,0.0108,0.01081,0.01082,0.01083,2086,113011,145653,146722,125111,73965,89181,36635,77361,449159,13962,120403,100349,168840,138447,94129,95612,82498,6621,7452
82,0.01073,0.01071,0.0107,0.01069,0.01068,0.01067,0.01066,0.01065,0.01064,0.01063,0.01074,0.01075,0.01076,0.01077,0.01078,0.01079,0.0108,0.01081,0.01082,0.01083,932,25920,134479,102199,169675,73965,14181,111635,77361,9109,25485,120403,100349,168840,138447,94129,95612,82498,6621,7452
83,0.01074,0.01073,0.01072,0.01071,0.0107,0.01069,0.01068,0.01067,0.01066,0.01065,0.01075,0.01076,0.01077,0.01078,0.01079,0.0108,0.01081,0.01082,0.01085,0.01088,20850,8831,102363,73809,123600,224370,103574,73965,14192,36635,97930,115547,170233,101235,121926,4700,82498,6621,19429,598
84,0.01074,0.01073,0.01072,0.01071,0.0107,0.01069,0.01068,0.01067,0.01066,0.01065,0.01076,0.01077,0.01078,0.01079,0.0108,0.01081,0.01082,0.01085,0.01088,0.01092,24736,32978,113728,147418,103165,104847,169954,7550,89192,36635,88788,127162,166999,101208,32475,82498,6621,19429,598,2323
85,0.01075,0.01074,0.01073,0.01072,0.01071,0.0107,0.01069,0.01068,0.01067,0.01066,0.01078,0.01079,0.0108,0.01081,0.01082,0.01087,0.01088,0.01092,0.01093,0.01099,43182,103337,86754,138162,105108,103165,103639,174765,82550,16875,147083,168104,130320,83877,11349,7452,12542,2323,586,21806
86,0.01075,0.01074,0.01073,0.01072,0.01071,0.0107,0.01069,0.01068,0.01067,0.01066,0.01078,0.01079,0.0108,0.01081,0.01082,0.01087,0.01088,0.01092,0.01093,0.01099,41526,131275,86754,110178,105108,169475,178639,108385,7550,44967,122811,125114,168241,83877,39080,7452,12542,2323,586,21806
87,0.01075,0.01074,0.01073,0.01072,0.01071,0.0107,0.01069,0.01068,0.01067,0.01066,0.01077,0.01078,0.01079,0.0108,0.01081,0.01082,0.01087,0.01088,0.01092,0.01093,40731,103337,111643,107970,105108,169475,178639,108385,7550,44967,3064,122811,125114,102545,177269,11349,7452,12542,2323,586
88,0.01075,0.01074,0.01073,0.01072,0.01071,0.0107,0.01069,0.01068,0.01067,0.01066,0.01077,0.01078,0.01079,0.0108,0.01081,0.01082,0.01087,0.01088,0.01092,0.01093,19830,134600,111643,107970,105108,169475,103639,108385,7550,119967,25791,122811,102387,102545,177269,11349,7452,12542,2323,586
89,0.01075,0.01074,0.01073,0.01072,0.01071,0.0107,0.01069,0.01068,0.01067,0.01066,0.01077,0.01078,0.01079,0.0108,0.01081,0.01082,0.01087,0.01088,0.01092,0.01093,19003,162536,83679,107970,105108,103165,169998,108385,82550,44967,25791,122811,102387,168228,111634,11349,7452,12542,2323,586
90,0.01075,0.01074,0.01073,0.01072,0.01071,0.0107,0.01069,0.01068,0.01067,0.01066,0.01077,0.01078,0.01079,0.0108,0.01081,0.01082,0.01086,0.01087,0.01088,0.01092,16771,131273,88180,126591,105108,103165,169998,183385,7550,476326,25791,122811,102387,168228,110255,11349,7452,1379,12542,2323
91,0.01075,0.01074,0.01073,0.01072,0.01071,0.0107,0.01069,0.01068,0.01067,0.01066,0.01077,0.01078,0.01079,0.0108,0.01081,0.01082,0.01086,0.01088,0.01092,0.01093,15499,131273,88180,126591,105108,213942,103639,183385,445950,37516,25791,122811,102387,168228,82498,39078,8831,12542,2323,586
92,0.01077,0.01076,0.01075,0.01074,0.01073,0.01072,0.01071,0.0107,0.01069,0.01068,0.01078,0.01079,0.0108,0.01081,0.01082,0.01083,0.01088,0.01092,0.01093,0.01099,9671,97370,57477,118886,60419,106328,149547,174273,541219,8962,4374,151204,168228,83689,35729,4737,19994,2323,586,21806
93,0.01077,0.01076,0.01075,0.01074,0.01073,0.01072,0.01071,0.0107,0.01069,0.01068,0.01078,0.01079,0.0108,0.01081,0.01082,0.01083,0.01088,0.01092,0.01093,0.01099,8320,97370,57477,118886,60419,172542,149547,545147,103639,83962,4374,126993,126756,149351,8000,32446,19994,2323,586,21806
94,0.01077,0.01076,0.01075,0.01074,0.01073,0.01072,0.01071,0.0107,0.01069,0.01068,0.01078,0.01079,0.0108,0.01081,0.01082,0.01083,0.01085,0.01088,0.01092,0.01093,10041,97370,63678,128087,29712,173716,103926,107976,541219,83962,608,119914,126756,83689,74267,32446,6603,19994,2323,586
95,0.01077,0.01076,0.01075,0.01074,0.01073,0.01072,0.01071,0.0107,0.01069,0.01068,0.01079,0.0108,0.01081,0.01082,0.01083,0.01084,0.01085,0.01088,0.01092,0.01093,8070,123916,32699,118886,29712,173716,103926,107976,541219,83962,119587,126756,149351,7286,6116,27683,6603,19994,2323,586
96,0.01076,0.01075,0.01074,0.01073,0.01072,0.01071,0.0107,0.01069,0.01068,0.01067,0.01078,0.01079,0.0108,0.01081,0.01082,0.01083,0.01085,0.01088,0.01092,0.01093,131308,106417,167178,103450,169815,94480,13540,446607,83962,15002,29566,119587,102545,83689,72901,33827,6603,19994,2323,586
97,0.01077,0.01076,0.01075,0.01074,0.01073,0.01072,0.01071,0.0107,0.01069,0.01068,0.01078,0.01079,0.0108,0.01081,0.01082,0.01083,0.01085,0.01088,0.01092,0.01093,15462,32568,110803,161349,103450,103601,169399,13540,9027,83962,5355,119587,126756,149338,35019,6116,6603,19994,2323,586
98,0.01077,0.01076,0.01075,0.01074,0.01073,0.01072,0.01071,0.0107,0.01069,0.01068,0.01078,0.01079,0.0108,0.01081,0.01082,0.01083,0.01085,0.01088,0.01092,0.01093,14672,32568,110803,161349,103450,169815,103137,88540,9027,8962,4351,119587,126756,149338,35019,6116,6603,19994,2323,586
99,0.01077,0.01076,0.01075,0.01074,0.01073,0.01072,0.01071,0.0107,0.01069,0.01068,0.01078,0.01079,0.0108,0.01081,0.01082,0.01083,0.01088,0.01092,0.01093,0.01099,13510,43089,100216,133406,131417,169815,103137,88540,9027,8962,3687,119587,126756,149338,41640,6116,19994,2323,586,21806
100,0.01077,0.01076,0.01075,0.01074,0.01073,0.01072,0.01071,0.0107,0.01069,0.01068,0.01078,0.01079,0.0108,0.01081,0.01082,0.01083,0.01088,0.01092,0.01093,0.01099,12787,32568,114139,133406,103450,197808,103137,13540,9027,83962,5109,119587,126756,205666,79509,6116,19994,2323,586,21806
101,0.01075,0.01074,0.01073,0.01072,0.01071,0.0107,0.01069,0.01068,0.01067,0.01066,0.01077,0.01078,0.01079,0.0108,0.01081,0.01082,0.01083,0.01087,0.01088,0.01092,4134,127578,117977,236778,103137,13540,9027,8962,82550,16330,6362,29320,123475,102545,205666,79509,6116,7452,12542,2323
102,0.01075,0.01074,0.01073,0.01072,0.01071,0.0107,0.01069,0.01068,0.01067,0.01066,0.01077,0.01078,0.01079,0.0108,0.01081,0.01082,0.01083,0.01087,0.01088,0.01092,3840,127578,117977,170564,103137,79837,9027,8962,82550,16330,6362,29320,123475,168228,177906,41636,6116,7452,12542,2323
103,0.01075,0.01074,0.01073,0.01072,0.01071,0.0107,0.01069,0.01068,0.01067,0.01066,0.01077,0.01078,0.01079,0.0108,0.01081,0.01082,0.01083,0.01087,0.01088,0.01092,1200,127578,117977,170564,103137,79837,84027,8962,7550,16330,6362,29320,123475,168228,177906,41636,6116,7452,12542,2323
104,0.01075,0.01074,0.01073,0.01072,0.01071,0.0107,0.01069,0.01068,0.01067,0.01066,0.01077,0.01078,0.01079,0.0108,0.01081,0.01082,0.01083,0.01087,0.01088,0.01092,2890,127578,117977,170564,178137,79837,9027,8962,7550,44426,6362,29320,123475,168228,205661,13907,6116,7452,12542,2323
105,0.01075,0.01074,0.01073,0.01072,0.01071,0.0107,0.01069,0.01068,0.01067,0.01066,0.01078,0.01079,0.0108,0.01081,0.01082,0.01083,0.01087,0.01088,0.01092,0.01093,3146,138712,122135,142571,169372,13540,84027,8962,7550,114483,34836,123475,168228,177906,41636,6116,7452,12542,2323,586
106,0.01076,0.01075,0.01074,0.01073,0.01072,0.01071,0.0107,0.01069,0.01068,0.01067,0.01078,0.01079,0.0108,0.01081,0.01082,0.01083,0.01087,0.01088,0.01092,0.01093,1123,23347,108642,129196,142571,169372,13540,9027,83962,7550,24258,123475,168228,177906,41636,6116,7452,12542,2323,586
107,0.01076,0.01075,0.01074,0.01073,0.01072,0.01071,0.0107,0.01069,0.01068,0.01067,0.01079,0.0108,0.01081,0.01082,0.01083,0.01088,0.01092,0.01093,0.01099,0.01103,3066,55065,112686,129549,123950,244372,13540,9027,8962,48901,130338,102545,243108,15286,32444,19994,2323,586,21806,586
108,0.01076,0.01075,0.01074,0.01073,0.01072,0.01071,0.0107,0.01069,0.01068,0.01067,0.01079,0.0108,0.01081,0.01082,0.01083,0.01088,0.01092,0.01093,0.01099,0.01103,2329,55065,112686,129549,190164,147587,13540,9027,83962,76963,130338,102545,177459,80888,32444,19994,2323,586,21806,586
109,0.01076,0.01075,0.01074,0.01073,0.01072,0.01071,0.0107,0.01069,0.01068,0.01067,0.01079,0.0108,0.01081,0.01082,0.01083,0.01088,0.01092,0.01093,0.01099,0.01103,3066,57332,111588,129549,190164,178137,13540,9027,8962,76963,130338,102545,177459,79509,33823,19994,2323,586,21806,586
110,0.01076,0.01075,0.01074,0.01073,0.01072,0.01071,0.0107,0.01069,0.01068,0.01067,0.01079,0.0108,0.01081,0.01082,0.01083,0.01088,0.01092,0.01093,0.01099,0.01103,2272,57332,111588,101587,218157,103137,13540,9027,83962,76963,127957,102545,177459,79509,33823,19994,2323,586,21806,586
111,0.01075,0.01074,0.01073,0.01072,0.01071,0.0107,0.01069,0.01068,0.01067,0.01066,0.01078,0.01079,0.0108,0.01081,0.01082,0.01083,0.01084,0.01087,0.01088,0.01092,123743,136457,132115,190164,103137,88540,9027,8962,69513,52225,37044,97347,102545,243121,7286,6116,27683,14043,12542,2323
112,0.01075,0.01074,0.01073,0.01072,0.01071,0.0107,0.01069,0.01068,0.01067,0.01066,0.01078,0.01079,0.0108,0.01081,0.01082,0.01083,0.01087,0.01088,0.01092,0.01093,121975,169504,135585,123950,169385,88540,9027,8962,69518,52227,19984,97347,168241,177459,7286,33821,14043,12542,2323,586
113,0.01075,0.01074,0.01073,0.01072,0.01071,0.0107,0.01069,0.01068,0.01067,0.01066,0.01078,0.01079,0.0108,0.01081,0.01082,0.01083,0.01087,0.01088,0.01092,0.01093,121155,141563,164466,123950,213836,13540,9027,83962,69518,52227,19984,97347,168241,177459,7286,33821,14043,12542,2323,586
114,0.01077,0.01076,0.01075,0.01074,0.01073,0.01072,0.01071,0.0107,0.01069,0.01068,0.01078,0.01079,0.0108,0.01081,0.01082,0.01083,0.01087,0.01088,0.01092,0.01093,1422,43166,117499,128875,129551,103601,169385,13540,84027,37002,7986,117996,168241,177459,7286,33821,6591,19994,2323,586
115,0.01077,0.01076,0.01075,0.01074,0.01073,0.01072,0.01071,0.0107,0.01069,0.01068,0.01078,0.01079,0.0108,0.01081,0.01082,0.01083,0.01088,0.01092,0.01093,0.01099,41,43166,117499,156816,145972,169815,178137,13540,37040,8962,5448,117996,102545,243121,7286,40436,19994,2323,586,21806
116,0.01076,0.01075,0.01074,0.01073,0.01072,0.01071,0.0107,0.01069,0.01068,0.01067,0.01077,0.01078,0.01079,0.0108,0.01081,0.01082,0.01083,0.01084,0.01087,0.01088,5941,152730,177726,101587,214241,103137,13540,37040,83962,41454,4980,23710,100131,102545,243121,8665,11352,27683,7452,12542
117,0.01076,0.01075,0.01074,0.01073,0.01072,0.01071,0.0107,0.01069,0.01068,0.01067,0.01079,0.0108,0.01081,0.01082,0.01083,0.01088,0.01092,0.01093,0.01099,0.01103,28182,152730,131104,129551,214241,103137,13540,37040,83962,51103,124427,102545,243121,35017,11352,19994,2323,586,21806,586
118,0.01076,0.01075,0.01074,0.01073,0.01072,0.01071,0.0107,0.01069,0.01068,0.01067,0.01079,0.0108,0.01081,0.01082,0.01083,0.01087,0.01088,0.01092,0.01093,0.01099,38663,140595,131104,129551,214241,103137,13540,9027,83962,51102,124427,102545,243121,7286,33825,6591,19994,2323,586,21806
119,0.01077,0.01076,0.01075,0.01074,0.01073,0.01072,0.01071,0.0107,0.01069,0.01068,0.01079,0.0108,0.01081,0.01082,0.01083,0.01084,0.01087,0.01088,0.01092,0.01093,7306,145657,145389,130824,212124,103601,8657,88540,37031,42834,117336,102545,177459,72888,6116,27683,6591,19994,2323,586
120,0.01077,0.01076,0.01075,0.01074,0.01073,0.01072,0.01071,0.0107,0.01069,0.01068,0.01079,0.0108,0.01081,0.01082,0.01083,0.01084,0.01087,0.01088,0.01092,0.01093,6542,145657,145389,130824,212124,103601,8657,88540,37031,78896,117336,102545,177459,72888,6116,27683,6591,19994,2323,586
121,0.01078,0.01077,0.01076,0.01075,0.01074,0.01073,0.01072,0.01071,0.0107,0.01069,0.0108,0.01081,0.01082,0.01083,0.01084,0.01085,0.01087,0.01088,0.01089,0.01091,2450,149581,119873,122648,610711,168928,12513,83657,8729,37031,27671,176268,74095,6627,29062,4734,6591,598,7452,12011
122,0.01078,0.01077,0.01076,0.01075,0.01074,0.01073,0.01072,0.01071,0.0107,0.01069,0.0108,0.01081,0.01082,0.01083,0.01084,0.01085,0.01087,0.01088,0.01089,0.0109,1787,177450,119873,96774,202400,102776,448868,111609,42538,45060,23312,176268,102579,72209,1379,4734,27612,598,7452,6573
123,0.01078,0.01077,0.01076,0.01075,0.01074,0.01073,0.01072,0.01071,0.0107,0.01069,0.01079,0.0108,0.01081,0.01082,0.01083,0.01084,0.01085,0.01086,0.01087,0.01088,1130,149581,147768,96774,202400,102776,12513,36609,479709,120060,4633,111898,176268,102579,72209,1379,4734,27638,6591,598
124,0.01078,0.01077,0.01076,0.01075,0.01074,0.01073,0.01072,0.01071,0.0107,0.01069,0.01079,0.0108,0.01081,0.01082,0.01083,0.01084,0.01085,0.01087,0.01088,0.01089,398,112482,119873,130657,202400,102776,12513,111609,479709,45060,3650,111898,176268,102579,72209,1379,32395,6591,598,7452
125,0.01077,0.01076,0.01075,0.01074,0.01073,0.01072,0.01071,0.0107,0.01069,0.01068,0.0108,0.01081,0.01082,0.01083,0.01085,0.01088,0.01089,0.01091,0.01093,0.01096,154008,119873,97868,637943,102776,12513,111609,42538,45060,16414,7089,179320,102579,73588,32395,598,7452,12011,586,6537
126,0.01079,0.01078,0.01077,0.01076,0.01075,0.01074,0.01073,0.01072,0.01071,0.0107,0.01081,0.01082,0.01083,0.01084,0.01085,0.01086,0.01088,0.01091,0.01092,0.01093,7106,129739,143465,567895,150294,165715,7414,12513,36609,124990,82688,102579,73588,8124,4734,27636,598,19463,6561,586
127,0.01082,0.01081,0.0108,0.01079,0.01078,0.01077,0.01076,0.01075,0.01074,0.01073,0.01083,0.01084,0.01085,0.01086,0.01087,0.01088,0.01089,0.0109,0.01093,0.01095,8655,30606,97054,53739,151105,539543,134925,110805,7394,86212,1314,43909,101801,8475,34243,75598,4813,1379,8038,12032
128,0.01083,0.01082,0.01081,0.0108,0.01079,0.01078,0.01077,0.01076,0.01075,0.01074,0.01084,0.01085,0.01086,0.01087,0.01088,0.01089,0.0109,0.01091,0.01093,0.01094,7149,6269,59577,162576,106558,102235,572564,101907,15980,110268,6558,101801,7286,134304,82501,4813,1379,27523,586,7452
129,0.01083,0.01082,0.01081,0.0108,0.01079,0.01078,0.01077,0.01076,0.01075,0.01074,0.01084,0.01085,0.01086,0.01087,0.01088,0.01089,0.0109,0.01091,0.01093,0.01094,5538,6269,59577,162576,106558,135239,539543,101907,15980,110268,6558,101801,7286,101587,115202,4813,1379,27523,586,7452
130,0.01083,0.01082,0.01081,0.0108,0.01079,0.01078,0.01077,0.01076,0.01075,0.01074,0.01084,0.01085,0.01086,0.01087,0.01088,0.01089,0.0109,0.01093,0.01094,0.01095,4275,6269,59577,162576,106558,136438,538340,101907,15980,110268,6558,101801,7286,101587,115202,32390,1379,586,7452,18575
131,0.01081,0.0108,0.01079,0.01078,0.01077,0.01076,0.01075,0.01074,0.01073,0.01072,0.01084,0.01085,0.01086,0.01087,0.01088,0.01089,0.0109,0.01093,0.01095,0.01102,63318,123678,145456,136438,538340,172253,12937,35268,7414,49013,6558,101801,7286,101587,115202,32390,1379,8038,12032,2321
132,0.01081,0.0108,0.01079,0.01078,0.01077,0.01076,0.01075,0.01074,0.01073,0.01072,0.01084,0.01085,0.01086,0.01087,0.01088,0.01089,0.0109,0.01093,0.01095,0.01102,62616,123678,145456,103434,571361,172253,12937,35268,7414,49013,5295,101801,7286,134304,82501,32390,1379,8038,12032,2321
133,0.01081,0.0108,0.01079,0.01078,0.01077,0.01076,0.01075,0.01074,0.01073,0.01072,0.01084,0.01085,0.01086,0.01087,0.01088,0.01089,0.0109,0.01093,0.01095,0.01102,46911,123678,145456,103434,571361,172253,12937,35268,7414,49013,5295,101801,7286,134304,82501,32390,1379,8038,12032,2321
134,0.01081,0.0108,0.01079,0.01078,0.01077,0.01076,0.01075,0.01074,0.01073,0.01072,0.01084,0.01085,0.01086,0.01087,0.01088,0.01089,0.0109,0.01093,0.01095,0.011,34074,143547,145456,103434,571361,169217,12937,35268,7414,49016,5295,101801,7286,134304,82501,32390,1379,8038,12032,6513
135,0.01081,0.0108,0.01079,0.01078,0.01077,0.01076,0.01075,0.01074,0.01073,0.01072,0.01083,0.01084,0.01085,0.01086,0.01087,0.01088,0.01089,0.0109,0.01093,0.01095,29349,143547,145456,103434,571361,169217,12937,35268,7414,49016,5168,26970,101801,40027,101587,110098,4813,1379,8038,12032
136,0.01081,0.0108,0.01079,0.01078,0.01077,0.01076,0.01075,0.01074,0.01073,0.01072,0.01083,0.01084,0.01085,0.01086,0.01087,0.01088,0.01089,0.0109,0.01093,0.01095,5102,143547,157426,103434,137031,146289,523075,7394,35321,49016,7070,26970,101801,40027,101587,110098,4813,1379,8038,12032
137,0.01081,0.0108,0.01079,0.01078,0.01077,0.01076,0.01075,0.01074,0.01073,0.01072,0.01082,0.01083,0.01084,0.01085,0.01086,0.01087,0.01088,0.01089,0.01092,0.01093,4254,111737,154096,113837,134505,146289,12937,442937,110321,41564,6715,3047,28191,101801,41406,101587,110098,4813,7452,586
138,0.01078,0.01077,0.01076,0.01075,0.01074,0.01073,0.01072,0.01071,0.0107,0.01069,0.0108,0.01081,0.01082,0.01083,0.01084,0.01085,0.01086,0.01087,0.01088,0.0109,92432,163643,113579,103444,84818,84604,481720,118925,6572,27457,13098,3052,40897,130271,11384,121662,1379,105201,82501,14025
139,0.01077,0.01076,0.01075,0.01074,0.01073,0.01072,0.01071,0.0107,0.01069,0.01068,0.0108,0.01081,0.01082,0.01083,0.01084,0.01085,0.01086,0.01087,0.01088,0.01089,124248,113579,162809,134589,84482,481720,110974,6572,7973,15412,13530,9773,83166,130271,4663,121662,6128,100408,82501,7452
140,0.01077,0.01076,0.01075,0.01074,0.01073,0.01072,0.01071,0.0107,0.01069,0.01068,0.0108,0.01081,0.01082,0.01083,0.01084,0.01085,0.01086,0.01087,0.01088,0.01089,121843,125362,142265,178947,40083,481720,110974,6572,7973,15412,12132,9773,83166,130271,4663,121662,6128,100408,82501,7452
141,0.01076,0.01075,0.01074,0.01073,0.01072,0.01071,0.0107,0.01069,0.01068,0.01067,0.01079,0.0108,0.01081,0.01082,0.01083,0.01084,0.01085,0.01086,0.01087,0.01088,144209,132950,152405,145986,39549,12357,545993,7973,7960,72999,3058,35455,103946,82718,127224,3472,126477,1379,100408,89953
142,0.01076,0.01075,0.01074,0.01073,0.01072,0.01071,0.0107,0.01069,0.01068,0.01067,0.01079,0.0108,0.01081,0.01082,0.01083,0.01084,0.01085,0.01086,0.01087,0.01088,175530,132950,95333,145986,39549,59942,553904,44015,7960,72999,5914,35455,103946,82718,94433,63896,98814,1379,100408,89953
143,0.01075,0.01074,0.01073,0.01072,0.01071,0.0107,0.01069,0.01068,0.01067,0.01066,0.01079,0.0108,0.01081,0.01082,0.01083,0.01084,0.01085,0.01086,0.01087,0.01088,194422,117682,172364,132358,88765,478904,44015,7960,72999,42412,5914,80738,103946,13630,127197,31155,98814,1379,100408,89953
144,0.01075,0.01074,0.01073,0.01072,0.01071,0.0107,0.01069,0.01068,0.01067,0.01066,0.01079,0.0108,0.01081,0.01082,0.01083,0.01084,0.01085,0.01086,0.01087,0.01088,193630,117682,127965,176799,88765,521874,44015,7960,72999,42412,5914,80738,103946,13630,127197,31155,98814,1379,100408,89953
145,0.01075,0.01074,0.01073,0.01072,0.01071,0.0107,0.01069,0.01068,0.01067,0.01066,0.01079,0.0108,0.01081,0.01082,0.01083,0.01084,0.01085,0.01086,0.01087,0.01088,192891,117682,129371,132358,87357,521874,44015,7960,72999,42412,2856,80738,103946,13630,94433,63889,98814,1379,100408,89953
146,0.01075,0.01074,0.01073,0.01072,0.01071,0.0107,0.01069,0.01068,0.01067,0.01066,0.01079,0.0108,0.01081,0.01082,0.01083,0.01084,0.01085,0.01086,0.01087,0.01088,236645,117682,127965,102032,87357,478904,44015,7960,72999,42412,1452,80738,100894,13630,94433,63889,98814,1379,100408,89953
147,0.01075,0.01074,0.01073,0.01072,0.01071,0.0107,0.01069,0.01068,0.01067,0.01066,0.01079,0.0108,0.01081,0.01082,0.01083,0.01084,0.01085,0.01086,0.01087,0.01088,190418,134437,145986,102032,115318,482710,44015,7960,72999,42412,4510,80738,100894,13630,94433,63889,98814,1379,100408,89953
148,0.01075,0.01074,0.01073,0.01072,0.01071,0.0107,0.01069,0.01068,0.01067,0.01066,0.01079,0.0108,0.01081,0.01082,0.01083,0.01084,0.01085,0.01086,0.01087,0.01088,233973,117682,132542,102032,115318,478904,44015,7960,72999,42412,3411,80738,100894,13630,127197,31155,98814,1379,100408,89953
149,0.01076,0.01075,0.01074,0.01073,0.01072,0.01071,0.0107,0.01069,0.01068,0.01067,0.01078,0.01079,0.0108,0.01081,0.01082,0.01083,0.01084,0.01085,0.01087,0.01088,2865,105789,136174,145505,102032,115318,41733,44015,445950,72999,31275,97275,9075,100894,13630,133353,31155,93999,100408,89953
150,0.01076,0.01075,0.01074,0.01073,0.01072,0.01071,0.0107,0.01069,0.01068,0.01067,0.01078,0.01079,0.0108,0.01081,0.01082,0.01083,0.01084,0.01085,0.01087,0.01088,1113,31526,136174,189904,102032,115318,41733,44015,445950,72999,4895,97275,43001,100894,5828,128296,3472,93999,100408,89953
151,0.01076,0.01075,0.01074,0.01073,0.01072,0.01071,0.0107,0.01069,0.01068,0.01067,0.01078,0.01079,0.0108,0.01081,0.01082,0.01083,0.01084,0.01085,0.01087,0.01088,3423,31526,136174,256042,102032,115318,124665,44015,445950,72999,34336,97275,79646,102070,97942,100589,3472,93999,106999,89953
152,0.01075,0.01074,0.01073,0.01072,0.01071,0.0107,0.01069,0.01068,0.01067,0.01066,0.01078,0.01079,0.0108,0.01081,0.01082,0.01083,0.01084,0.01085,0.01087,0.01088,25246,136174,200434,146473,204763,133272,44015,445950,65547,38080,34336,97275,79646,102070,97942,100589,3472,93999,114451,82501
153,0.01076,0.01075,0.01074,0.01073,0.01072,0.01071,0.0107,0.01069,0.01068,0.01067,0.01077,0.01078,0.01079,0.0108,0.01081,0.01082,0.01083,0.01084,0.01085,0.01087,3066,4764,190888,133108,136330,204763,133272,44015,445950,65547,5303,28263,97275,79646,102070,97942,100589,3472,93999,114451
154,0.01076,0.01075,0.01074,0.01073,0.01072,0.01071,0.0107,0.01069,0.01068,0.01067,0.01077,0.01078,0.01079,0.0108,0.01081,0.01082,0.01083,0.01084,0.01085,0.01087,2244,23560,126323,177507,136330,129763,208272,44015,445950,65547,5303,28263,97275,107428,102070,70209,100589,3472,93999,114451
155,0.01076,0.01075,0.01074,0.01073,0.01072,0.01071,0.0107,0.01069,0.01068,0.01067,0.01078,0.01079,0.0108,0.01081,0.01082,0.01083,0.01084,0.01085,0.01087,0.01088,2508,35655,169733,114513,154427,129763,605481,44015,7960,65547,4646,97275,41348,102070,65588,100589,1221,93999,114451,82501
156,0.01076,0.01075,0.01074,0.01073,0.01072,0.01071,0.0107,0.01069,0.01068,0.01067,0.01078,0.01079,0.0108,0.01081,0.01083,0.01084,0.01085,0.01087,0.01088,0.01089,1144,35655,131513,132594,180771,204763,93310,84014,445950,65547,7707,97275,107826,162653,100589,1221,93999,114451,82501,11988
157,0.01076,0.01075,0.01074,0.01073,0.01072,0.01071,0.0107,0.01069,0.01068,0.01067,0.01078,0.01079,0.0108,0.01081,0.01083,0.01084,0.01085,0.01087,0.01088,0.01089,431,68663,131513,176993,103237,207158,130875,44015,445950,65547,7707,97275,107826,129828,133353,1221,93999,114451,82501,11988
158,0.01075,0.01074,0.01073,0.01072,0.01071,0.0107,0.01069,0.01068,0.01067,0.01066,0.01078,0.01079,0.0108,0.01081,0.01083,0.01084,0.01085,0.01087,0.01088,0.01089,35494,131513,165663,147678,207158,130875,44015,445950,65547,30206,7707,97275,107826,162653,100589,1221,93999,114451,82501,11988
159,0.01077,0.01076,0.01075,0.01074,0.01073,0.01072,0.01071,0.0107,0.01069,0.01068,0.01078,0.01079,0.0108,0.01081,0.01083,0.01084,0.01085,0.01087,0.01088,0.01089,7708,32897,118468,147246,176993,178237,37898,130875,44015,445950,3061,101919,107826,129828,133346,1221,93999,106999,89953,11988
160,0.01077,0.01076,0.01075,0.01074,0.01073,0.01072,0.01071,0.0107,0.01069,0.01068,0.01078,0.01079,0.0108,0.01081,0.01083,0.01084,0.01085,0.01087,0.01088,0.01089,6305,32897,151483,114214,176993,178237,9937,158861,44015,445950,3061,101919,107826,129828,133346,1221,93999,106999,89953,11988
161,0.01077,0.01076,0.01075,0.01074,0.01073,0.01072,0.01071,0.0107,0.01069,0.01068,0.01078,0.01079,0.0108,0.01081,0.01083,0.01084,0.01085,0.01087,0.01088,0.01089,5554,32897,118468,114214,165670,178237,9937,118899,44015,445950,2116,101919,107826,162659,100589,1221,93999,106999,89953,11988
162,0.01075,0.01074,0.01073,0.01072,0.01071,0.0107,0.01069,0.01068,0.01067,0.01066,0.01078,0.01079,0.0108,0.01081,0.01082,0.01083,0.01084,0.01085,0.01087,0.01088,24164,136622,210069,128712,84937,118899,44015,445950,65547,36993,2116,145223,107826,134901,27734,100589,1221,93999,114451,82501
163,0.01075,0.01074,0.01073,0.01072,0.01071,0.0107,0.01069,0.01068,0.01067,0.01066,0.01077,0.01078,0.01079,0.0108,0.01081,0.01083,0.01084,0.01085,0.01087,0.01088,4458,156022,176993,130295,212403,118899,84014,445950,7908,14239,6121,28549,101919,140668,129830,100589,1221,93999,114451,82501
164,0.01075,0.01074,0.01073,0.01072,0.01071,0.0107,0.01069,0.01068,0.01067,0.01066,0.01077,0.01078,0.01079,0.0108,0.01081,0.01083,0.01084,0.01085,0.01087,0.01088,3742,136622,171782,180765,180693,117490,84014,445950,7908,14239,6121,28549,101919,168448,102070,100589,1221,93999,114451,82501
165,0.01076,0.01075,0.01074,0.01073,0.01072,0.01071,0.0107,0.01069,0.01068,0.01067,0.01077,0.01078,0.01079,0.0108,0.01081,0.01083,0.01084,0.01085,0.01087,0.01088,2089,34504,127600,148441,180765,180693,117490,84014,445950,7908,6121,96420,101919,168448,102070,100589,1221,93999,114451,82501
166,0.01074,0.01073,0.01072,0.01071,0.0107,0.01069,0.01068,0.01067,0.01066,0.01065,0.01076,0.01077,0.01078,0.01079,0.0108,0.01081,0.01082,0.01083,0.01084,0.01085,4266,49494,170207,126061,179556,115713,77928,7908,54372,477035,967,35801,122589,134778,102998,100894,4704,95812,7830,93999
167,0.01072,0.01071,0.0107,0.01069,0.01068,0.01067,0.01066,0.01065,0.01064,0.01063,0.01074,0.01075,0.01076,0.01077,0.01078,0.01079,0.0108,0.01081,0.01082,0.01083,4161,136453,147895,155553,81505,50952,111490,30360,503243,14942,8964,65359,104237,4762,130790,131720,99067,100894,1379,94433
168,0.01069,0.01068,0.01067,0.01066,0.01065,0.01064,0.01063,0.01062,0.01061,0.0106,0.01072,0.01073,0.01074,0.01075,0.01076,0.01077,0.01078,0.01079,0.0108,0.01081,93244,87373,134701,166992,160420,18882,490746,70997,63634,54049,3078,74228,110263,13921,122441,4762,131891,106253,95639,183346
169,0.01068,0.01067,0.01066,0.01065,0.01064,0.01063,0.01062,0.01061,0.0106,0.01059,0.01072,0.01073,0.01074,0.01075,0.01076,0.01077,0.01078,0.01079,0.0108,0.01081,54203,133857,166992,188946,11464,69176,511461,63634,42311,32594,3078,83897,110263,4252,122441,37621,99029,106253,95639,199610
170,0.01069,0.01068,0.01067,0.01066,0.01065,0.01064,0.01063,0.01062,0.01061,0.0106,0.01072,0.01073,0.01074,0.01075,0.01076,0.01077,0.01078,0.01079,0.0108,0.01081,27934,155636,131862,166226,155717,54629,506245,30734,63634,42311,2399,84485,110263,32904,94568,37621,100534,106253,170639,124610
171,0.0107,0.01069,0.01068,0.01067,0.01066,0.01065,0.01064,0.01063,0.01062,0.01061,0.01073,0.01074,0.01075,0.01076,0.01077,0.01078,0.01079,0.0108,0.01081,0.01082,25814,104469,109111,159270,162413,151893,11464,25970,471198,71086,31776,110263,119257,95332,37621,100534,106253,180276,107521,8997
172,0.0107,0.01069,0.01068,0.01067,0.01066,0.01065,0.01064,0.01063,0.01062,0.01061,0.01072,0.01073,0.01074,0.01075,0.01076,0.01077,0.01078,0.01079,0.0108,0.01081,2341,40048,148593,116226,155508,155717,54629,506245,30734,63640,3078,77416,110263,14509,123200,37630,100534,106253,180276,114973
173,0.0107,0.01069,0.01068,0.01067,0.01066,0.01065,0.01064,0.01063,0.01062,0.01061,0.01072,0.01073,0.01074,0.01075,0.01076,0.01077,0.01078,0.01079,0.0108,0.01081,1600,28321,105713,160108,157914,196371,11464,506245,30734,63640,3078,77416,110263,14509,123200,37630,100534,106253,172184,124610
174,0.01071,0.0107,0.01069,0.01068,0.01067,0.01066,0.01065,0.01064,0.01063,0.01062,0.01073,0.01074,0.01075,0.01076,0.01077,0.01078,0.01079,0.0108,0.01081,0.01082,3081,23862,76914,107124,165940,144138,151893,11464,25970,471198,63167,110263,14509,94568,33366,133372,106253,172184,107521,17089
175,0.0107,0.01069,0.01068,0.01067,0.01066,0.01065,0.01064,0.01063,0.01062,0.01061,0.01073,0.01074,0.01075,0.01076,0.01077,0.01078,0.01079,0.0108,0.01081,0.01082,34001,31977,150971,186604,144138,151893,11464,466020,30734,71089,40128,110263,90621,95332,32602,133372,106253,172184,107521,17089
176,0.0107,0.01069,0.01068,0.01067,0.01066,0.01065,0.01064,0.01063,0.01062,0.01061,0.01072,0.01073,0.01074,0.01075,0.01076,0.01077,0.01078,0.01079,0.0108,0.01081,2890,31977,157453,186604,177345,151893,11464,466020,30734,71089,5124,54729,110263,14509,123200,37630,100534,102988,170805,117158
177,0.0107,0.01069,0.01068,0.01067,0.01066,0.01065,0.01064,0.01063,0.01062,0.01061,0.01072,0.01073,0.01074,0.01075,0.01076,0.01077,0.01078,0.01079,0.0108,0.01081,4225,31977,113606,230492,177345,151893,11464,466020,30734,71089,5124,54729,110263,15273,122436,37630,100534,102988,170805,117158
178,0.0107,0.01069,0.01068,0.01067,0.01066,0.01065,0.01064,0.01063,0.01062,0.01061,0.01072,0.01073,0.01074,0.01075,0.01076,0.01077,0.01078,0.01079,0.0108,0.01081,3587,31977,113606,230492,177345,151893,11464,466020,30734,71089,5124,54729,110263,15273,122436,37630,100534,102988,170805,117158
179,0.0107,0.01069,0.01068,0.01067,0.01066,0.01065,0.01064,0.01063,0.01062,0.01061,0.01072,0.01073,0.01074,0.01075,0.01076,0.01077,0.01078,0.01079,0.0108,0.01081,5771,65091,113606,233106,148246,151893,11464,466020,30734,71089,5124,54729,110263,15273,122436,37630,100534,102988,170805,117158
180,0.0107,0.01069,0.01068,0.01067,0.01066,0.01065,0.01064,0.01063,0.01062,0.01061,0.01072,0.01073,0.01074,0.01075,0.01076,0.01077,0.01078,0.01079,0.0108,0.01081,5009,65091,113606,233106,148246,151893,11464,466020,30734,71089,5124,54729,110263,43165,94568,37630,100534,102988,180442,107521
181,0.0107,0.01069,0.01068,0.01067,0.01066,0.01065,0.01064,0.01063,0.01062,0.01061,0.01072,0.01073,0.01074,0.01075,0.01076,0.01077,0.01078,0.01079,0.0108,0.01081,4218,31977,113606,233106,181453,151893,11464,466020,30734,71089,5124,54729,110263,15273,122434,37630,100534,102988,170805,117158
182,0.01069,0.01068,0.01067,0.01066,0.01065,0.01064,0.01063,0.01062,0.01061,0.0106,0.01072,0.01073,0.01074,0.01075,0.01076,0.01077,0.01078,0.01079,0.0108,0.01081,901,132364,162924,158537,186539,54566,506245,30734,63637,13953,4651,54729,111027,109342,155325,4762,99029,102988,180442,114973
183,0.01069,0.01068,0.01067,0.01066,0.01065,0.01064,0.01063,0.01062,0.01061,0.0106,0.01072,0.01073,0.01074,0.01075,0.01076,0.01077,0.01078,0.01079,0.0108,0.01081,44145,133775,161852,149156,205830,11464,73555,471198,63637,13953,4005,54729,110263,109342,156089,4762,99029,102988,180442,114973
184,0.0107,0.01069,0.01068,0.01067,0.01066,0.01065,0.01064,0.01063,0.01062,0.01061,0.01072,0.01073,0.01074,0.01075,0.01076,0.01077,0.01078,0.01079,0.0108,0.01081,3084,47962,132366,181119,149156,207013,11464,25970,30734,48228,38689,147276,185263,126975,133207,4762,94304,112625,95805,13348
185,0.01069,0.01068,0.01067,0.01066,0.01065,0.01064,0.01063,0.01062,0.01061,0.0106,0.01072,0.01073,0.01074,0.01075,0.01076,0.01077,0.01078,0.01079,0.0108,0.01081,36274,132201,185841,168558,137601,47682,28304,54651,481655,60569,74041,108120,110263,97026,127172,6307,127142,102988,169260,30437
186,0.01069,0.01068,0.01067,0.01066,0.01065,0.01064,0.01063,0.01062,0.01061,0.0106,0.01071,0.01072,0.01073,0.01074,0.01075,0.01076,0.01077,0.01078,0.01079,0.0108,36655,132441,185841,166152,137601,47682,28304,54651,40776,501864,3081,74041,108120,182191,97026,127172,39168,103941,102988,94260
187,0.01069,0.01068,0.01067,0.01066,0.01065,0.01064,0.01063,0.01062,0.01061,0.0106,0.01071,0.01072,0.01073,0.01074,0.01075,0.01076,0.01077,0.01078,0.01079,0.0108,2729,209171,144604,166152,137601,47682,28304,7034,88393,501864,1927,74041,108120,182191,97026,127172,39168,94304,102988,94260
188,0.0107,0.01069,0.01068,0.01067,0.01066,0.01065,0.01064,0.01063,0.01062,0.01061,0.01072,0.01073,0.01074,0.01075,0.01076,0.01077,0.01078,0.01079,0.0108,0.01081,3084,38859,175106,161595,147895,137601,47682,25970,54651,489107,27681,140117,107191,96016,128182,37623,94304,102988,169260,22985
189,0.0107,0.01069,0.01068,0.01067,0.01066,0.01065,0.01064,0.01063,0.01062,0.01061,0.01072,0.01073,0.01074,0.01075,0.01076,0.01077,0.01078,0.01079,0.0108,0.01081,2393,115533,98376,161595,218974,62601,47682,25970,54651,489107,57158,108120,107191,171016,128182,4762,127142,112625,94260,13348
190,0.01069,0.01068,0.01067,0.01066,0.01065,0.01064,0.01063,0.01062,0.01061,0.0106,0.01071,0.01072,0.01073,0.01074,0.01075,0.01076,0.01077,0.01078,0.01079,0.0108,35107,179569,141104,239462,62601,47682,25970,54651,481655,86272,3081,57158,108120,182191,97026,127172,4762,136779,102988,94260
191,0.01069,0.01068,0.01067,0.01066,0.01065,0.01064,0.01063,0.01062,0.01061,0.0106,0.01071,0.01072,0.01073,0.01074,0.01075,0.01076,0.01077,0.01078,0.01079,0.0108,1271,167468,182375,164462,141424,47682,25970,54651,481655,86272,3081,57158,108120,182191,97026,127172,37615,103941,102988,94260
192,0.01069,0.01068,0.01067,0.01066,0.01065,0.01064,0.01063,0.01062,0.01061,0.0106,0.01072,0.01073,0.01074,0.01075,0.01076,0.01077,0.01078,0.01079,0.0108,0.01081,1844,34117,139394,165878,180657,47682,25970,54651,486990,90022,57158,108120,107191,97026,127172,37615,94304,102988,169260,30437
193,0.01069,0.01068,0.01067,0.01066,0.01065,0.01064,0.01063,0.01062,0.01061,0.0106,0.0107,0.01071,0.01072,0.01073,0.01074,0.01075,0.01076,0.01077,0.01078,0.01079,34028,39691,139394,165878,183065,47682,7490,25576,93728,523865,3084,28294,100880,183120,108201,96016,127172,37615,103941,102988
194,0.01069,0.01068,0.01067,0.01066,0.01065,0.01064,0.01063,0.01062,0.01061,0.0106,0.0107,0.01071,0.01072,0.01073,0.01074,0.01075,0.01076,0.01077,0.01078,0.01079,928,39149,177667,141732,203552,47682,7490,25576,93728,523865,1444,58407,100880,108120,107191,124913,132183,4762,94304,187625
195,0.01068,0.01067,0.01066,0.01065,0.01064,0.01063,0.01062,0.01061,0.0106,0.01059,0.0107,0.01071,0.01072,0.01073,0.01074,0.01075,0.01076,0.01078,0.01079,0.0108,38062,177667,134945,202369,42867,7490,25576,88393,520115,42659,12986,58407,100880,108120,108201,122720,127445,94304,187625,7452
196,0.01069,0.01068,0.01067,0.01066,0.01065,0.01064,0.01063,0.01062,0.01061,0.0106,0.01071,0.01072,0.01073,0.01074,0.01075,0.01076,0.01078,0.01079,0.0108,0.01081,124272,33772,109559,160886,222290,42867,384282,7034,481655,239833,38990,100880,108120,103289,155620,94568,94304,102988,7452,88348
197,0.0107,0.01069,0.01068,0.01067,0.01066,0.01065,0.01064,0.01063,0.01062,0.01061,0.01072,0.01073,0.01074,0.01075,0.01076,0.01078,0.01079,0.01081,0.01083,0.01084,128351,38874,172588,131614,141410,167818,42867,818160,7034,40776,133154,108120,102279,95843,155314,94304,102988,95800,565,1221
198,0.01072,0.01071,0.0107,0.01069,0.01068,0.01067,0.01066,0.01065,0.01064,0.01063,0.01073,0.01074,0.01075,0.01076,0.01077,0.01078,0.01079,0.0108,0.01081,0.01083,132666,8704,32012,80095,149420,10139,141410,184108,117867,41543,96939,126157,94833,114561,60709,99115,102988,75000,13348,8017
199,0.01071,0.0107,0.01069,0.01068,0.01067,0.01066,0.01065,0.01064,0.01063,0.01062,0.01073,0.01074,0.01075,0.01076,0.01078,0.01079,0.0108,0.01081,0.01083,0.01084,14368,77897,122900,169914,104686,141410,168428,42867,481593,14486,31990,96868,105090,104283,159712,101609,1379,88348,8017,1221
200,0.01071,0.0107,0.01069,0.01068,0.01067,0.01066,0.01065,0.01064,0.01063,0.01062,0.01073,0.01074,0.01075,0.01076,0.01077,0.01078,0.01079,0.0108,0.01081,0.01083,14368,44790,156030,167512,104686,141410,168428,42867,481593,14486,31990,96868,105090,104283,32884,126851,101609,1379,88348,8017
201,0.01071,0.0107,0.01069,0.01068,0.01067,0.01066,0.01065,0.01064,0.01063,0.01062,0.01073,0.01074,0.01075,0.01076,0.01077,0.01078,0.01079,0.0108,0.01081,0.01083,13863,44790,156030,212847,104686,141410,125372,42867,481593,14486,31990,96868,106100,103273,32884,126851,101609,1379,88348,8017
202,0.01072,0.01071,0.0107,0.01069,0.01068,0.01067,0.01066,0.01065,0.01064,0.01063,0.01074,0.01075,0.01076,0.01077,0.01078,0.01079,0.01081,0.01083,0.01084,0.01085,3078,39224,141303,148264,148753,103273,485388,442750,42867,41543,34410,94833,114540,32884,99031,129401,89727,8017,1221,11778
203,0.01071,0.0107,0.01069,0.01068,0.01067,0.01066,0.01065,0.01064,0.01063,0.01062,0.01073,0.01074,0.01075,0.01076,0.01078,0.01079,0.0108,0.01081,0.01083,0.01084,12771,156491,139626,169232,103273,485388,442750,36218,41543,175196,3075,34410,105090,104283,99031,134448,27770,89727,8017,1221
204,0.0107,0.01069,0.01068,0.01067,0.01066,0.01065,0.01064,0.01063,0.01062,0.01061,0.01073,0.01074,0.01075,0.01076,0.01078,0.01079,0.01081,0.01082,0.01083,0.01084,147407,129196,205271,103273,46577,50372,868530,55023,7034,214424,2508,34410,106100,103273,131885,129401,83100,7452,565,1221
205,0.0107,0.01069,0.01068,0.01067,0.01066,0.01065,0.01064,0.01063,0.01062,0.01061,0.01073,0.01074,0.01075,0.01076,0.01077,0.01078,0.01079,0.01081,0.01082,0.01083,97162,129196,161671,103273,80534,50372,558407,20970,7034,77277,293,34410,105090,103273,1010,131885,129401,83100,7452,565
206,0.0107,0.01069,0.01068,0.01067,0.01066,0.01065,0.01064,0.01063,0.01062,0.01061,0.01073,0.01074,0.01075,0.01076,0.01078,0.01079,0.01081,0.01082,0.01083,0.01084,97162,129196,141196,123745,175278,50372,558407,14230,7034,77277,3075,33765,105090,104283,131885,129401,83100,7452,565,1221
207,0.0107,0.01069,0.01068,0.01067,0.01066,0.01065,0.01064,0.01063,0.01062,0.01061,0.01073,0.01074,0.01075,0.01076,0.01078,0.01079,0.01081,0.01082,0.01083,0.01084,50306,129196,184796,123745,614089,50372,118771,7490,7034,77277,3075,33765,106100,103273,159701,101609,83100,7452,565,1221
208,0.0107,0.01069,0.01068,0.01067,0.01066,0.01065,0.01064,0.01063,0.01062,0.01061,0.01072,0.01073,0.01074,0.01075,0.01076,0.01078,0.01079,0.01081,0.01082,0.01083,3084,86890,184796,123745,175278,32160,876083,18639,7034,238138,35261,97819,5457,106100,103273,159701,101609,83100,7452,7180
209,0.0107,0.01069,0.01068,0.01067,0.01066,0.01065,0.01064,0.01063,0.01062,0.01061,0.01072,0.01073,0.01074,0.01075,0.01076,0.01077,0.01078,0.01079,0.01081,0.01082,3084,161890,184796,123745,175278,349538,60419,440050,7034,238138,35261,97819,5457,106100,103273,60709,99031,101609,83100,7452
210,0.0107,0.01069,0.01068,0.01067,0.01066,0.01065,0.01064,0.01063,0.01062,0.01061,0.01072,0.01073,0.01074,0.01075,0.01076,0.01077,0.01078,0.01079,0.01081,0.01082,2950,86890,184796,123745,195966,11454,135408,7592,447498,77277,34313,97819,48639,106100,103273,60709,99031,101609,8100,7452
211,0.01071,0.0107,0.01069,0.01068,0.01067,0.01066,0.01065,0.01064,0.01063,0.01062,0.01073,0.01074,0.01075,0.01076,0.01077,0.01078,0.01079,0.01081,0.01082,0.01083,3081,91616,110365,142607,123745,162002,11454,94419,447655,7034,8810,36826,105090,132149,32869,99031,101609,8100,7452,7180
212,0.01071,0.0107,0.01069,0.01068,0.01067,0.01066,0.01065,0.01064,0.01063,0.01062,0.01073,0.01074,0.01075,0.01076,0.01078,0.01079,0.01081,0.01082,0.01083,0.01084,3081,49715,78645,141196,123745,162002,843055,128583,7605,7034,8810,36826,105090,104283,159703,101609,83100,7452,7180,1221
213,0.01072,0.01071,0.0107,0.01069,0.01068,0.01067,0.01066,0.01065,0.01064,0.01063,0.01073,0.01074,0.01075,0.01076,0.01077,0.01078,0.01079,0.01081,0.01083,0.01084,4176,14362,154007,36072,138796,123745,479082,450677,128583,222075,7888,36826,105090,103273,1010,159703,101609,83100,14632,1221
214,0.01072,0.01071,0.0107,0.01069,0.01068,0.01067,0.01066,0.01065,0.01064,0.01063,0.01073,0.01074,0.01075,0.01076,0.01077,0.01078,0.01079,0.01081,0.01083,0.01084,4176,3081,77599,80872,145280,123745,917893,79727,128583,245747,7888,36826,105090,103273,1010,99031,162234,83100,14632,1221
215,0.01072,0.01071,0.0107,0.01069,0.01068,0.01067,0.01066,0.01065,0.01064,0.01063,0.01073,0.01074,0.01075,0.01076,0.01078,0.01079,0.01081,0.01083,0.01084,0.01085,8850,15889,145419,67842,145280,103273,917893,79727,128583,77583,8060,36826,94833,114540,126850,134440,83100,14632,1221,11778
216,0.01072,0.01071,0.0107,0.01069,0.01068,0.01067,0.01066,0.01065,0.01064,0.01063,0.01073,0.01074,0.01075,0.01076,0.01078,0.01079,0.01081,0.01083,0.01084,0.01085,4190,15889,154980,142022,165747,178273,506069,329808,121030,77583,8060,36826,105090,104283,159712,101609,83100,14632,1221,11778
217,0.01071,0.0107,0.01069,0.01068,0.01067,0.01066,0.01065,0.01064,0.01063,0.01062,0.01073,0.01074,0.01075,0.01076,0.01077,0.01078,0.01079,0.01081,0.01082,0.01083,6001,75175,98462,198917,178273,506069,348196,104382,85353,198031,1282,33154,105090,137206,27845,99031,101609,81721,1379,8017
218,0.01072,0.01071,0.0107,0.01069,0.01068,0.01067,0.01066,0.01065,0.01064,0.01063,0.01073,0.01074,0.01075,0.01076,0.01078,0.01079,0.01081,0.01082,0.01083,0.01084,18847,6001,75175,96065,238984,178273,465957,348196,104382,85353,1282,33154,94833,147463,126849,101609,81721,1379,8017,1221
219,0.01073,0.01071,0.0107,0.01069,0.01068,0.01067,0.01066,0.01065,0.01064,0.01063,0.01074,0.01075,0.01076,0.01077,0.01078,0.01079,0.01081,0.01082,0.01083,0.01084,15921,37234,144429,180388,219701,102091,465957,348196,112169,92805,4248,137260,146453,1010,126849,101609,81721,1379,565,8673
220,0.01073,0.01071,0.0107,0.01069,0.01068,0.01067,0.01066,0.01065,0.01064,0.01063,0.01074,0.01075,0.01076,0.01077,0.01078,0.01079,0.01081,0.01082,0.01083,0.01084,17990,37234,144429,213542,186531,102091,465957,348196,112169,92805,5874,140329,114540,32908,126849,101609,81721,1379,565,8673
221,0.01073,0.01071,0.0107,0.01069,0.01068,0.01067,0.01066,0.01065,0.01064,0.01063,0.01074,0.01075,0.01076,0.01077,0.01078,0.01079,0.01081,0.01082,0.01083,0.01084,17990,91939,115038,180388,186531,102091,488880,324808,112169,92805,702,140329,113530,1010,94304,167044,81721,1379,565,8673
222,0.01074,0.01073,0.01072,0.01071,0.0107,0.01069,0.01068,0.01067,0.01066,0.01065,0.01075,0.01076,0.01077,0.01078,0.01079,0.01081,0.01082,0.01083,0.01084,0.01085,21188,41421,94568,154045,177378,106581,95323,26302,465957,324808,2528,97634,40012,105758,162253,86474,1379,565,1221,19230
223,0.01075,0.01074,0.01073,0.01072,0.01071,0.0107,0.01069,0.01068,0.01067,0.01066,0.01077,0.01078,0.01079,0.0108,0.01081,0.01082,0.01083,0.01084,0.01086,0.01087,3069,8744,41421,135495,203622,102378,122062,543107,360411,6465,31214,94304,104474,137226,39223,82392,565,1221,8831,6627
224,0.01075,0.01074,0.01073,0.01072,0.01071,0.0107,0.01069,0.01068,0.01067,0.01066,0.01077,0.01078,0.01079,0.0108,0.01081,0.01082,0.01083,0.01084,0.01086,0.01087,3069,8744,74490,102418,203622,122982,101439,543107,360411,6465,29858,94304,105484,103384,44299,35121,565,76221,8831,6627
225,0.01075,0.01074,0.01073,0.01072,0.01071,0.0107,0.01069,0.01068,0.01067,0.01066,0.01077,0.01078,0.01079,0.0108,0.01081,0.01082,0.01083,0.01084,0.01086,0.01087,3069,8744,74490,102418,203622,122982,101439,65039,482028,323545,29858,94304,104474,104394,72054,7392,565,76221,8831,6627
226,0.01074,0.01073,0.01072,0.01071,0.0107,0.01069,0.01068,0.01067,0.01066,0.01065,0.01076,0.01077,0.01078,0.01079,0.0108,0.01081,0.01082,0.01083,0.01084,0.01085,7539,74490,102418,250898,165858,141347,503029,36105,6465,60429,3669,26472,95314,104474,103384,72054,7392,565,76221,1379
227,0.01074,0.01073,0.01072,0.01071,0.0107,0.01069,0.01068,0.01067,0.01066,0.01065,0.01076,0.01077,0.01078,0.01079,0.0108,0.01081,0.01082,0.01083,0.01084,0.01085,7539,41421,135503,132421,240858,141347,65039,482308,6465,60429,3346,26472,94304,105484,136224,39229,7392,565,76221,1379
228,0.01075,0.01074,0.01073,0.01072,0.01071,0.0107,0.01069,0.01068,0.01067,0.01066,0.01078,0.01079,0.0108,0.01081,0.01082,0.01083,0.01084,0.01085,0.01087,0.01088,3069,7539,41421,127166,130029,274004,101439,502941,43940,13917,133512,104474,104394,39229,7392,565,76221,1379,14079,19517
229,0.01074,0.01073,0.01072,0.01071,0.0107,0.01069,0.01068,0.01067,0.01066,0.01065,0.01078,0.01079,0.0108,0.01081,0.01082,0.01083,0.01084,0.01085,0.01087,0.01088,7279,60129,135526,130029,240858,101439,502941,43940,13917,52977,97526,104474,104394,44306,35123,75565,1221,1379,14079,19517
230,0.01075,0.01074,0.01073,0.01072,0.01071,0.0107,0.01069,0.01068,0.01067,0.01066,0.01078,0.01079,0.0108,0.01081,0.01082,0.01083,0.01084,0.01085,0.01087,0.01088,872,7279,60129,102418,163160,243252,578927,58467,44020,13917,94418,104474,137249,11474,35123,75565,1221,1379,14079,19517
