timestamp,bid_price_0,bid_price_1,bid_price_2,bid_price_3,bid_price_4,bid_price_5,bid_price_6,bid_price_7,bid_price_8,bid_price_9,ask_price_0,ask_price_1,ask_price_2,ask_price_3,ask_price_4,ask_price_5,ask_price_6,ask_price_7,ask_price_8,ask_price_9,bid_size_0,bid_size_1,bid_size_2,bid_size_3,bid_size_4,bid_size_5,bid_size_6,bid_size_7,bid_size_8,bid_size_9,ask_size_0,ask_size_1,ask_size_2,ask_size_3,ask_size_4,ask_size_5,ask_size_6,ask_size_7,ask_size_8,ask_size_9
0,0.08753,0.08752,0.08751,0.0875,0.08749,0.08748,0.08747,0.08746,0.08745,0.08744,0.08755,0.08756,0.08757,0.08758,0.08759,0.0876,0.08761,0.08762,0.08763,0.08764,4492,36622,82622,59270,45244,90408,74793,51591,23535,69864,15134,15750,24612,13721,19442,46967,19690,12912,11727,5831
1,0.08742,0.08741,0.0874,0.08739,0.08738,0.08737,0.08736,0.08735,0.08734,0.08733,0.08743,0.08744,0.08745,0.08746,0.08747,0.08748,0.08749,0.0875,0.08751,0.08752,18051,12604,30507,98422,50414,74887,76458,38128,68649,107172,2176,6068,8151,15792,26020,24191,46047,68715,32545,48891
2,0.08739,0.08738,0.08737,0.08736,0.08735,0.08734,0.08733,0.08732,0.08731,0.0873,0.0874,0.08741,0.08742,0.08743,0.08744,0.08745,0.08746,0.08747,0.08748,0.08749,23252,28550,15455,35989,36875,44666,115859,66058,61768,70410,536,3060,5554,11467,16965,11000,13272,46958,49861,27913
3,0.08744,0.08743,0.08742,0.08741,0.0874,0.08739,0.08738,0.08737,0.08736,0.08735,0.08745,0.08746,0.08747,0.08748,0.08749,0.0875,0.08751,0.08752,0.08753,0.08754,178,1548,12244,26290,53193,87445,63523,72608,86218,64134,9721,5264,5036,9187,12170,47835,34088,63340,20147,55706
4,0.0874,0.08739,0.08738,0.08737,0.08736,0.08735,0.08734,0.08733,0.08732,0.08731,0.08741,0.08742,0.08743,0.08744,0.08745,0.08746,0.08747,0.08748,0.08749,0.0875,1273,1571,26529,31710,77204,37719,38284,137508,43219,46991,26652,13692,9844,13605,13189,8822,39264,101076,11525,12050
5,0.08738,0.08737,0.08736,0.08735,0.08734,0.08733,0.08732,0.08731,0.0873,0.08729,0.08739,0.0874,0.08741,0.08742,0.08743,0.08744,0.08745,0.08746,0.08747,0.08748,11373,18776,10972,43893,34778,80930,61570,99822,73467,10151,178,6007,3190,4673,17113,13029,37218,32420,80883,58815
6,0.08739,0.08738,0.08737,0.08736,0.08735,0.08734,0.08733,0.08732,0.08731,0.0873,0.0874,0.08741,0.08742,0.08743,0.08744,0.08745,0.08746,0.08747,0.08748,0.08749,11790,14246,29100,79742,43594,43301,71655,64974,99231,65091,6343,3060,5136,6603,13342,22506,13594,34780,94589,18076
7,0.08745,0.08744,0.08743,0.08742,0.08741,0.0874,0.08739,0.08738,0.08737,0.08736,0.08746,0.08747,0.08748,0.08749,0.0875,0.08751,0.08752,0.08753,0.08754,0.08755,14254,15022,15468,40532,77974,73256,49146,27290,50912,81071,264,11679,18610,34747,17203,21767,6676,31488,69221,67210
8,0.08751,0.0875,0.08749,0.08748,0.08747,0.08746,0.08745,0.08744,0.08743,0.08742,0.08752,0.08753,0.08754,0.08755,0.08756,0.08757,0.08758,0.08759,0.0876,0.08761,4831,8836,15028,56790,74277,42664,90572,74060,42975,54204,17253,6352,1839,11598,43940,29464,39216,21586,4363,24059
9,0.08745,0.08744,0.08743,0.08742,0.08741,0.0874,0.08739,0.08738,0.08737,0.08736,0.08746,0.08747,0.08748,0.08749,0.0875,0.08751,0.08752,0.08753,0.08754,0.08755,5522,9434,7839,23418,44251,116935,42945,29319,54190,77025,5520,10426,5486,26899,60140,36988,9722,7403,18471,46388
10,0.08742,0.08741,0.0874,0.08739,0.08738,0.08737,0.08736,0.08735,0.08734,0.08733,0.08743,0.08744,0.08745,0.08746,0.08747,0.08748,0.08749,0.0875,0.08751,0.08752,3878,8484,11158,41198,20799,32823,80027,90349,53420,58635,2242,12544,12017,27230,46761,6705,9622,38079,93918,49164
11,0.08742,0.08741,0.0874,0.08739,0.08738,0.08737,0.08736,0.08735,0.08734,0.08733,0.08743,0.08744,0.08745,0.08746,0.08747,0.08748,0.08749,0.0875,0.08751,0.08752,4534,6556,18704,38390,11855,48990,82889,76497,30903,61420,1017,6126,10271,12635,28478,22074,43281,40936,82488,61542
12,0.08745,0.08744,0.08743,0.08742,0.08741,0.0874,0.08739,0.08738,0.08737,0.08736,0.08746,0.08747,0.08748,0.08749,0.0875,0.08751,0.08752,0.08753,0.08754,0.08755,6989,28449,81257,39306,71859,77233,48597,39919,35576,127992,6442,20940,21308,6574,11822,28414,19304,40966,24332,1839
13,0.08741,0.0874,0.08739,0.08738,0.08737,0.08736,0.08735,0.08734,0.08733,0.08732,0.08742,0.08743,0.08744,0.08745,0.08746,0.08747,0.08748,0.08749,0.0875,0.08751,178,1554,25341,20612,35604,79964,95891,60776,60974,38733,12076,13474,20881,44757,18668,11932,17493,10105,22988,88802
14,0.0873,0.08729,0.08728,0.08727,0.08726,0.08725,0.08724,0.08723,0.08722,0.08721,0.08731,0.08732,0.08733,0.08734,0.08735,0.08736,0.08737,0.08738,0.08739,0.0874,5385,3782,28711,79662,38196,73858,97769,44779,53548,60878,7270,10590,4708,10682,29629,38509,333,6997,27243,52628
15,0.08726,0.08725,0.08724,0.08723,0.08722,0.08721,0.0872,0.08719,0.08718,0.08717,0.08727,0.08728,0.08729,0.0873,0.08731,0.08732,0.08733,0.08734,0.08735,0.08736,158,3044,12892,45751,78826,75045,18179,47956,116961,21785,15748,9792,10237,14174,18683,38772,9771,12855,25155,60556
16,0.08719,0.08718,0.08717,0.08716,0.08715,0.08714,0.08713,0.08712,0.08711,0.0871,0.0872,0.08721,0.08722,0.08723,0.08724,0.08725,0.08726,0.08727,0.08728,0.08729,127,1556,32009,104284,80383,15207,28048,73129,89434,27685,12977,18044,10134,8611,9729,8900,16827,55175,4290,7638
17,0.08718,0.08717,0.08716,0.08715,0.08714,0.08713,0.08712,0.08711,0.0871,0.08709,0.08719,0.0872,0.08721,0.08722,0.08723,0.08724,0.08725,0.08726,0.08727,0.08728,9210,22030,64473,43957,21820,55205,91826,82087,27685,57851,1864,10978,17007,9484,15862,46255,16580,62294,39407,7075
18,0.08711,0.0871,0.08709,0.08708,0.08707,0.08706,0.08705,0.08704,0.08703,0.08702,0.08712,0.08713,0.08714,0.08715,0.08716,0.08717,0.08718,0.08719,0.0872,0.08721,4654,15881,29757,38732,54439,71380,33646,27728,69874,25980,6760,6001,5905,8525,9625,3800,16947,68244,19960,3782
19,0.08712,0.08711,0.0871,0.08709,0.08708,0.08707,0.08706,0.08705,0.08704,0.08703,0.08713,0.08714,0.08715,0.08716,0.08717,0.08718,0.08719,0.0872,0.08721,0.08722,8095,11430,27657,99543,34129,62163,80462,75893,24943,58469,1111,7153,6733,9859,9537,6810,22160,42453,22030,30540
20,0.08725,0.08724,0.08723,0.08722,0.08721,0.0872,0.08719,0.08718,0.08717,0.08716,0.08726,0.08727,0.08728,0.08729,0.0873,0.08731,0.08732,0.08733,0.08734,0.08735,7389,3066,4708,33770,96388,11983,30009,78155,73102,34681,265,3194,4790,7067,35756,1909,19235,49957,82001,3168
21,0.08728,0.08727,0.08726,0.08725,0.08724,0.08723,0.08722,0.08721,0.0872,0.08719,0.08729,0.0873,0.08731,0.08732,0.08733,0.08734,0.08735,0.08736,0.08737,0.08738,13527,9282,16229,62873,70545,48278,78964,81701,10036,32910,5212,3130,5900,15641,32493,6593,19460,7808,30025,107765
22,0.08727,0.08726,0.08725,0.08724,0.08723,0.08722,0.08721,0.0872,0.08719,0.08718,0.08728,0.08729,0.0873,0.08731,0.08732,0.08733,0.08734,0.08735,0.08736,0.08737,8185,20869,47053,72733,30028,96163,96325,35185,37983,106117,3295,5280,11494,6417,18504,33606,9317,4328,8318,38611
23,0.08746,0.08745,0.08744,0.08743,0.08742,0.08741,0.0874,0.08739,0.08738,0.08737,0.08747,0.08748,0.08749,0.0875,0.08751,0.08752,0.08753,0.08754,0.08755,0.08756,10516,21004,13689,64251,115773,35921,36724,75128,62673,56943,5092,3215,11225,37682,24533,6924,10760,30545,17173,23248
24,0.08741,0.0874,0.08739,0.08738,0.08737,0.08736,0.08735,0.08734,0.08733,0.08732,0.08742,0.08743,0.08744,0.08745,0.08746,0.08747,0.08748,0.08749,0.0875,0.08751,8215,28679,60647,31857,59413,65560,54221,75503,74756,12693,1278,5901,8192,20056,38271,22078,14407,23492,55712,30185
25,0.08753,0.08752,0.08751,0.0875,0.08749,0.08748,0.08747,0.08746,0.08745,0.08744,0.08754,0.08755,0.08756,0.08757,0.08758,0.08759,0.0876,0.08761,0.08762,0.08763,55063,16359,27026,87722,45125,71124,79636,63104,29441,17364,920,6094,6935,9344,1908,9827,38274,2011,6582,20067
26,0.08759,0.08758,0.08757,0.08756,0.08755,0.08754,0.08753,0.08752,0.08751,0.0875,0.0876,0.08761,0.08762,0.08763,0.08764,0.08765,0.08766,0.08767,0.08768,0.08769,19193,68051,32609,46076,72757,61005,87503,43226,75522,77771,2898,3163,4761,1908,2129,16916,34572,14668,19290,30443
27,0.08767,0.08766,0.08765,0.08764,0.08763,0.08762,0.08761,0.0876,0.08759,0.08758,0.08768,0.08769,0.0877,0.08771,0.08772,0.08773,0.08774,0.08775,0.08776,0.08777,57344,31295,36689,97301,59258,32913,84794,36930,75764,62604,5380,3129,7165,17140,31282,15842,34140,23849,34203,54021
28,0.08768,0.08767,0.08766,0.08765,0.08764,0.08763,0.08762,0.08761,0.0876,0.08759,0.08769,0.0877,0.08771,0.08772,0.08773,0.08774,0.08775,0.08776,0.08777,0.08778,42680,60033,37105,45554,70407,57530,38539,113743,28439,67771,5860,5802,16959,37807,17691,17047,32732,13047,52872,2854
29,0.08772,0.08771,0.0877,0.08769,0.08768,0.08767,0.08766,0.08765,0.08764,0.08763,0.08773,0.08774,0.08775,0.08776,0.08777,0.08778,0.08779,0.0878,0.08781,0.08782,4661,61457,31332,33152,95294,61171,31566,34990,88779,51678,10499,10683,6346,12174,24580,12484,46771,36260,19530,33215
30,0.08779,0.08778,0.08777,0.08776,0.08775,0.08774,0.08773,0.08772,0.08771,0.0877,0.0878,0.08781,0.08782,0.08783,0.08784,0.08785,0.08786,0.08787,0.08788,0.08789,1981,72241,24293,87843,59996,29467,41025,73585,66578,38236,7769,2951,10584,18027,22199,21622,26919,51163,24237,22286
31,0.08775,0.08774,0.08773,0.08772,0.08771,0.0877,0.08769,0.08768,0.08767,0.08766,0.08776,0.08777,0.08778,0.08779,0.0878,0.08781,0.08782,0.08783,0.08784,0.08785,14145,77090,24374,86867,81442,55812,51022,68598,62726,36224,2795,1422,12588,16751,10666,16506,17361,33501,62279,20432
32,0.08782,0.08781,0.0878,0.08779,0.08778,0.08777,0.08776,0.08775,0.08774,0.08773,0.08783,0.08784,0.08785,0.08786,0.08787,0.08788,0.08789,0.0879,0.08791,0.08792,63,19322,62627,34182,46791,81998,69628,31444,89614,37031,9347,16938,11214,17887,14509,8888,13125,24407,59156,16272
33,0.08774,0.08773,0.08772,0.08771,0.0877,0.08769,0.08768,0.08767,0.08766,0.08765,0.08775,0.08776,0.08777,0.08778,0.08779,0.0878,0.08781,0.08782,0.08783,0.08784,115,1554,14791,55699,81240,30468,94213,84272,35561,29530,9675,10299,9583,13032,24924,21004,16300,37201,88352,38972
34,0.0877,0.08769,0.08768,0.08767,0.08766,0.08765,0.08764,0.08763,0.08762,0.08761,0.08771,0.08772,0.08773,0.08774,0.08775,0.08776,0.08777,0.08778,0.08779,0.0878,30027,9192,37667,131529,33349,54368,89847,85784,37213,80991,2852,9081,8712,9463,11906,25446,35886,27902,25817,53481
35,0.08769,0.08768,0.08767,0.08766,0.08765,0.08764,0.08763,0.08762,0.08761,0.0876,0.0877,0.08771,0.08772,0.08773,0.08774,0.08775,0.08776,0.08777,0.08778,0.08779,3411,26131,72599,35640,42386,86424,115852,37213,83524,30620,7158,10015,5512,17634,16708,12590,23670,45995,31191,32419
36,0.0876,0.08759,0.08758,0.08757,0.08756,0.08755,0.08754,0.08753,0.08752,0.08751,0.08761,0.08762,0.08763,0.08764,0.08765,0.08766,0.08767,0.08768,0.08769,0.0877,10904,37709,71156,54036,44103,74165,62543,101176,23985,77205,6362,10537,6842,15360,32889,49501,47451,25016,23269,21004
37,0.0876,0.08759,0.08758,0.08757,0.08756,0.08755,0.08754,0.08753,0.08752,0.08751,0.08761,0.08762,0.08763,0.08764,0.08765,0.08766,0.08767,0.08768,0.08769,0.0877,10074,11762,18758,73799,79141,78330,57401,74893,35412,71393,1111,7068,9342,13467,17072,28716,51801,51322,27099,21593
38,0.08759,0.08758,0.08757,0.08756,0.08755,0.08754,0.08753,0.08752,0.08751,0.0875,0.0876,0.08761,0.08762,0.08763,0.08764,0.08765,0.08766,0.08767,0.08768,0.08769,782,11876,48071,93339,76220,56831,85102,23985,71393,89971,6834,8057,9071,11984,19939,23690,22064,53391,62645,9522
39,0.08755,0.08754,0.08753,0.08752,0.08751,0.0875,0.08749,0.08748,0.08747,0.08746,0.08756,0.08757,0.08758,0.08759,0.0876,0.08761,0.08762,0.08763,0.08764,0.08765,8413,24212,53405,36911,111514,66990,24375,75694,85231,77734,7659,10426,9314,16554,15840,25876,48814,61391,27303,28108
40,0.08754,0.08753,0.08752,0.08751,0.0875,0.08749,0.08748,0.08747,0.08746,0.08745,0.08755,0.08756,0.08757,0.08758,0.08759,0.0876,0.08761,0.08762,0.08763,0.08764,18087,53051,41864,105365,80040,23612,68956,92328,84446,9941,1766,1307,10780,14456,16554,18524,34758,65303,48769,27303
41,0.08754,0.08753,0.08752,0.08751,0.0875,0.08749,0.08748,0.08747,0.08746,0.08745,0.08755,0.08756,0.08757,0.08758,0.08759,0.0876,0.08761,0.08762,0.08763,0.08764,8812,63002,35973,72784,72808,33863,42203,105975,78551,15063,2217,1554,13635,13778,17199,21548,28767,70070,52498,12396
42,0.08753,0.08752,0.08751,0.0875,0.08749,0.08748,0.08747,0.08746,0.08745,0.08744,0.08754,0.08755,0.08756,0.08757,0.08758,0.08759,0.0876,0.08761,0.08762,0.08763,49061,20565,53141,81068,17941,52256,115490,74774,9370,22575,7406,7421,9515,20181,22001,24194,50789,47550,50421,11866
43,0.08747,0.08746,0.08745,0.08744,0.08743,0.08742,0.08741,0.0874,0.08739,0.08738,0.08748,0.08749,0.0875,0.08751,0.08752,0.08753,0.08754,0.08755,0.08756,0.08757,15142,72066,13608,54599,112941,81046,33793,40283,87314,91386,6973,3014,10102,20676,39004,51222,23273,22070,22189,31230
44,0.08747,0.08746,0.08745,0.08744,0.08743,0.08742,0.08741,0.0874,0.08739,0.08738,0.08748,0.08749,0.0875,0.08751,0.08752,0.08753,0.08754,0.08755,0.08756,0.08757,9551,25822,55640,25314,94741,131399,30276,51842,86297,91386,7505,5808,16239,20079,45913,43497,28305,64314,21056,48675
45,0.08748,0.08747,0.08746,0.08745,0.08744,0.08743,0.08742,0.08741,0.0874,0.08739,0.08749,0.0875,0.08751,0.08752,0.08753,0.08754,0.08755,0.08756,0.08757,0.08758,9559,8138,32262,92064,43232,54465,113760,18144,60499,81505,5017,10824,20731,41042,40756,27300,55817,54368,54456,89283
46,0.08734,0.08733,0.08732,0.08731,0.0873,0.08729,0.08728,0.08727,0.08726,0.08725,0.08735,0.08736,0.08737,0.08738,0.08739,0.0874,0.08741,0.08742,0.08743,0.08744,5382,15697,32574,31523,14474,19286,40904,82718,83834,36206,16649,17003,19079,26555,77413,47642,30815,100305,68771,43233
47,0.08718,0.08717,0.08716,0.08715,0.08714,0.08713,0.08712,0.08711,0.0871,0.08709,0.08719,0.0872,0.08721,0.08722,0.08723,0.08724,0.08725,0.08726,0.08727,0.08728,8144,6048,8166,31461,38822,26319,35382,16693,37749,103199,15718,7526,11363,34603,12214,16507,38656,125083,90038,10581
48,0.08713,0.08712,0.08711,0.0871,0.08709,0.08708,0.08707,0.08706,0.08705,0.08704,0.08714,0.08715,0.08716,0.08717,0.08718,0.08719,0.0872,0.08721,0.08722,0.08723,6501,4269,11758,51606,27726,54563,26509,83013,29715,45075,17975,16660,12251,9051,17603,25819,53576,65608,40610,39879
49,0.08713,0.08712,0.08711,0.0871,0.08709,0.08708,0.08707,0.08706,0.08705,0.08704,0.08714,0.08715,0.08716,0.08717,0.08718,0.08719,0.0872,0.08721,0.08722,0.08723,8283,5821,16508,66860,29925,23098,58704,93319,64553,29400,14257,5523,8597,27595,12528,31789,65418,68516,35823,33402
50,0.08714,0.08713,0.08712,0.08711,0.0871,0.08709,0.08708,0.08707,0.08706,0.08705,0.08715,0.08716,0.08717,0.08718,0.08719,0.0872,0.08721,0.08722,0.08723,0.08724,14880,7934,16761,56523,61001,115920,32899,50724,96104,61766,5674,3282,4778,6733,10400,39995,94686,43414,33402,69562
51,0.08711,0.0871,0.08709,0.08708,0.08707,0.08706,0.08705,0.08704,0.08703,0.08702,0.08712,0.08713,0.08714,0.08715,0.08716,0.08717,0.08718,0.08719,0.0872,0.08721,7955,5935,22335,32521,35357,103763,61606,54848,67201,48050,8607,2952,10664,18699,20474,44102,42920,19897,35738,84577
52,0.08705,0.08704,0.08703,0.08702,0.08701,0.087,0.08699,0.08698,0.08697,0.08696,0.08706,0.08707,0.08708,0.08709,0.0871,0.08711,0.08712,0.08713,0.08714,0.08715,2872,13021,36483,37634,45356,118145,52699,93349,88426,44441,14179,9709,12403,20446,39423,73668,42544,47050,109841,35740
53,0.08705,0.08704,0.08703,0.08702,0.08701,0.087,0.08699,0.08698,0.08697,0.08696,0.08706,0.08707,0.08708,0.08709,0.0871,0.08711,0.08712,0.08713,0.08714,0.08715,18260,15938,14487,31418,56005,95163,35606,71797,68298,31744,15902,25915,11124,20951,42576,52036,29702,35517,69961,33679
54,0.087,0.08699,0.08698,0.08697,0.08696,0.08695,0.08694,0.08693,0.08692,0.08691,0.08701,0.08702,0.08703,0.08704,0.08705,0.08706,0.08707,0.08708,0.08709,0.0871,12837,5556,20906,48527,31476,96504,101099,45483,14931,27295,7921,6120,14033,16961,26940,67723,57703,70514,25027,47395
55,0.08699,0.08698,0.08697,0.08696,0.08695,0.08694,0.08693,0.08692,0.08691,0.0869,0.087,0.08701,0.08702,0.08703,0.08704,0.08705,0.08706,0.08707,0.08708,0.08709,3053,9581,31552,51672,116917,116025,24938,17716,27295,24641,10128,19949,31889,17246,28018,58297,28624,66327,81078,54012
56,0.087,0.08699,0.08698,0.08697,0.08696,0.08695,0.08694,0.08693,0.08692,0.08691,0.08701,0.08702,0.08703,0.08704,0.08705,0.08706,0.08707,0.08708,0.08709,0.0871,7963,13784,25148,49547,93060,98651,34137,38947,120788,19091,2605,3132,5584,10151,29449,59836,55166,86685,21715,32108
57,0.08701,0.087,0.08699,0.08698,0.08697,0.08696,0.08695,0.08694,0.08693,0.08692,0.08702,0.08703,0.08704,0.08705,0.08706,0.08707,0.08708,0.08709,0.0871,0.08711,7117,3932,26092,66442,45859,90750,71081,16121,15726,113718,6858,7343,4934,7523,26569,31252,26460,39909,24332,67458
58,0.08706,0.08705,0.08704,0.08703,0.08702,0.08701,0.087,0.08699,0.08698,0.08697,0.08707,0.08708,0.08709,0.0871,0.08711,0.08712,0.08713,0.08714,0.08715,0.08716,18177,50914,137387,42219,52128,91966,77484,27313,62913,32034,793,1465,1911,13973,42045,27471,18903,18689,46891,77263
59,0.08699,0.08698,0.08697,0.08696,0.08695,0.08694,0.08693,0.08692,0.08691,0.0869,0.087,0.08701,0.08702,0.08703,0.08704,0.08705,0.08706,0.08707,0.08708,0.08709,3567,4431,41899,113985,69504,46176,57018,122059,18612,19561,11854,12367,9645,19608,55782,36142,38622,31865,27019,12621
60,0.08689,0.08688,0.08687,0.08686,0.08685,0.08684,0.08683,0.08682,0.08681,0.0868,0.0869,0.08691,0.08692,0.08693,0.08694,0.08695,0.08696,0.08697,0.08698,0.08699,19555,18555,38956,101937,38648,87256,80585,18942,48486,97920,652,2976,13264,15941,22580,62913,61421,60893,43536,67197
61,0.08684,0.08683,0.08682,0.08681,0.0868,0.08679,0.08678,0.08677,0.08676,0.08675,0.08685,0.08686,0.08687,0.08688,0.08689,0.0869,0.08691,0.08692,0.08693,0.08694,18366,16142,16739,53011,81015,48928,88141,68481,16485,38457,2670,3133,8754,17708,24316,49972,68993,26460,76233,69035
62,0.08683,0.08682,0.08681,0.0868,0.08679,0.08678,0.08677,0.08676,0.08675,0.08674,0.08684,0.08685,0.08686,0.08687,0.08688,0.08689,0.0869,0.08691,0.08692,0.08693,3608,26284,72339,74195,56425,62390,86515,58534,46136,75002,20268,9553,13638,15618,16360,20179,50422,50938,23413,40183
63,0.08672,0.08671,0.0867,0.08669,0.08668,0.08667,0.08666,0.08665,0.08664,0.08663,0.08673,0.08674,0.08675,0.08676,0.08677,0.08678,0.08679,0.0868,0.08681,0.08682,11477,21390,73669,53682,82798,76257,77284,76976,105748,29121,12112,5313,7659,20937,14064,22483,62796,53459,67092,35959
64,0.08672,0.08671,0.0867,0.08669,0.08668,0.08667,0.08666,0.08665,0.08664,0.08663,0.08673,0.08674,0.08675,0.08676,0.08677,0.08678,0.08679,0.0868,0.08681,0.08682,8189,6300,22933,66828,85386,85039,73314,57154,118938,31906,18655,7113,9204,12076,28028,49933,40841,45418,61654,17563
65,0.08671,0.0867,0.08669,0.08668,0.08667,0.08666,0.08665,0.08664,0.08663,0.08662,0.08672,0.08673,0.08674,0.08675,0.08676,0.08677,0.08678,0.08679,0.0868,0.08681,19111,38647,25070,99961,81823,76170,43029,67764,7168,16902,6856,2976,8616,12508,10024,23201,44910,27979,61150,64992
66,0.08679,0.08678,0.08677,0.08676,0.08675,0.08674,0.08673,0.08672,0.08671,0.0867,0.0868,0.08681,0.08682,0.08683,0.08684,0.08685,0.08686,0.08687,0.08688,0.08689,27758,13909,39822,86554,93508,28526,22257,42161,99305,25777,1150,1558,7702,9601,24766,67829,14755,37370,84603,57558
67,0.08686,0.08685,0.08684,0.08683,0.08682,0.08681,0.0868,0.08679,0.08678,0.08677,0.08687,0.08688,0.08689,0.0869,0.08691,0.08692,0.08693,0.08694,0.08695,0.08696,2283,4436,10564,105681,69865,36438,78111,136827,22816,26793,7379,11658,9183,41629,43211,24270,59753,76733,37059,67416
68,0.08683,0.08682,0.08681,0.0868,0.08679,0.08678,0.08677,0.08676,0.08675,0.08674,0.08684,0.08685,0.08686,0.08687,0.08688,0.08689,0.0869,0.08691,0.08692,0.08693,12564,21455,20467,46689,157743,14653,34288,75113,77580,15660,535,3133,10602,21643,38802,56935,62657,73568,16752,37017
69,0.08681,0.0868,0.08679,0.08678,0.08677,0.08676,0.08675,0.08674,0.08673,0.08672,0.08682,0.08683,0.08684,0.08685,0.08686,0.08687,0.08688,0.08689,0.0869,0.08691,7624,11128,127250,33942,49574,99295,80462,10374,15125,64267,9278,5388,14978,18554,14295,24831,37548,78292,59789,21482
70,0.08673,0.08672,0.08671,0.0867,0.08669,0.08668,0.08667,0.08666,0.08665,0.08664,0.08674,0.08675,0.08676,0.08677,0.08678,0.08679,0.0868,0.08681,0.08682,0.08683,14641,27373,54600,50728,71696,80132,80365,101066,45100,55607,2724,5570,13364,22406,45365,26362,42955,10984,21424,39872
71,0.08671,0.0867,0.08669,0.08668,0.08667,0.08666,0.08665,0.08664,0.08663,0.08662,0.08672,0.08673,0.08674,0.08675,0.08676,0.08677,0.08678,0.08679,0.0868,0.08681,8746,10532,28086,65132,123992,106246,53050,61962,25143,28558,16892,7206,8726,16097,21621,44167,71850,68876,35298,19743
72,0.08666,0.08665,0.08664,0.08663,0.08662,0.08661,0.0866,0.08659,0.08658,0.08657,0.08667,0.08668,0.08669,0.0867,0.08671,0.08672,0.08673,0.08674,0.08675,0.08676,10378,46672,55829,47895,68318,114731,65907,28983,73915,38937,5215,7940,10355,33934,13959,11075,18317,33306,82860,68437
73,0.08668,0.08667,0.08666,0.08665,0.08664,0.08663,0.08662,0.08661,0.0866,0.08659,0.08669,0.0867,0.08671,0.08672,0.08673,0.08674,0.08675,0.08676,0.08677,0.08678,8915,17750,29399,120780,61842,30481,74091,112657,62436,35894,6801,9929,8323,11965,15976,18957,63465,100769,28266,41070
74,0.08681,0.0868,0.08679,0.08678,0.08677,0.08676,0.08675,0.08674,0.08673,0.08672,0.08682,0.08683,0.08684,0.08685,0.08686,0.08687,0.08688,0.08689,0.0869,0.08691,37200,12861,28219,94162,65818,73510,81958,55053,59406,110506,4757,3197,4802,12742,18515,49613,33614,33763,86207,41448
75,0.08683,0.08682,0.08681,0.0868,0.08679,0.08678,0.08677,0.08676,0.08675,0.08674,0.08684,0.08685,0.08686,0.08687,0.08688,0.08689,0.0869,0.08691,0.08692,0.08693,9174,15477,21452,56859,52601,102034,58524,69755,63873,16467,5527,6012,12461,10675,24002,63518,43884,67025,46254,36969
76,0.08684,0.08683,0.08682,0.08681,0.0868,0.08679,0.08678,0.08677,0.08676,0.08675,0.08685,0.08686,0.08687,0.08688,0.08689,0.0869,0.08691,0.08692,0.08693,0.08694,6724,15450,30629,108440,58973,42646,101032,60469,73293,60343,1540,3133,5934,20999,46028,29772,17015,20816,58759,74770
77,0.08687,0.08686,0.08685,0.08684,0.08683,0.08682,0.08681,0.0868,0.08679,0.08678,0.08688,0.08689,0.0869,0.08691,0.08692,0.08693,0.08694,0.08695,0.08696,0.08697,8436,17135,32489,65213,46799,100371,78024,27482,51959,79770,7612,6446,5039,13007,17380,40878,44970,18626,48340,69318
78,0.08691,0.0869,0.08689,0.08688,0.08687,0.08686,0.08685,0.08684,0.08683,0.08682,0.08692,0.08693,0.08694,0.08695,0.08696,0.08697,0.08698,0.08699,0.087,0.08701,16661,6926,13756,64268,114981,39667,53019,75198,45977,85118,1535,1471,5579,10472,17939,41932,23228,54095,68733,16384
79,0.08689,0.08688,0.08687,0.08686,0.08685,0.08684,0.08683,0.08682,0.08681,0.0868,0.08691,0.08692,0.08693,0.08694,0.08695,0.08696,0.08697,0.08698,0.08699,0.087,7622,1912,33872,59428,28217,70817,39258,83479,55039,7095,9006,7509,14989,32591,33128,46633,33554,80355,54707,13110
80,0.08679,0.08678,0.08677,0.08676,0.08675,0.08674,0.08673,0.08672,0.08671,0.0867,0.0868,0.08681,0.08682,0.08683,0.08684,0.08685,0.08686,0.08687,0.08688,0.08689,15024,10541,31811,56444,136463,59856,54898,58278,22000,70672,17844,5872,13068,20506,41752,31353,16318,60684,70940,70032
81,0.08676,0.08675,0.08674,0.08673,0.08672,0.08671,0.0867,0.08669,0.08668,0.08667,0.08677,0.08678,0.08679,0.0868,0.08681,0.08682,0.08683,0.08684,0.08685,0.08686,7475,5214,20590,62846,85605,61211,80113,107309,7103,9979,21680,8407,10722,15752,16438,19490,45844,45225,85340,18247
82,0.08668,0.08667,0.08666,0.08665,0.08664,0.08663,0.08662,0.08661,0.0866,0.08659,0.08669,0.0867,0.08671,0.08672,0.08673,0.08674,0.08675,0.08676,0.08677,0.08678,18836,16374,34038,109465,25439,32270,105461,99491,49419,67709,1276,5679,9765,17922,27655,15588,30999,111252,35872,91589
83,0.08666,0.08665,0.08664,0.08663,0.08662,0.08661,0.0866,0.08659,0.08658,0.08657,0.08667,0.08668,0.08669,0.0867,0.08671,0.08672,0.08673,0.08674,0.08675,0.08676,8895,98425,76863,42542,102123,100892,66620,55183,20647,53210,4629,8165,8641,10003,23773,26406,27380,20220,53103,62442
84,0.08675,0.08674,0.08673,0.08672,0.08671,0.0867,0.08669,0.08668,0.08667,0.08666,0.08676,0.08677,0.08678,0.08679,0.0868,0.08681,0.08682,0.08683,0.08684,0.08685,15279,20844,44085,94406,19791,75041,125952,20757,11448,31700,5104,7610,5486,10487,9660,9426,32547,72550,42461,80527
85,0.08684,0.08683,0.08682,0.08681,0.0868,0.08679,0.08678,0.08677,0.08676,0.08675,0.08685,0.08686,0.08687,0.08688,0.08689,0.0869,0.08691,0.08692,0.08693,0.08694,5069,1494,11119,77510,47896,84260,103330,51926,16485,59089,7375,3133,15990,39772,26991,28387,53893,50256,88193,72721
86,0.08684,0.08683,0.08682,0.08681,0.0868,0.08679,0.08678,0.08677,0.08676,0.08675,0.08685,0.08686,0.08687,0.08688,0.08689,0.0869,0.08691,0.08692,0.08693,0.08694,14116,17420,45354,94892,46509,100799,71535,53179,19394,59862,8067,11953,10256,17579,11598,25704,67060,59618,84806,21916
87,0.08679,0.08678,0.08677,0.08676,0.08675,0.08674,0.08673,0.08672,0.08671,0.0867,0.0868,0.08681,0.08682,0.08683,0.08684,0.08685,0.08686,0.08687,0.08688,0.08689,180,4369,6337,35444,87711,73273,80443,69420,28880,51733,22140,23973,42446,30250,53496,18248,46452,91607,28677,29592
88,0.08681,0.0868,0.08679,0.08678,0.08677,0.08676,0.08675,0.08674,0.08673,0.08672,0.08682,0.08683,0.08684,0.08685,0.08686,0.08687,0.08688,0.08689,0.0869,0.08691,15067,24415,40140,84141,41006,49584,80306,59089,40694,55115,35755,1558,9705,14624,15406,28887,31736,71855,62104,31786
89,0.08674,0.08673,0.08672,0.08671,0.0867,0.08669,0.08668,0.08667,0.08666,0.08665,0.08675,0.08676,0.08677,0.08678,0.08679,0.0868,0.08681,0.08682,0.08683,0.08684,9590,9133,10316,39931,58109,118377,38464,56073,24592,116996,2398,5524,10782,21566,41683,53691,42294,22980,66228,84313
90,0.08676,0.08675,0.08674,0.08673,0.08672,0.08671,0.0867,0.08669,0.08668,0.08667,0.08677,0.08678,0.08679,0.0868,0.08681,0.08682,0.08683,0.08684,0.08685,0.08686,3669,15092,19017,72686,44519,69617,39293,89676,63895,9669,7186,10567,28586,10138,17709,43726,45297,98842,54688,27326
91,0.08674,0.08673,0.08672,0.08671,0.0867,0.08669,0.08668,0.08667,0.08666,0.08665,0.08675,0.08676,0.08677,0.08678,0.08679,0.0868,0.08681,0.08682,0.08683,0.08684,10455,22196,27411,89756,50128,98327,60911,17986,24489,113790,2217,5478,10195,16077,30317,18903,30767,51613,38229,89247
92,0.08681,0.0868,0.08679,0.08678,0.08677,0.08676,0.08675,0.08674,0.08673,0.08672,0.08682,0.08683,0.08684,0.08685,0.08686,0.08687,0.08688,0.08689,0.0869,0.08691,10823,18707,55115,159479,68798,56768,35935,74365,90877,7976,5905,3133,5170,11394,16515,23685,52809,54153,81796,57351
93,0.08683,0.08682,0.08681,0.0868,0.08679,0.08678,0.08677,0.08676,0.08675,0.08674,0.08684,0.08685,0.08686,0.08687,0.08688,0.08689,0.0869,0.08691,0.08692,0.08693,24646,9135,16351,25072,63649,148284,71628,52283,19955,53538,6341,3133,8895,23685,47053,55589,69866,24333,28913,73516
94,0.08686,0.08685,0.08684,0.08683,0.08682,0.08681,0.0868,0.08679,0.08678,0.08677,0.08687,0.08688,0.08689,0.0869,0.08691,0.08692,0.08693,0.08694,0.08695,0.08696,980,7112,11550,70616,132938,71255,30784,41009,83344,64954,8962,12336,13980,27512,15275,26633,48771,41908,74811,9684
95,0.08686,0.08685,0.08684,0.08683,0.08682,0.08681,0.0868,0.08679,0.08678,0.08677,0.08687,0.08688,0.08689,0.0869,0.08691,0.08692,0.08693,0.08694,0.08695,0.08696,7997,3069,10847,68752,97550,79895,32853,34894,56321,64954,11008,5682,16057,27512,15275,20629,55599,55089,86314,9684
96,0.08681,0.0868,0.08679,0.08678,0.08677,0.08676,0.08675,0.08674,0.08673,0.08672,0.08682,0.08683,0.08684,0.08685,0.08686,0.08687,0.08688,0.08689,0.0869,0.08691,6980,3197,23886,94887,90420,48599,64398,56323,88419,10331,16533,10172,16225,32954,54033,19322,34105,100421,38423,25466
97,0.08679,0.08678,0.08677,0.08676,0.08675,0.08674,0.08673,0.08672,0.08671,0.0867,0.0868,0.08681,0.08682,0.08683,0.08684,0.08685,0.08686,0.08687,0.08688,0.08689,10069,35660,126291,64965,109306,56323,99950,10331,55132,41752,61475,7125,5709,15472,20604,44340,62350,57462,47783,64923
98,0.0867,0.08669,0.08668,0.08667,0.08666,0.08665,0.08664,0.08663,0.08662,0.08661,0.08671,0.08672,0.08673,0.08674,0.08675,0.08676,0.08677,0.08678,0.08679,0.0868,2204,4442,12092,26510,57434,137701,63617,48452,60442,88838,12593,14086,11028,34636,21585,26110,47095,92946,92898,31787
99,0.0867,0.08669,0.08668,0.08667,0.08666,0.08665,0.08664,0.08663,0.08662,0.08661,0.08671,0.08672,0.08673,0.08674,0.08675,0.08676,0.08677,0.08678,0.08679,0.0868,8725,5960,17701,43255,56285,136980,51975,19732,55119,117706,7573,10981,27690,35725,35109,20060,18607,22148,40500,140368
100,0.08664,0.08663,0.08662,0.08661,0.0866,0.08659,0.08658,0.08657,0.08656,0.08655,0.08665,0.08666,0.08667,0.08668,0.08669,0.0867,0.08671,0.08672,0.08673,0.08674,4296,8486,28340,75665,61795,84288,58656,68478,91444,7420,63948,7661,8982,20706,24211,49666,69895,40936,69148,73406
101,0.08669,0.08668,0.08667,0.08666,0.08665,0.08664,0.08663,0.08662,0.08661,0.0866,0.0867,0.08671,0.08672,0.08673,0.08674,0.08675,0.08676,0.08677,0.08678,0.08679,25520,13265,16956,50833,99980,17126,48410,83475,101362,7783,643,1558,6323,16430,27790,31481,27418,102078,11320,49168
102,0.08674,0.08673,0.08672,0.08671,0.0867,0.08669,0.08668,0.08667,0.08666,0.08665,0.08675,0.08676,0.08677,0.08678,0.08679,0.0868,0.08681,0.08682,0.08683,0.08684,16743,12986,40997,105697,69231,52708,60982,44306,54712,75906,6417,1937,2419,9609,19432,28452,20256,71937,85094,74473
103,0.08675,0.08674,0.08673,0.08672,0.08671,0.0867,0.08669,0.08668,0.08667,0.08666,0.08676,0.08677,0.08678,0.08679,0.0868,0.08681,0.08682,0.08683,0.08684,0.08685,13186,22209,29327,48868,88107,66428,36316,66849,53215,54723,1436,6160,13057,43133,32686,18093,48189,79401,75145,53437
104,0.08683,0.08682,0.08681,0.0868,0.08679,0.08678,0.08677,0.08676,0.08675,0.08674,0.08684,0.08685,0.08686,0.08687,0.08688,0.08689,0.0869,0.08691,0.08692,0.08693,25441,13467,15786,29263,43665,126723,42497,26277,20298,101210,1495,1781,1605,15633,44018,14339,32695,34717,69485,29794
105,0.08687,0.08686,0.08685,0.08684,0.08683,0.08682,0.08681,0.0868,0.08679,0.08678,0.08688,0.08689,0.0869,0.08691,0.08692,0.08693,0.08694,0.08695,0.08696,0.08697,3058,11496,28752,71199,59420,81830,85001,22289,56470,128068,7365,8344,9661,18011,14215,23438,62766,91362,41006,71792
106,0.08689,0.08688,0.08687,0.08686,0.08685,0.08684,0.08683,0.08682,0.08681,0.0868,0.0869,0.08691,0.08692,0.08693,0.08694,0.08695,0.08696,0.08697,0.08698,0.08699,3057,1622,17155,25694,50542,89408,76751,65013,73677,7095,10797,10378,18250,31585,21367,50860,38363,34383,65042,44713
107,0.08688,0.08687,0.08686,0.08685,0.08684,0.08683,0.08682,0.08681,0.0868,0.08679,0.08689,0.0869,0.08691,0.08692,0.08693,0.08694,0.08695,0.08696,0.08697,0.08698,15269,15087,12688,72239,76121,36501,105544,90589,9796,9968,1642,1558,8421,17268,14929,24262,40844,38363,34383,65329
108,0.08689,0.08688,0.08687,0.08686,0.08685,0.08684,0.08683,0.08682,0.08681,0.0868,0.0869,0.08691,0.08692,0.08693,0.08694,0.08695,0.08696,0.08697,0.08698,0.08699,12121,3133,4988,41306,55701,86451,49728,74512,73677,9880,7347,7880,10203,13903,17003,47299,67424,41297,71823,26898
109,0.08695,0.08694,0.08693,0.08692,0.08691,0.0869,0.08689,0.08688,0.08687,0.08686,0.08696,0.08697,0.08698,0.08699,0.087,0.08701,0.08702,0.08703,0.08704,0.08705,11557,6806,33133,22836,42809,112793,60362,60178,71236,51737,6462,3315,4329,27255,58854,22899,27165,27731,81141,69415
110,0.08694,0.08693,0.08692,0.08691,0.0869,0.08689,0.08688,0.08687,0.08686,0.08685,0.08695,0.08696,0.08697,0.08698,0.08699,0.087,0.08701,0.08702,0.08703,0.08704,14939,12520,3612,46316,133334,54003,86099,69693,85388,23586,3776,8142,10883,15365,23940,63532,24340,50782,27731,77303
111,0.08701,0.087,0.08699,0.08698,0.08697,0.08696,0.08695,0.08694,0.08693,0.08692,0.08702,0.08703,0.08704,0.08705,0.08706,0.08707,0.08708,0.08709,0.0871,0.08711,10400,14397,12411,69937,53824,35716,73476,124213,30137,9874,1093,1557,4315,15010,35200,53854,15285,36522,77170,84228
112,0.08699,0.08698,0.08697,0.08696,0.08695,0.08694,0.08693,0.08692,0.08691,0.0869,0.087,0.08701,0.08702,0.08703,0.08704,0.08705,0.08706,0.08707,0.08708,0.08709,3546,6006,18022,31111,51824,117572,31147,33463,60181,141990,9313,10934,8686,22533,12135,17580,56395,58440,29312,7478
113,0.08698,0.08697,0.08696,0.08695,0.08694,0.08693,0.08692,0.08691,0.0869,0.08689,0.08699,0.087,0.08701,0.08702,0.08703,0.08704,0.08705,0.08706,0.08707,0.08708,6454,3132,8415,65836,107264,31147,47943,71688,99630,24347,5178,8451,12592,11131,19086,23110,46462,46668,42315,12499
114,0.0871,0.08709,0.08708,0.08707,0.08706,0.08705,0.08704,0.08703,0.08702,0.08701,0.08711,0.08712,0.08713,0.08714,0.08715,0.08716,0.08717,0.08718,0.08719,0.0872,9487,8952,6641,39605,63416,38207,36206,80060,89433,30555,202,6330,10427,14006,25565,58932,14191,25258,79855,77583
115,0.08708,0.08707,0.08706,0.08705,0.08704,0.08703,0.08702,0.08701,0.087,0.08699,0.08709,0.0871,0.08711,0.08712,0.08713,0.08714,0.08715,0.08716,0.08717,0.08718,185,1644,6041,44468,48174,81239,70951,67071,67393,7171,15919,21609,48274,25083,15580,19649,33328,43618,70454,24812
116,0.087,0.08699,0.08698,0.08697,0.08696,0.08695,0.08694,0.08693,0.08692,0.08691,0.08701,0.08702,0.08703,0.08704,0.08705,0.08706,0.08707,0.08708,0.08709,0.0871,6139,11858,34934,88211,22197,76556,106022,27656,21818,41141,66361,10277,12086,21515,24361,23511,35922,47428,27971,68811
117,0.08701,0.087,0.08699,0.08698,0.08697,0.08696,0.08695,0.08694,0.08693,0.08692,0.08702,0.08703,0.08704,0.08705,0.08706,0.08707,0.08708,0.08709,0.0871,0.08711,10836,11576,24094,79007,94094,56091,67151,96464,24342,22340,6151,62931,13257,16537,23792,21157,34567,35389,81409,46363
118,0.08708,0.08707,0.08706,0.08705,0.08704,0.08703,0.08702,0.08701,0.087,0.08699,0.08709,0.0871,0.08711,0.08712,0.08713,0.08714,0.08715,0.08716,0.08717,0.08718,7756,19707,20839,21834,50606,76740,69905,56517,89581,24319,6153,3196,6203,12908,7077,7077,38166,78150,68313,38892
119,0.08713,0.08712,0.08711,0.0871,0.08709,0.08708,0.08707,0.08706,0.08705,0.08704,0.08714,0.08715,0.08716,0.08717,0.08718,0.08719,0.0872,0.08721,0.08722,0.08723,4851,5728,25485,100920,88935,42808,38895,96952,25107,50285,8854,17617,5838,5289,18813,57659,38530,29194,32579,58074
120,0.08715,0.08714,0.08713,0.08712,0.08711,0.0871,0.08709,0.08708,0.08707,0.08706,0.08716,0.08717,0.08718,0.08719,0.0872,0.08721,0.08722,0.08723,0.08724,0.08725,9937,16216,53596,95433,64057,92870,80791,11208,43728,96952,1457,3203,14241,43409,20669,46052,41087,59269,40014,80921
121,0.0872,0.08719,0.08718,0.08717,0.08716,0.08715,0.08714,0.08713,0.08712,0.08711,0.08721,0.08722,0.08723,0.08724,0.08725,0.08726,0.08727,0.08728,0.08729,0.0873,18599,8841,26835,48091,34795,100029,68833,52624,75035,46922,1671,10202,16499,28849,46551,38062,14003,40905,103139,53561
122,0.08719,0.08718,0.08717,0.08716,0.08715,0.08714,0.08713,0.08712,0.08711,0.0871,0.0872,0.08721,0.08722,0.08723,0.08724,0.08725,0.08726,0.08727,0.08728,0.08729,8283,14722,39509,43588,94626,77311,41046,86513,47661,69863,7855,9353,9339,19704,40999,52468,61998,35973,46635,84999
123,0.08712,0.08711,0.0871,0.08709,0.08708,0.08707,0.08706,0.08705,0.08704,0.08703,0.08713,0.08714,0.08715,0.08716,0.08717,0.08718,0.08719,0.0872,0.08721,0.08722,6648,7728,23628,45583,48543,68904,136506,35795,42235,71732,10091,5936,16563,36340,20622,69118,36881,90451,62670,30116
124,0.08712,0.08711,0.0871,0.08709,0.08708,0.08707,0.08706,0.08705,0.08704,0.08703,0.08713,0.08714,0.08715,0.08716,0.08717,0.08718,0.08719,0.0872,0.08721,0.08722,6205,17745,31511,93177,43678,47760,129366,35795,7081,68514,7183,4361,12870,22164,11608,20977,49792,132389,83388,27331
125,0.08719,0.08718,0.08717,0.08716,0.08715,0.08714,0.08713,0.08712,0.08711,0.0871,0.0872,0.08721,0.08722,0.08723,0.08724,0.08725,0.08726,0.08727,0.08728,0.08729,17478,22438,33259,45958,94135,66219,30023,55088,43991,59959,449,1487,2684,13117,42691,18149,20639,44040,32391,96388
126,0.08729,0.08728,0.08727,0.08726,0.08725,0.08724,0.08723,0.08722,0.08721,0.0872,0.0873,0.08731,0.08732,0.08733,0.08734,0.08735,0.08736,0.08737,0.08738,0.08739,8114,15899,38077,63759,65993,48465,89569,57932,18012,10655,5861,2951,8606,12849,13292,37958,56810,82649,60476,76192
127,0.08736,0.08735,0.08734,0.08733,0.08732,0.08731,0.0873,0.08729,0.08728,0.08727,0.08737,0.08738,0.08739,0.0874,0.08741,0.08742,0.08743,0.08744,0.08745,0.08746,10358,28386,14467,34004,75074,76034,16266,11602,55562,82726,1791,3066,18726,46773,15814,19213,52213,66752,30341,66398
128,0.08736,0.08735,0.08734,0.08733,0.08732,0.08731,0.0873,0.08729,0.08728,0.08727,0.08737,0.08738,0.08739,0.0874,0.08741,0.08742,0.08743,0.08744,0.08745,0.08746,8661,21036,21672,46492,31363,80506,24046,39129,102654,30036,6422,5990,10085,23438,48329,18856,53565,86562,36060,66398
129,0.08734,0.08733,0.08732,0.08731,0.0873,0.08729,0.08728,0.08727,0.08726,0.08725,0.08735,0.08736,0.08737,0.08738,0.08739,0.0874,0.08741,0.08742,0.08743,0.08744,178,3564,15491,48437,20776,46653,110200,27118,77693,66473,11193,7070,10224,23719,45601,40107,116097,75477,43988,61364
130,0.08733,0.08732,0.08731,0.0873,0.08729,0.08728,0.08727,0.08726,0.08725,0.08724,0.08734,0.08735,0.08736,0.08737,0.08738,0.08739,0.0874,0.08741,0.08742,0.08743,178,4729,13367,17577,47531,83636,28740,38452,66474,69302,10173,7667,15854,51174,25310,51593,71308,45762,71001,78032
131,0.08746,0.08745,0.08744,0.08743,0.08742,0.08741,0.0874,0.08739,0.08738,0.08737,0.08747,0.08748,0.08749,0.0875,0.08751,0.08752,0.08753,0.08754,0.08755,0.08756,264,1619,5340,26211,51087,67198,47490,34285,77795,70593,13752,48649,47370,21509,28893,26048,23342,9806,44598,113215
132,0.08746,0.08745,0.08744,0.08743,0.08742,0.08741,0.0874,0.08739,0.08738,0.08737,0.08747,0.08748,0.08749,0.0875,0.08751,0.08752,0.08753,0.08754,0.08755,0.08756,2956,17367,32931,38200,112075,102222,13837,20443,72225,70593,57600,7203,15678,19382,23152,54566,47209,39685,65207,116071
133,0.08746,0.08745,0.08744,0.08743,0.08742,0.08741,0.0874,0.08739,0.08738,0.08737,0.08747,0.08748,0.08749,0.0875,0.08751,0.08752,0.08753,0.08754,0.08755,0.08756,37401,28770,81934,34115,55509,117788,78235,11798,55071,26949,993,2259,1908,19091,17789,21696,25403,47463,17693,63089
134,0.08747,0.08746,0.08745,0.08744,0.08743,0.08742,0.08741,0.0874,0.08739,0.08738,0.08748,0.08749,0.0875,0.08751,0.08752,0.08753,0.08754,0.08755,0.08756,0.08757,75867,31046,21930,65555,38559,54096,86692,58811,11728,55071,58177,2951,11971,21080,25030,45857,23541,29746,42773,130688
135,0.08736,0.08735,0.08734,0.08733,0.08732,0.08731,0.0873,0.08729,0.08728,0.08727,0.08737,0.08738,0.08739,0.0874,0.08741,0.08742,0.08743,0.08744,0.08745,0.08746,2976,7146,13882,40433,85068,86080,9848,77432,66536,88829,7329,3962,7504,24049,15568,21667,23130,75161,66529,37196
136,0.08735,0.08734,0.08733,0.08732,0.08731,0.0873,0.08729,0.08728,0.08727,0.08726,0.08736,0.08737,0.08738,0.08739,0.0874,0.08741,0.08742,0.08743,0.08744,0.08745,33533,24863,30337,88172,82708,42690,64242,55078,114274,7066,5919,3066,6468,17352,15695,14190,17212,23233,54436,98346
137,0.08728,0.08727,0.08726,0.08725,0.08724,0.08723,0.08722,0.08721,0.0872,0.08719,0.08729,0.0873,0.08731,0.08732,0.08733,0.08734,0.08735,0.08736,0.08737,0.08738,179,4420,26777,91449,61364,79158,90395,41262,7070,58311,8583,17290,27316,21853,26632,26500,57244,76985,23582,67918
138,0.08723,0.08722,0.08721,0.0872,0.08719,0.08718,0.08717,0.08716,0.08715,0.08714,0.08724,0.08725,0.08726,0.08727,0.08728,0.08729,0.0873,0.08731,0.08732,0.08733,11728,14115,35468,69392,63000,94906,40584,7071,40181,48436,1993,1405,13847,40443,18923,21834,24930,71571,53174,67612
139,0.08724,0.08723,0.08722,0.08721,0.0872,0.08719,0.08718,0.08717,0.08716,0.08715,0.08725,0.08726,0.08727,0.08728,0.08729,0.0873,0.08731,0.08732,0.08733,0.08734,3825,26556,31291,40301,85911,64936,97774,37798,20910,32843,7761,11405,13978,13933,17960,29381,33800,38921,115390,43858
140,0.08723,0.08722,0.08721,0.0872,0.08719,0.08718,0.08717,0.08716,0.08715,0.08714,0.08724,0.08725,0.08726,0.08727,0.08728,0.08729,0.0873,0.08731,0.08732,0.08733,265,1555,17741,53344,29146,62689,29113,32384,32843,48436,6435,8121,32249,67143,15415,30756,66585,52850,63032,80623
141,0.08717,0.08716,0.08715,0.08714,0.08713,0.08712,0.08711,0.0871,0.08709,0.08708,0.08718,0.08719,0.0872,0.08721,0.08722,0.08723,0.08724,0.08725,0.08726,0.08727,10164,25603,34778,127839,84196,23314,20634,96454,66173,21516,1955,2387,9115,14898,14630,19852,16271,31775,99052,48728
142,0.08715,0.08714,0.08713,0.08712,0.08711,0.0871,0.08709,0.08708,0.08707,0.08706,0.08716,0.08717,0.08718,0.08719,0.0872,0.08721,0.08722,0.08723,0.08724,0.08725,10604,14907,38245,30742,91147,102657,81729,9050,58297,48418,5955,5810,9903,21012,13325,24768,53617,93635,37926,53061
143,0.08714,0.08713,0.08712,0.08711,0.0871,0.08709,0.08708,0.08707,0.08706,0.08705,0.08715,0.08716,0.08717,0.08718,0.08719,0.0872,0.08721,0.08722,0.08723,0.08724,21973,21510,32543,78423,104485,49618,20534,78356,48418,41340,5840,12799,13366,17362,15851,19999,19034,59672,121782,13575
144,0.08721,0.0872,0.08719,0.08718,0.08717,0.08716,0.08715,0.08714,0.08713,0.08712,0.08722,0.08723,0.08724,0.08725,0.08726,0.08727,0.08728,0.08729,0.0873,0.08731,25036,21265,33736,27353,33747,64089,58726,69454,57451,17659,57498,1555,6703,20966,36452,44597,15373,36510,76975,85022
145,0.08721,0.0872,0.08719,0.08718,0.08717,0.08716,0.08715,0.08714,0.08713,0.08712,0.08722,0.08723,0.08724,0.08725,0.08726,0.08727,0.08728,0.08729,0.0873,0.08731,26982,13215,40057,33620,90168,67850,9945,66931,53513,15682,29154,2547,7175,13041,20166,35620,38775,32829,79169,88064
146,0.08713,0.08712,0.08711,0.0871,0.08709,0.08708,0.08707,0.08706,0.08705,0.08704,0.08714,0.08715,0.08716,0.08717,0.08718,0.08719,0.0872,0.08721,0.08722,0.08723,4851,1486,18425,29611,63192,72296,66346,48418,31218,66617,11155,10220,16824,48906,89230,73161,52009,40256,52606,58871
147,0.08712,0.08711,0.0871,0.08709,0.08708,0.08707,0.08706,0.08705,0.08704,0.08703,0.08713,0.08714,0.08715,0.08716,0.08717,0.08718,0.08719,0.0872,0.08721,0.08722,9917,17164,24372,66904,48718,68597,50415,31287,61428,27070,3194,6310,9654,29407,41626,36792,67605,68054,71168,53803
148,0.08713,0.08712,0.08711,0.0871,0.08709,0.08708,0.08707,0.08706,0.08705,0.08704,0.08714,0.08715,0.08716,0.08717,0.08718,0.08719,0.0872,0.08721,0.08722,0.08723,12961,15885,22240,25625,30793,99761,68597,61628,34132,61229,4913,7955,21946,41626,32157,77797,69942,74035,42336,55884
149,0.08706,0.08705,0.08704,0.08703,0.08702,0.08701,0.087,0.08699,0.08698,0.08697,0.08707,0.08708,0.08709,0.0871,0.08711,0.08712,0.08713,0.08714,0.08715,0.08716,8856,29362,21697,33421,52613,104305,30332,69009,55074,12754,2056,1493,9687,11567,39146,104823,35565,23189,56553,85305
150,0.08704,0.08703,0.08702,0.08701,0.087,0.08699,0.08698,0.08697,0.08696,0.08695,0.08705,0.08706,0.08707,0.08708,0.08709,0.0871,0.08711,0.08712,0.08713,0.08714,6305,20784,30449,34684,70320,52913,81611,33343,32806,58309,1733,2952,9384,21370,32924,18156,50719,102424,43546,23562
151,0.08709,0.08708,0.08707,0.08706,0.08705,0.08704,0.08703,0.08702,0.08701,0.087,0.0871,0.08711,0.08712,0.08713,0.08714,0.08715,0.08716,0.08717,0.08718,0.08719,27617,18780,25879,56243,66594,58680,57149,12322,55072,55412,180,62981,16103,33853,15097,32146,80763,103796,48542,61012
152,0.08707,0.08706,0.08705,0.08704,0.08703,0.08702,0.08701,0.087,0.08699,0.08698,0.08708,0.08709,0.0871,0.08711,0.08712,0.08713,0.08714,0.08715,0.08716,0.08717,3051,3132,17929,27328,26379,77377,85865,49561,48997,96761,10607,9429,16324,31820,69285,43167,26978,58029,79568,99953
153,0.08708,0.08707,0.08706,0.08705,0.08704,0.08703,0.08702,0.08701,0.087,0.08699,0.08709,0.0871,0.08711,0.08712,0.08713,0.08714,0.08715,0.08716,0.08717,0.08718,21169,14540,20109,41467,87579,115539,21113,55072,49561,54621,1271,49429,10133,30508,65540,12022,36109,79568,91675,26851
154,0.08707,0.08706,0.08705,0.08704,0.08703,0.08702,0.08701,0.087,0.08699,0.08698,0.08708,0.08709,0.0871,0.08711,0.08712,0.08713,0.08714,0.08715,0.08716,0.08717,4790,3132,22144,27879,31111,103649,68564,47562,54673,96761,6843,8603,8994,22519,36286,98444,43591,43517,91043,70593
155,0.08701,0.087,0.08699,0.08698,0.08697,0.08696,0.08695,0.08694,0.08693,0.08692,0.08702,0.08703,0.08704,0.08705,0.08706,0.08707,0.08708,0.08709,0.0871,0.08711,6674,3901,10330,15887,19811,70081,18651,41083,77342,96441,14596,11140,28302,13641,38454,106078,53543,90762,67379,18560
156,0.08701,0.087,0.08699,0.08698,0.08697,0.08696,0.08695,0.08694,0.08693,0.08692,0.08702,0.08703,0.08704,0.08705,0.08706,0.08707,0.08708,0.08709,0.0871,0.08711,30326,20681,23268,22339,31876,23471,16375,103291,55078,20966,1009,2805,24418,13513,29111,65513,55258,68843,90547,26912
157,0.08712,0.08711,0.0871,0.08709,0.08708,0.08707,0.08706,0.08705,0.08704,0.08703,0.08713,0.08714,0.08715,0.08716,0.08717,0.08718,0.08719,0.0872,0.08721,0.08722,10952,13337,11394,22617,66476,12627,74663,107742,31212,10876,5959,1974,6530,18514,30674,38530,70009,57430,71369,45937
158,0.0871,0.08709,0.08708,0.08707,0.08706,0.08705,0.08704,0.08703,0.08702,0.08701,0.08711,0.08712,0.08713,0.08714,0.08715,0.08716,0.08717,0.08718,0.08719,0.0872,6074,10117,22828,25962,33450,35897,55977,100253,13277,35817,8157,36108,41469,15393,42212,92674,41795,29701,67444,28079
159,0.08716,0.08715,0.08714,0.08713,0.08712,0.08711,0.0871,0.08709,0.08708,0.08707,0.08717,0.08718,0.08719,0.0872,0.08721,0.08722,0.08723,0.08724,0.08725,0.08726,17365,9867,15370,31209,39154,23271,13361,72747,75100,48977,6206,3067,4902,25503,56219,25067,61516,36020,72516,80788
160,0.08716,0.08715,0.08714,0.08713,0.08712,0.08711,0.0871,0.08709,0.08708,0.08707,0.08717,0.08718,0.08719,0.0872,0.08721,0.08722,0.08723,0.08724,0.08725,0.08726,7194,17534,13122,29454,38698,41083,21342,74793,75100,46954,6854,7311,26235,70220,56876,31465,65231,60392,81114,86519
161,0.0872,0.08719,0.08718,0.08717,0.08716,0.08715,0.08714,0.08713,0.08712,0.08711,0.08721,0.08722,0.08723,0.08724,0.08725,0.08726,0.08727,0.08728,0.08729,0.0873,5505,15759,15567,42909,36866,113184,84025,10997,28933,103202,12219,8555,4589,16303,58228,85188,25871,48516,29957,31864
162,0.08719,0.08718,0.08717,0.08716,0.08715,0.08714,0.08713,0.08712,0.08711,0.0871,0.0872,0.08721,0.08722,0.08723,0.08724,0.08725,0.08726,0.08727,0.08728,0.08729,9421,6479,20300,71199,21999,25614,10997,86114,97339,20691,7794,9563,21812,71659,42278,41072,82314,39270,73993,72009
163,0.08719,0.08718,0.08717,0.08716,0.08715,0.08714,0.08713,0.08712,0.08711,0.0871,0.0872,0.08721,0.08722,0.08723,0.08724,0.08725,0.08726,0.08727,0.08728,0.08729,8852,9131,26036,48319,52417,25614,10997,74635,97339,20691,3072,9563,21812,71659,42278,41072,85644,52243,73993,60551
164,0.08715,0.08714,0.08713,0.08712,0.08711,0.0871,0.08709,0.08708,0.08707,0.08706,0.08716,0.08717,0.08718,0.08719,0.0872,0.08721,0.08722,0.08723,0.08724,0.08725,9017,16461,26191,31925,34531,21521,75565,72315,49739,13088,59043,2952,5899,28143,66550,41020,36624,88761,86426,36884
165,0.08713,0.08712,0.08711,0.0871,0.08709,0.08708,0.08707,0.08706,0.08705,0.08704,0.08714,0.08715,0.08716,0.08717,0.08718,0.08719,0.0872,0.08721,0.08722,0.08723,9976,14465,6786,35103,19760,30566,15780,7456,84848,81406,58025,3131,5664,15903,13374,40341,98927,47532,50171,68561
166,0.08704,0.08703,0.08702,0.08701,0.087,0.08699,0.08698,0.08697,0.08696,0.08695,0.08705,0.08706,0.08707,0.08708,0.08709,0.0871,0.08711,0.08712,0.08713,0.08714,8844,1644,1911,20462,39585,71050,25125,43511,83516,56649,3946,3752,22770,65963,21962,34097,97883,64944,55404,73298
167,0.08691,0.0869,0.08689,0.08688,0.08687,0.08686,0.08685,0.08684,0.08683,0.08682,0.08692,0.08693,0.08694,0.08695,0.08696,0.08697,0.08698,0.08699,0.087,0.08701,9099,3046,7825,24286,20617,31817,68024,74518,29950,53095,8215,65697,23898,10446,12626,28302,74702,59644,20149,65711
168,0.08704,0.08703,0.08702,0.08701,0.087,0.08699,0.08698,0.08697,0.08696,0.08695,0.08705,0.08706,0.08707,0.08708,0.08709,0.0871,0.08711,0.08712,0.08713,0.08714,19466,21144,4434,9944,88870,23224,48255,20904,9870,97351,336,1621,4534,14602,15438,29654,112939,56832,34763,95679
169,0.08706,0.08705,0.08704,0.08703,0.08702,0.08701,0.087,0.08699,0.08698,0.08697,0.08707,0.08708,0.08709,0.0871,0.08711,0.08712,0.08713,0.08714,0.08715,0.08716,20971,16669,28713,33419,20879,76798,59719,49334,32839,16509,5489,3219,4263,33028,80842,28588,54886,72444,44720,81800
170,0.08706,0.08705,0.08704,0.08703,0.08702,0.08701,0.087,0.08699,0.08698,0.08697,0.08707,0.08708,0.08709,0.0871,0.08711,0.08712,0.08713,0.08714,0.08715,0.08716,7268,1308,10173,22054,34124,20685,65817,66568,32839,10670,7964,5759,9810,29718,86803,22848,59434,72444,50453,82080
171,0.08703,0.08702,0.08701,0.087,0.08699,0.08698,0.08697,0.08696,0.08695,0.08694,0.08704,0.08705,0.08706,0.08707,0.08708,0.08709,0.0871,0.08711,0.08712,0.08713,17215,19125,6864,18903,26709,40035,22169,55099,53809,24824,2835,7069,11032,47592,96032,24927,39375,106373,48528,23353
172,0.08707,0.08706,0.08705,0.08704,0.08703,0.08702,0.08701,0.087,0.08699,0.08698,0.08708,0.08709,0.0871,0.08711,0.08712,0.08713,0.08714,0.08715,0.08716,0.08717,20389,22915,11783,30841,12098,43057,12500,103631,49020,27109,5456,5296,10923,26798,21822,58271,66653,50301,96060,60459
173,0.08724,0.08723,0.08722,0.08721,0.0872,0.08719,0.08718,0.08717,0.08716,0.08715,0.08725,0.08726,0.08727,0.08728,0.08729,0.0873,0.08731,0.08732,0.08733,0.08734,19350,21521,7293,42400,14457,21090,51540,100286,24279,7161,3305,1995,3709,18024,42007,22105,38619,59164,31660,20944
174,0.08733,0.08732,0.08731,0.0873,0.08729,0.08728,0.08727,0.08726,0.08725,0.08724,0.08734,0.08735,0.08736,0.08737,0.08738,0.08739,0.0874,0.08741,0.08742,0.08743,26656,19969,31936,40840,27405,57141,72323,48478,79518,12851,2311,12561,33904,15814,41430,31067,12225,17114,54584,103432
175,0.08733,0.08732,0.08731,0.0873,0.08729,0.08728,0.08727,0.08726,0.08725,0.08724,0.08734,0.08735,0.08736,0.08737,0.08738,0.08739,0.0874,0.08741,0.08742,0.08743,6499,22323,9635,48168,66412,57141,21406,48968,79613,7067,6119,7795,7851,26878,65475,22046,61426,26038,66725,114872
176,0.08733,0.08732,0.08731,0.0873,0.08729,0.08728,0.08727,0.08726,0.08725,0.08724,0.08734,0.08735,0.08736,0.08737,0.08738,0.08739,0.0874,0.08741,0.08742,0.08743,21812,4787,15675,36786,29430,57141,21406,99615,71434,7067,6342,7795,9372,24605,61787,27768,55705,25638,58874,121382
177,0.08738,0.08737,0.08736,0.08735,0.08734,0.08733,0.08732,0.08731,0.0873,0.08729,0.08739,0.0874,0.08741,0.08742,0.08743,0.08744,0.08745,0.08746,0.08747,0.08748,13149,9751,16348,24040,50311,10483,63891,57162,103087,7864,6736,3652,4903,18475,44005,21580,27477,74230,47866,48174
178,0.08736,0.08735,0.08734,0.08733,0.08732,0.08731,0.0873,0.08729,0.08728,0.08727,0.08737,0.08738,0.08739,0.0874,0.08741,0.08742,0.08743,0.08744,0.08745,0.08746,14450,18163,32510,19683,19952,104055,103087,7864,57078,34729,2590,7102,6512,10933,22691,36216,47071,10911,32004,77929
179,0.08735,0.08734,0.08733,0.08732,0.08731,0.0873,0.08729,0.08728,0.08727,0.08726,0.08736,0.08737,0.08738,0.08739,0.0874,0.08741,0.08742,0.08743,0.08744,0.08745,9351,9192,7634,17853,7148,74224,30424,57863,37332,70337,34382,22693,9651,17141,31809,71013,42798,20220,17367,38403
180,0.0874,0.08739,0.08738,0.08737,0.08736,0.08735,0.08734,0.08733,0.08732,0.08731,0.08741,0.08742,0.08743,0.08744,0.08745,0.08746,0.08747,0.08748,0.08749,0.0875,9003,11589,8975,12971,32812,144817,64822,10470,7061,55648,1430,3192,9427,18450,10953,25021,34370,44045,82025,9852
181,0.08743,0.08742,0.08741,0.0874,0.08739,0.08738,0.08737,0.08736,0.08735,0.08734,0.08744,0.08745,0.08746,0.08747,0.08748,0.08749,0.0875,0.08751,0.08752,0.08753,9641,11589,18447,16999,81448,31975,10765,53663,103693,59189,1476,3731,4596,13408,13385,29026,27011,26120,86984,55607
182,0.08738,0.08737,0.08736,0.08735,0.08734,0.08733,0.08732,0.08731,0.0873,0.08729,0.08739,0.0874,0.08741,0.08742,0.08743,0.08744,0.08745,0.08746,0.08747,0.08748,4842,1399,5945,35162,25488,29904,56076,58433,93005,9849,18877,23114,26346,31950,74802,29480,45228,66177,27634,32006
183,0.0874,0.08739,0.08738,0.08737,0.08736,0.08735,0.08734,0.08733,0.08732,0.08731,0.08741,0.08742,0.08743,0.08744,0.08745,0.08746,0.08747,0.08748,0.08749,0.0875,13375,5297,13556,19831,19121,30836,30436,26829,27180,106455,264,13355,6421,20399,46866,60765,21222,34321,130206,39446
184,0.08747,0.08746,0.08745,0.08744,0.08743,0.08742,0.08741,0.0874,0.08739,0.08738,0.08748,0.08749,0.0875,0.08751,0.08752,0.08753,0.08754,0.08755,0.08756,0.08757,7033,7266,12654,13347,21504,88586,95172,21689,47111,117108,7549,11669,8793,16308,15346,17271,37516,89221,25856,23569
185,0.08744,0.08743,0.08742,0.08741,0.0874,0.08739,0.08738,0.08737,0.08736,0.08735,0.08745,0.08746,0.08747,0.08748,0.08749,0.0875,0.08751,0.08752,0.08753,0.08754,20838,16670,31294,22711,23103,59680,159143,9843,7491,66959,1063,1485,9854,21695,30582,30116,34406,59304,32029,78945
186,0.08749,0.08748,0.08747,0.08746,0.08745,0.08744,0.08743,0.08742,0.08741,0.0874,0.0875,0.08751,0.08752,0.08753,0.08754,0.08755,0.08756,0.08757,0.08758,0.08759,5575,7279,18484,41143,23881,57608,75700,72604,7855,18426,5732,8441,4509,7727,17932,34868,12738,36038,71246,34674
187,0.0875,0.08749,0.08748,0.08747,0.08746,0.08745,0.08744,0.08743,0.08742,0.08741,0.08751,0.08752,0.08753,0.08754,0.08755,0.08756,0.08757,0.08758,0.08759,0.0876,7183,8997,10199,21067,73755,33780,63025,93283,69819,7855,16712,8541,6992,25551,84588,16344,23310,69671,42088,65524
188,0.0875,0.08749,0.08748,0.08747,0.08746,0.08745,0.08744,0.08743,0.08742,0.08741,0.08751,0.08752,0.08753,0.08754,0.08755,0.08756,0.08757,0.08758,0.08759,0.0876,4775,1554,18209,21153,118811,42472,70695,96068,65573,10640,6076,3866,9549,12291,13626,29596,40449,71817,44292,65524
189,0.08751,0.0875,0.08749,0.08748,0.08747,0.08746,0.08745,0.08744,0.08743,0.08742,0.08752,0.08753,0.08754,0.08755,0.08756,0.08757,0.08758,0.08759,0.0876,0.08761,1803,8159,7623,7751,21153,138324,26640,59576,96068,68358,8027,5099,10145,14505,30157,51979,60814,33291,72001,70126
190,0.0875,0.08749,0.08748,0.08747,0.08746,0.08745,0.08744,0.08743,0.08742,0.08741,0.08751,0.08752,0.08753,0.08754,0.08755,0.08756,0.08757,0.08758,0.08759,0.0876,9882,9129,11837,21177,75652,20995,51910,67122,68358,7855,6383,8277,10271,11856,15058,27891,46107,68410,44710,71358
191,0.08752,0.08751,0.0875,0.08749,0.08748,0.08747,0.08746,0.08745,0.08744,0.08743,0.08753,0.08754,0.08755,0.08756,0.08757,0.08758,0.08759,0.0876,0.08761,0.08762,25208,14114,24419,25846,18741,44538,148259,12419,11322,62640,264,3497,6989,23191,58727,60814,27582,74087,72861,20757
192,0.08756,0.08755,0.08754,0.08753,0.08752,0.08751,0.0875,0.08749,0.08748,0.08747,0.08757,0.08758,0.08759,0.0876,0.08761,0.08762,0.08763,0.08764,0.08765,0.08766,264,419,9142,18761,18287,106367,35619,46894,8585,7069,5623,28643,11540,10017,17184,78026,33911,32612,71151,24267
193,0.08748,0.08747,0.08746,0.08745,0.08744,0.08743,0.08742,0.08741,0.0874,0.08739,0.08749,0.0875,0.08751,0.08752,0.08753,0.08754,0.08755,0.08756,0.08757,0.08758,17721,6889,15758,23658,62974,65602,15635,61128,7545,94558,1463,3299,10635,23436,32291,21625,27723,70108,70119,43360
194,0.08741,0.0874,0.08739,0.08738,0.08737,0.08736,0.08735,0.08734,0.08733,0.08732,0.08742,0.08743,0.08744,0.08745,0.08746,0.08747,0.08748,0.08749,0.0875,0.08751,10432,4271,86490,29068,18737,38575,107972,24231,30209,47303,2663,4182,9304,11709,21619,26059,30610,21622,21143,34120
195,0.08728,0.08727,0.08726,0.08725,0.08724,0.08723,0.08722,0.08721,0.0872,0.08719,0.08729,0.0873,0.08731,0.08732,0.08733,0.08734,0.08735,0.08736,0.08737,0.08738,1899,3216,4774,19935,39383,56519,102257,38914,7044,75123,15451,16860,25420,15774,35200,62078,20840,31069,41133,58313
196,0.08721,0.0872,0.08719,0.08718,0.08717,0.08716,0.08715,0.08714,0.08713,0.08712,0.08722,0.08723,0.08724,0.08725,0.08726,0.08727,0.08728,0.08729,0.0873,0.08731,16158,9066,18908,45660,39112,57870,57103,31687,55064,10258,2262,1486,14086,21933,40971,63567,19880,25933,88435,77796
197,0.0872,0.08719,0.08718,0.08717,0.08716,0.08715,0.08714,0.08713,0.08712,0.08711,0.08721,0.08722,0.08723,0.08724,0.08725,0.08726,0.08727,0.08728,0.08729,0.0873,24156,16787,18223,37207,117987,35841,11498,106706,63100,24340,3829,1400,10084,19659,17804,37812,11151,17321,33332,82488
198,0.08727,0.08726,0.08725,0.08724,0.08723,0.08722,0.08721,0.0872,0.08719,0.08718,0.08728,0.08729,0.0873,0.08731,0.08732,0.08733,0.08734,0.08735,0.08736,0.08737,43417,13692,22711,85633,80013,22900,64048,100865,29323,15303,5708,3039,4804,13771,12344,28672,74526,68600,81256,30677
199,0.08737,0.08736,0.08735,0.08734,0.08733,0.08732,0.08731,0.0873,0.08729,0.08728,0.08738,0.08739,0.0874,0.08741,0.08742,0.08743,0.08744,0.08745,0.08746,0.08747,29533,12899,14016,19935,68111,71690,44709,67142,62591,50950,6122,3060,13647,41501,20041,47939,70923,20704,44108,123219
200,0.08741,0.0874,0.08739,0.08738,0.08737,0.08736,0.08735,0.08734,0.08733,0.08732,0.08742,0.08743,0.08744,0.08745,0.08746,0.08747,0.08748,0.08749,0.0875,0.08751,15595,3866,8487,25664,35941,63920,75628,12364,57971,99223,5638,16378,34947,13306,14885,29034,43938,79015,37680,65836
201,0.0874,0.08739,0.08738,0.08737,0.08736,0.08735,0.08734,0.08733,0.08732,0.08731,0.08741,0.08742,0.08743,0.08744,0.08745,0.08746,0.08747,0.08748,0.08749,0.0875,9467,4410,21646,19459,62146,82200,57072,35690,97960,27462,6213,9552,14883,49048,9374,15689,30401,51774,66600,12698
202,0.08752,0.08751,0.0875,0.08749,0.08748,0.08747,0.08746,0.08745,0.08744,0.08743,0.08753,0.08754,0.08755,0.08756,0.08757,0.08758,0.08759,0.0876,0.08761,0.08762,29447,14542,12244,30222,29266,21278,19271,55151,103195,24292,5975,1839,3192,18050,45746,26638,12077,15286,17759,29347
203,0.08735,0.08734,0.08733,0.08732,0.08731,0.0873,0.08729,0.08728,0.08727,0.08726,0.08736,0.08737,0.08738,0.08739,0.0874,0.08741,0.08742,0.08743,0.08744,0.08745,16452,20984,1908,136239,43926,42037,101254,52123,52917,58286,4541,7072,17973,12274,19140,20083,35313,66608,60949,65510
204,0.08739,0.08738,0.08737,0.08736,0.08735,0.08734,0.08733,0.08732,0.08731,0.0873,0.0874,0.08741,0.08742,0.08743,0.08744,0.08745,0.08746,0.08747,0.08748,0.08749,44019,15987,7034,22978,42775,48694,60253,56725,91385,55077,7344,3814,10938,29801,19352,63863,12905,17414,37566,29929
205,0.08738,0.08737,0.08736,0.08735,0.08734,0.08733,0.08732,0.08731,0.0873,0.08729,0.08739,0.0874,0.08741,0.08742,0.08743,0.08744,0.08745,0.08746,0.08747,0.08748,3108,1554,12800,51411,14257,70603,69367,25119,55077,75577,8380,9117,9958,14695,40977,30291,68882,25290,78461,87378
206,0.08734,0.08733,0.08732,0.08731,0.0873,0.08729,0.08728,0.08727,0.08726,0.08725,0.08735,0.08736,0.08737,0.08738,0.08739,0.0874,0.08741,0.08742,0.08743,0.08744,18017,13677,17650,32489,9848,66517,63155,38231,57073,75611,2108,5425,14749,18234,24381,13940,31374,86242,116868,55406
207,0.08734,0.08733,0.08732,0.08731,0.0873,0.08729,0.08728,0.08727,0.08726,0.08725,0.08735,0.08736,0.08737,0.08738,0.08739,0.0874,0.08741,0.08742,0.08743,0.08744,8167,3129,13478,42564,9848,77568,51697,37288,57073,75611,12610,10889,18638,30162,24381,17983,34544,112830,110260,29096
208,0.08727,0.08726,0.08725,0.08724,0.08723,0.08722,0.08721,0.0872,0.08719,0.08718,0.08728,0.08729,0.0873,0.08731,0.08732,0.08733,0.08734,0.08735,0.08736,0.08737,9500,1992,7909,72467,27622,18534,76050,119900,24285,27140,11934,9292,13657,10547,21202,37491,49122,70316,53070,31573
209,0.08727,0.08726,0.08725,0.08724,0.08723,0.08722,0.08721,0.0872,0.08719,0.08718,0.08728,0.08729,0.0873,0.08731,0.08732,0.08733,0.08734,0.08735,0.08736,0.08737,6750,3130,13640,19324,29802,15667,26445,122685,27070,106293,5604,6288,13508,13410,21063,31787,31303,101340,59194,80845
210,0.08731,0.0873,0.08729,0.08728,0.08727,0.08726,0.08725,0.08724,0.08723,0.08722,0.08732,0.08733,0.08734,0.08735,0.08736,0.08737,0.08738,0.08739,0.0874,0.08741,4405,10276,16730,22264,40139,29303,21313,95633,29097,7068,7782,6056,7558,20331,27912,28788,80322,40513,45070,42936
211,0.08736,0.08735,0.08734,0.08733,0.08732,0.08731,0.0873,0.08729,0.08728,0.08727,0.08737,0.08738,0.08739,0.0874,0.08741,0.08742,0.08743,0.08744,0.08745,0.08746,11990,13473,11229,34433,124321,27035,51767,67485,57015,24269,2365,1617,7301,9435,12062,53945,27178,30157,82502,39511
212,0.08737,0.08736,0.08735,0.08734,0.08733,0.08732,0.08731,0.0873,0.08729,0.08728,0.08738,0.08739,0.0874,0.08741,0.08742,0.08743,0.08744,0.08745,0.08746,0.08747,10002,8623,17306,21716,53907,110215,57227,80682,59294,68553,7338,6195,15377,18978,27386,57377,34845,62984,45807,68813
213,0.08742,0.08741,0.0874,0.08739,0.08738,0.08737,0.08736,0.08735,0.08734,0.08733,0.08743,0.08744,0.08745,0.08746,0.08747,0.08748,0.08749,0.0875,0.08751,0.08752,184,8930,7075,73348,62699,35301,83911,96533,12617,7559,16171,7851,7822,11177,28026,71272,12802,32619,67552,25482
214,0.08742,0.08741,0.0874,0.08739,0.08738,0.08737,0.08736,0.08735,0.08734,0.08733,0.08743,0.08744,0.08745,0.08746,0.08747,0.08748,0.08749,0.0875,0.08751,0.08752,9888,6070,13075,45021,17614,43885,92259,79920,31116,76372,5593,7851,7687,14743,40648,59217,28740,85412,64602,14055
215,0.08739,0.08738,0.08737,0.08736,0.08735,0.08734,0.08733,0.08732,0.08731,0.0873,0.0874,0.08741,0.08742,0.08743,0.08744,0.08745,0.08746,0.08747,0.08748,0.08749,115,4415,5601,32707,39662,17441,46991,123123,30174,31546,16081,13687,16431,35087,31651,44885,29848,98253,32427,12235
216,0.08734,0.08733,0.08732,0.08731,0.0873,0.08729,0.08728,0.08727,0.08726,0.08725,0.08735,0.08736,0.08737,0.08738,0.08739,0.0874,0.08741,0.08742,0.08743,0.08744,178,4480,1908,43711,18133,31291,62789,56243,71318,26356,18569,9159,19100,28407,21252,30451,68491,30712,58498,68288
217,0.0873,0.08729,0.08728,0.08727,0.08726,0.08725,0.08724,0.08723,0.08722,0.08721,0.08731,0.08732,0.08733,0.08734,0.08735,0.08736,0.08737,0.08738,0.08739,0.0874,2557,5994,1909,7931,27081,48909,113038,39829,27779,61468,8963,11225,10865,23532,28413,71320,60001,36349,17209,28968
218,0.08721,0.0872,0.08719,0.08718,0.08717,0.08716,0.08715,0.08714,0.08713,0.08712,0.08722,0.08723,0.08724,0.08725,0.08726,0.08727,0.08728,0.08729,0.0873,0.08731,13349,32573,42706,47822,81367,93723,35841,55063,107302,77114,20908,8265,11676,13786,15051,21314,46782,70666,47201,117449
219,0.08723,0.08722,0.08721,0.0872,0.08719,0.08718,0.08717,0.08716,0.08715,0.08714,0.08724,0.08725,0.08726,0.08727,0.08728,0.08729,0.0873,0.08731,0.08732,0.08733,36228,19537,17546,41092,57898,46023,92208,75533,41381,55063,2211,1486,3312,26821,31681,18527,14162,42661,74451,71760
220,0.08722,0.08721,0.0872,0.08719,0.08718,0.08717,0.08716,0.08715,0.08714,0.08713,0.08723,0.08724,0.08725,0.08726,0.08727,0.08728,0.08729,0.0873,0.08731,0.08732,10922,17330,28843,32125,45908,111695,98826,97920,55063,29150,24130,9133,12626,16187,29611,63154,19683,22843,51357,73977
221,0.08728,0.08727,0.08726,0.08725,0.08724,0.08723,0.08722,0.08721,0.0872,0.08719,0.08729,0.0873,0.08731,0.08732,0.08733,0.08734,0.08735,0.08736,0.08737,0.08738,34944,16965,24888,69042,124247,61901,52591,55083,54058,24356,665,1400,9300,24979,57557,20642,39157,83396,13691,27152
222,0.08738,0.08737,0.08736,0.08735,0.08734,0.08733,0.08732,0.08731,0.0873,0.08729,0.08739,0.0874,0.08741,0.08742,0.08743,0.08744,0.08745,0.08746,0.08747,0.08748,35786,10444,27669,43596,28669,72545,57742,49891,64820,91127,1408,419,6153,25317,59109,11860,24645,40059,66892,41001
223,0.08747,0.08746,0.08745,0.08744,0.08743,0.08742,0.08741,0.0874,0.08739,0.08738,0.08748,0.08749,0.0875,0.08751,0.08752,0.08753,0.08754,0.08755,0.08756,0.08757,5891,5212,13894,41434,35385,73771,28398,61145,80411,30194,7192,9874,13343,19227,39355,14510,29840,20990,22813,94931
224,0.0874,0.08739,0.08738,0.08737,0.08736,0.08735,0.08734,0.08733,0.08732,0.08731,0.08741,0.08742,0.08743,0.08744,0.08745,0.08746,0.08747,0.08748,0.08749,0.0875,6249,17378,11229,34959,133484,51877,42201,122542,54118,52888,4571,7483,7112,20178,41782,25330,66108,29380,60182,57841
225,0.08741,0.0874,0.08739,0.08738,0.08737,0.08736,0.08735,0.08734,0.08733,0.08732,0.08742,0.08743,0.08744,0.08745,0.08746,0.08747,0.08748,0.08749,0.0875,0.08751,10028,5596,12508,27833,42048,112509,55486,36831,102893,48425,8000,9167,31755,42218,27101,68732,22469,60182,61717,40574
226,0.08744,0.08743,0.08742,0.08741,0.0874,0.08739,0.08738,0.08737,0.08736,0.08735,0.08745,0.08746,0.08747,0.08748,0.08749,0.0875,0.08751,0.08752,0.08753,0.08754,20477,12238,19117,24961,44775,50196,23537,44479,107927,24800,6292,3629,5289,21048,43636,94018,24966,84871,76695,39431
227,0.08743,0.08742,0.08741,0.0874,0.08739,0.08738,0.08737,0.08736,0.08735,0.08734,0.08744,0.08745,0.08746,0.08747,0.08748,0.08749,0.0875,0.08751,0.08752,0.08753,15922,8493,15144,44116,43472,19676,57034,107927,27585,23068,1874,2354,7097,12467,18190,47616,95681,24966,67723,89119
228,0.08743,0.08742,0.08741,0.0874,0.08739,0.08738,0.08737,0.08736,0.08735,0.08734,0.08744,0.08745,0.08746,0.08747,0.08748,0.08749,0.0875,0.08751,0.08752,0.08753,7591,15463,28435,37345,44560,50772,55925,105902,44871,10511,7233,6368,9649,12903,18766,49352,88303,24966,85943,80031
229,0.08742,0.08741,0.0874,0.08739,0.08738,0.08737,0.08736,0.08735,0.08734,0.08733,0.08743,0.08744,0.08745,0.08746,0.08747,0.08748,0.08749,0.0875,0.08751,0.08752,10579,17036,31096,52937,17822,56006,109315,39842,62395,74952,1649,9211,15300,20218,28532,76520,64937,17509,50251,81149
230,0.08739,0.08738,0.08737,0.08736,0.08735,0.08734,0.08733,0.08732,0.08731,0.0873,0.0874,0.08741,0.08742,0.08743,0.08744,0.08745,0.08746,0.08747,0.08748,0.08749,178,1554,6551,24308,37738,38134,109552,68346,50344,55075,9543,22272,11313,22484,37450,22043,21667,44936,116688,73879
231,0.08744,0.08743,0.08742,0.08741,0.0874,0.08739,0.08738,0.08737,0.08736,0.08735,0.08745,0.08746,0.08747,0.08748,0.08749,0.0875,0.08751,0.08752,0.08753,0.08754,14466,13304,13490,32988,78719,51996,18524,42564,103418,24798,1227,8001,7514,30169,57631,18601,32127,92469,58994,44368
232,0.08755,0.08754,0.08753,0.08752,0.08751,0.0875,0.08749,0.08748,0.08747,0.08746,0.08756,0.08757,0.08758,0.08759,0.0876,0.08761,0.08762,0.08763,0.08764,0.08765,1981,5313,2708,11581,39009,32325,101662,71162,39319,73567,8126,10136,7572,9619,31603,57080,34095,59738,33011,75161
233,0.08756,0.08755,0.08754,0.08753,0.08752,0.08751,0.0875,0.08749,0.08748,0.08747,0.08757,0.08758,0.08759,0.0876,0.08761,0.08762,0.08763,0.08764,0.08765,0.08766,6752,4425,6841,21135,20345,34198,39126,83614,61878,39310,6170,17384,35527,16990,24412,23248,65158,20611,86572,83105
234,0.08753,0.08752,0.08751,0.0875,0.08749,0.08748,0.08747,0.08746,0.08745,0.08744,0.08754,0.08755,0.08756,0.08757,0.08758,0.08759,0.0876,0.08761,0.08762,0.08763,2067,4473,19931,31104,23108,70616,63560,97914,30841,108410,20922,12931,10453,18184,24369,34054,63374,36808,29233,56667
235,0.08743,0.08742,0.08741,0.0874,0.08739,0.08738,0.08737,0.08736,0.08735,0.08734,0.08744,0.08745,0.08746,0.08747,0.08748,0.08749,0.0875,0.08751,0.08752,0.08753,15116,5914,19329,42315,93768,65036,40582,96926,26229,88271,15158,7928,11853,19435,22951,21710,32298,37948,80680,25354
236,0.08739,0.08738,0.08737,0.08736,0.08735,0.08734,0.08733,0.08732,0.08731,0.0873,0.0874,0.08741,0.08742,0.08743,0.08744,0.08745,0.08746,0.08747,0.08748,0.08749,34815,22558,72369,70876,30160,37847,115569,104090,30074,60273,11550,11006,11727,15535,21838,32574,32845,15006,32380,70437
237,0.08738,0.08737,0.08736,0.08735,0.08734,0.08733,0.08732,0.08731,0.0873,0.08729,0.08739,0.0874,0.08741,0.08742,0.08743,0.08744,0.08745,0.08746,0.08747,0.08748,9267,16079,15225,52624,37847,107451,70076,89747,69270,32941,29062,9262,8950,11269,21690,17314,53831,84638,26440,27999
238,0.08743,0.08742,0.08741,0.0874,0.08739,0.08738,0.08737,0.08736,0.08735,0.08734,0.08744,0.08745,0.08746,0.08747,0.08748,0.08749,0.0875,0.08751,0.08752,0.08753,8820,9866,12884,39609,31460,12019,47043,109046,63291,79229,1471,1554,9058,18923,7941,25154,69862,40471,81520,46517
239,0.08746,0.08745,0.08744,0.08743,0.08742,0.08741,0.0874,0.08739,0.08738,0.08737,0.08747,0.08748,0.08749,0.0875,0.08751,0.08752,0.08753,0.08754,0.08755,0.08756,9767,8291,19252,42328,32703,74620,82277,67950,64778,30020,6753,5405,8823,17434,49122,98171,36521,42337,126007,39061
240,0.08739,0.08738,0.08737,0.08736,0.08735,0.08734,0.08733,0.08732,0.08731,0.0873,0.0874,0.08741,0.08742,0.08743,0.08744,0.08745,0.08746,0.08747,0.08748,0.08749,9875,15135,49301,144545,41402,54689,88477,59878,56166,78718,14875,7005,14484,21365,23348,53870,29244,39965,72979,62297
241,0.08742,0.08741,0.0874,0.08739,0.08738,0.08737,0.08736,0.08735,0.08734,0.08733,0.08743,0.08744,0.08745,0.08746,0.08747,0.08748,0.08749,0.0875,0.08751,0.08752,25678,43380,56406,41718,17913,64403,126732,24310,89744,57951,55,2118,7140,11829,14967,17774,23851,53104,87556,81525
242,0.08744,0.08743,0.08742,0.08741,0.0874,0.08739,0.08738,0.08737,0.08736,0.08735,0.08745,0.08746,0.08747,0.08748,0.08749,0.0875,0.08751,0.08752,0.08753,0.08754,6852,14524,19763,45631,95154,41309,30338,55908,118387,30003,7423,8551,7905,16244,17650,16655,42355,83451,36972,45106
243,0.08742,0.08741,0.0874,0.08739,0.08738,0.08737,0.08736,0.08735,0.08734,0.08733,0.08743,0.08744,0.08745,0.08746,0.08747,0.08748,0.08749,0.0875,0.08751,0.08752,25417,12945,30630,57519,32895,46489,126513,67360,95077,57951,626,2196,11470,17173,11334,33229,60707,21743,63871,74881
244,0.08743,0.08742,0.08741,0.0874,0.08739,0.08738,0.08737,0.08736,0.08735,0.08734,0.08744,0.08745,0.08746,0.08747,0.08748,0.08749,0.0875,0.08751,0.08752,0.08753,5954,18424,15860,28024,37301,16037,58577,124460,58625,108705,13872,13057,9387,14643,12415,18472,15460,48069,67645,68167
245,0.08738,0.08737,0.08736,0.08735,0.08734,0.08733,0.08732,0.08731,0.0873,0.08729,0.08739,0.0874,0.08741,0.08742,0.08743,0.08744,0.08745,0.08746,0.08747,0.08748,19504,15918,14896,50074,85660,73843,86583,100772,67279,12856,4498,6830,9092,11056,18987,16702,40366,93625,48745,30590
246,0.08735,0.08734,0.08733,0.08732,0.08731,0.0873,0.08729,0.08728,0.08727,0.08726,0.08736,0.08737,0.08738,0.08739,0.0874,0.08741,0.08742,0.08743,0.08744,0.08745,9241,12822,29899,64723,72213,111575,76735,59885,77900,34228,11526,9000,12529,17619,17515,21642,54983,65234,28380,72432
247,0.08733,0.08732,0.08731,0.0873,0.08729,0.08728,0.08727,0.08726,0.08725,0.08724,0.08734,0.08735,0.08736,0.08737,0.08738,0.08739,0.0874,0.08741,0.08742,0.08743,6689,21430,73010,81362,68372,67596,80943,114475,10204,96444,18251,6613,4124,27501,32432,18527,31770,55052,51387,56091
248,0.08734,0.08733,0.08732,0.08731,0.0873,0.08729,0.08728,0.08727,0.08726,0.08725,0.08735,0.08736,0.08737,0.08738,0.08739,0.0874,0.08741,0.08742,0.08743,0.08744,1981,4785,11997,47615,30320,60133,96782,105290,66197,79729,21247,10476,15651,29538,31331,17206,22079,52947,61836,24054
249,0.08731,0.0873,0.08729,0.08728,0.08727,0.08726,0.08725,0.08724,0.08723,0.08722,0.08732,0.08733,0.08734,0.08735,0.08736,0.08737,0.08738,0.08739,0.0874,0.08741,5772,8355,11877,51096,144789,81008,67325,107907,65902,38944,12397,10470,6380,11684,25276,21245,38419,38809,82575,71515
250,0.08734,0.08733,0.08732,0.08731,0.0873,0.08729,0.08728,0.08727,0.08726,0.08725,0.08735,0.08736,0.08737,0.08738,0.08739,0.0874,0.08741,0.08742,0.08743,0.08744,7286,24881,14104,53143,61368,39084,76285,83808,63765,15914,5896,12364,15075,32546,20989,13363,30768,52869,73686,29373
251,0.08735,0.08734,0.08733,0.08732,0.08731,0.0873,0.08729,0.08728,0.08727,0.08726,0.08736,0.08737,0.08738,0.08739,0.0874,0.08741,0.08742,0.08743,0.08744,0.08745,6802,5658,10198,26894,88279,74972,43485,101922,72349,64141,9136,16296,33116,19986,13426,35072,52869,73110,29373,83910
252,0.08736,0.08735,0.08734,0.08733,0.08732,0.08731,0.0873,0.08729,0.08728,0.08727,0.08737,0.08738,0.08739,0.0874,0.08741,0.08742,0.08743,0.08744,0.08745,0.08746,8807,15314,6538,38684,96873,95248,115371,52293,48803,72349,14987,10556,11833,11886,22673,27433,11750,20955,41330,86620
253,0.08732,0.08731,0.0873,0.08729,0.08728,0.08727,0.08726,0.08725,0.08724,0.08723,0.08733,0.08734,0.08735,0.08736,0.08737,0.08738,0.08739,0.0874,0.08741,0.08742,9394,7554,19995,89173,77454,137022,37824,70230,96938,65902,6111,14366,10379,17337,26493,42978,28293,63495,47122,83455
254,0.08745,0.08744,0.08743,0.08742,0.08741,0.0874,0.08739,0.08738,0.08737,0.08736,0.08746,0.08747,0.08748,0.08749,0.0875,0.08751,0.08752,0.08753,0.08754,0.08755,4958,20726,10409,38480,95205,113267,88805,20814,62537,110104,8124,23144,3006,10930,22280,47065,81596,54979,67051,105000
255,0.08743,0.08742,0.08741,0.0874,0.08739,0.08738,0.08737,0.08736,0.08735,0.08734,0.08744,0.08745,0.08746,0.08747,0.08748,0.08749,0.0875,0.08751,0.08752,0.08753,9552,19869,15895,71209,126900,91493,73636,97236,35764,12435,8452,10943,17084,28940,15263,9906,23697,54532,75881,37373
256,0.08751,0.0875,0.08749,0.08748,0.08747,0.08746,0.08745,0.08744,0.08743,0.08742,0.08752,0.08753,0.08754,0.08755,0.08756,0.08757,0.08758,0.08759,0.0876,0.08761,15439,12267,12419,51634,116476,50075,52402,130435,18514,9353,1522,25508,4764,16131,28520,16051,16541,34903,88265,54143
257,0.08749,0.08748,0.08747,0.08746,0.08745,0.08744,0.08743,0.08742,0.08741,0.0874,0.0875,0.08751,0.08752,0.08753,0.08754,0.08755,0.08756,0.08757,0.08758,0.08759,4838,1554,17799,59420,48716,145240,69570,38698,12992,51204,16775,16642,27704,32593,17773,16824,38766,81206,20434,23484
258,0.08735,0.08734,0.08733,0.08732,0.08731,0.0873,0.08729,0.08728,0.08727,0.08726,0.08736,0.08737,0.08738,0.08739,0.0874,0.08741,0.08742,0.08743,0.08744,0.08745,8226,13336,25839,57374,74126,76336,72378,104898,103503,34227,7934,5990,7779,17106,34091,37710,65575,25861,50709,55871
259,0.08733,0.08732,0.08731,0.0873,0.08729,0.08728,0.08727,0.08726,0.08725,0.08724,0.08734,0.08735,0.08736,0.08737,0.08738,0.08739,0.0874,0.08741,0.08742,0.08743,11195,9566,6809,41299,102662,132766,125977,36220,48640,125103,11856,9985,13652,11648,16603,18361,42056,72311,24332,30016
260,0.08735,0.08734,0.08733,0.08732,0.08731,0.0873,0.08729,0.08728,0.08727,0.08726,0.08736,0.08737,0.08738,0.08739,0.0874,0.08741,0.08742,0.08743,0.08744,0.08745,46842,18940,30013,82703,78009,100554,83741,57144,77126,36220,6403,3129,9710,16671,33952,16910,18612,32244,54213,68660
261,0.08736,0.08735,0.08734,0.08733,0.08732,0.08731,0.0873,0.08729,0.08728,0.08727,0.08737,0.08738,0.08739,0.0874,0.08741,0.08742,0.08743,0.08744,0.08745,0.08746,14527,21371,17404,93903,85629,49389,119476,53079,63062,72349,817,9709,9229,13921,15715,27193,17207,42775,79879,35842
262,0.08738,0.08737,0.08736,0.08735,0.08734,0.08733,0.08732,0.08731,0.0873,0.08729,0.08739,0.0874,0.08741,0.08742,0.08743,0.08744,0.08745,0.08746,0.08747,0.08748,4269,25340,73686,71834,99648,85880,92273,27108,60749,7064,8480,7688,3346,7016,17454,30868,22067,12242,24957,46500
263,0.08739,0.08738,0.08737,0.08736,0.08735,0.08734,0.08733,0.08732,0.08731,0.0873,0.0874,0.08741,0.08742,0.08743,0.08744,0.08745,0.08746,0.08747,0.08748,0.08749,14288,16645,44395,130967,76101,67149,103478,75552,22215,55480,975,2077,6823,7211,21430,16663,19848,22518,48127,52856
264,0.08726,0.08725,0.08724,0.08723,0.08722,0.08721,0.0872,0.08719,0.08718,0.08717,0.08727,0.08728,0.08729,0.0873,0.08731,0.08732,0.08733,0.08734,0.08735,0.08736,33106,28346,58771,62284,46594,92775,96277,48232,61279,13788,5944,1307,13763,11673,9083,9572,19979,28961,13359,20679
265,0.0873,0.08729,0.08728,0.08727,0.08726,0.08725,0.08724,0.08723,0.08722,0.08721,0.08731,0.08732,0.08733,0.08734,0.08735,0.08736,0.08737,0.08738,0.08739,0.0874,13302,10393,33616,97165,50296,17143,78692,87287,53733,15966,155,6177,8908,18974,5198,26944,56885,17249,39363,72265
266,0.0873,0.08729,0.08728,0.08727,0.08726,0.08725,0.08724,0.08723,0.08722,0.08721,0.08731,0.08732,0.08733,0.08734,0.08735,0.08736,0.08737,0.08738,0.08739,0.0874,1867,4851,6072,15704,60719,52834,43540,105415,43157,8092,11128,10277,9012,13245,21755,3512,7517,11651,50808,60226
267,0.08732,0.08731,0.0873,0.08729,0.08728,0.08727,0.08726,0.08725,0.08724,0.08723,0.08734,0.08735,0.08736,0.08737,0.08738,0.08739,0.0874,0.08741,0.08742,0.08743,12785,8254,7856,9153,37159,91755,87920,9253,42027,112453,8647,9276,2529,15980,65593,26101,15365,5950,39887,99638
268,0.0873,0.08729,0.08728,0.08727,0.08726,0.08725,0.08724,0.08723,0.08722,0.08721,0.08731,0.08732,0.08733,0.08734,0.08735,0.08736,0.08737,0.08738,0.08739,0.0874,11810,12784,28763,49832,15139,7589,24660,83363,49347,39128,149,7941,4656,13759,29316,5400,19897,79779,22740,10593
269,0.08722,0.08721,0.0872,0.08719,0.08718,0.08717,0.08716,0.08715,0.08714,0.08713,0.08723,0.08724,0.08725,0.08726,0.08727,0.08728,0.08729,0.0873,0.08731,0.08732,11085,9652,9720,46252,79388,86599,30300,82017,99624,71168,3078,4507,7847,17287,25816,16844,18697,26844,84955,21409
270,0.08733,0.08732,0.08731,0.0873,0.08729,0.08728,0.08727,0.08726,0.08725,0.08724,0.08734,0.08735,0.08736,0.08737,0.08738,0.08739,0.0874,0.08741,0.08742,0.08743,6014,3814,22988,35452,95943,5379,20455,66464,60282,21488,18292,1952,6558,4020,12703,21963,9460,8718,18107,58275
271,0.08738,0.08737,0.08736,0.08735,0.08734,0.08733,0.08732,0.08731,0.0873,0.08729,0.08739,0.0874,0.08741,0.08742,0.08743,0.08744,0.08745,0.08746,0.08747,0.08748,9821,17095,3725,11421,39724,111495,44417,59989,54186,24773,7992,8079,1793,1793,8115,19476,17767,76367,51720,37049
272,0.08739,0.08738,0.08737,0.08736,0.08735,0.08734,0.08733,0.08732,0.08731,0.0873,0.0874,0.08741,0.08742,0.08743,0.08744,0.08745,0.08746,0.08747,0.08748,0.08749,4245,2951,8530,7870,19598,54035,21339,40335,79587,82844,6778,3077,2369,11509,21621,23488,65075,56371,37049,49675
273,0.08739,0.08738,0.08737,0.08736,0.08735,0.08734,0.08733,0.08732,0.08731,0.0873,0.0874,0.08741,0.08742,0.08743,0.08744,0.08745,0.08746,0.08747,0.08748,0.08749,1803,5945,7678,18805,27591,50640,15649,49828,93860,42866,13695,8034,1793,7476,19040,4829,8710,10426,37049,57527
274,0.08742,0.08741,0.0874,0.08739,0.08738,0.08737,0.08736,0.08735,0.08734,0.08733,0.08743,0.08744,0.08745,0.08746,0.08747,0.08748,0.08749,0.0875,0.08751,0.08752,7375,17075,24320,20846,67560,79197,63841,27293,68499,59887,1860,1370,218,218,5365,33000,48169,17015,61433,82383
275,0.08749,0.08748,0.08747,0.08746,0.08745,0.08744,0.08743,0.08742,0.08741,0.0874,0.0875,0.08751,0.08752,0.08753,0.08754,0.08755,0.08756,0.08757,0.08758,0.08759,4493,14099,6155,6980,7743,32657,21954,62274,80317,60261,5079,6583,25233,24748,16650,50798,14755,33416,60840,86
276,0.08744,0.08743,0.08742,0.08741,0.0874,0.08739,0.08738,0.08737,0.08736,0.08735,0.08745,0.08746,0.08747,0.08748,0.08749,0.0875,0.08751,0.08752,0.08753,0.08754,5583,10918,14658,15248,38957,83275,74727,58188,96368,52583,2592,12372,4303,5132,3948,9469,33013,76935,42704,56383
277,0.08738,0.08737,0.08736,0.08735,0.08734,0.08733,0.08732,0.08731,0.0873,0.08729,0.08739,0.0874,0.08741,0.08742,0.08743,0.08744,0.08745,0.08746,0.08747,0.08748,7495,3450,16752,7159,73380,73279,56741,62251,110244,21473,16110,2516,155,3815,10661,38048,155,20617,68074,32475
278,0.08724,0.08723,0.08722,0.08721,0.0872,0.08719,0.08718,0.08717,0.08716,0.08715,0.08725,0.08726,0.08727,0.08728,0.08729,0.0873,0.08731,0.08732,0.08733,0.08734,8937,3101,2804,12504,51763,56642,86949,52601,32342,116333,17783,8946,12635,155,6274,22701,65390,31499,24932,27760
279,0.08729,0.08728,0.08727,0.08726,0.08725,0.08724,0.08723,0.08722,0.08721,0.0872,0.0873,0.08731,0.08732,0.08733,0.08734,0.08735,0.08736,0.08737,0.08738,0.08739,6768,7478,37496,15892,16684,40851,109242,45942,33309,124919,17073,17935,6159,14450,17369,60983,19374,7349,26950,69895
280,0.08728,0.08727,0.08726,0.08725,0.08724,0.08723,0.08722,0.08721,0.0872,0.08719,0.08729,0.0873,0.08731,0.08732,0.08733,0.08734,0.08735,0.08736,0.08737,0.08738,9327,9517,14321,19479,47333,125383,64032,45610,64599,60563,5064,12315,7360,25156,20779,60956,18122,36655,56677,218
281,0.08732,0.08731,0.0873,0.08729,0.08728,0.08727,0.08726,0.08725,0.08724,0.08723,0.08733,0.08734,0.08735,0.08736,0.08737,0.08738,0.08739,0.0874,0.08741,0.08742,14229,7903,29793,52770,56133,35581,8245,19627,18322,73868,644,5525,9901,21143,218,4436,27664,71032,13207,80402
282,0.08734,0.08733,0.08732,0.08731,0.0873,0.08729,0.08728,0.08727,0.08726,0.08725,0.08735,0.08736,0.08737,0.08738,0.08739,0.0874,0.08741,0.08742,0.08743,0.08744,6674,1376,13652,36519,10695,34802,111429,58141,4006,17005,5461,1525,3079,218,9784,25442,4750,36822,54762,32024
283,0.08727,0.08726,0.08725,0.08724,0.08723,0.08722,0.08721,0.0872,0.08719,0.08718,0.08728,0.08729,0.0873,0.08731,0.08732,0.08733,0.08734,0.08735,0.08736,0.08737,8413,2012,6657,13214,37525,59551,42317,105309,75394,81152,11957,6439,10625,26331,7860,17400,26400,73868,23744,26267
284,0.08731,0.0873,0.08729,0.08728,0.08727,0.08726,0.08725,0.08724,0.08723,0.08722,0.08732,0.08733,0.08734,0.08735,0.08736,0.08737,0.08738,0.08739,0.0874,0.08741,4175,17127,24447,49649,63270,35040,26830,56188,88831,44491,3996,8874,8296,3857,1499,6441,594,23224,93857,26857
285,0.08729,0.08728,0.08727,0.08726,0.08725,0.08724,0.08723,0.08722,0.08721,0.0872,0.0873,0.08731,0.08732,0.08733,0.08734,0.08735,0.08736,0.08737,0.08738,0.08739,7574,19459,63937,31425,42881,51287,86497,44491,22692,51443,10229,2831,7600,6885,9757,15594,36390,60710,15155,29896
286,0.08736,0.08735,0.08734,0.08733,0.08732,0.08731,0.0873,0.08729,0.08728,0.08727,0.08737,0.08738,0.08739,0.0874,0.08741,0.08742,0.08743,0.08744,0.08745,0.08746,15284,26845,19460,33628,100156,81081,31432,73479,70108,72166,468,1792,3079,1397,218,24050,58096,33188,17694,27273
287,0.08736,0.08735,0.08734,0.08733,0.08732,0.08731,0.0873,0.08729,0.08728,0.08727,0.08737,0.08738,0.08739,0.0874,0.08741,0.08742,0.08743,0.08744,0.08745,0.08746,965,5930,19015,13736,22797,79532,32318,89097,26952,70850,8187,4237,5475,2506,218,23405,64375,28782,20786,60001
288,0.08736,0.08735,0.08734,0.08733,0.08732,0.08731,0.0873,0.08729,0.08728,0.08727,0.08737,0.08738,0.08739,0.0874,0.08741,0.08742,0.08743,0.08744,0.08745,0.08746,9430,9068,15636,8011,23992,92815,34679,89323,72104,124542,5843,3864,8336,1887,1413,23842,60679,34257,24382,60001
289,0.0873,0.08729,0.08728,0.08727,0.08726,0.08725,0.08724,0.08723,0.08722,0.08721,0.08731,0.08732,0.08733,0.08734,0.08735,0.08736,0.08737,0.08738,0.08739,0.0874,64,1434,3014,742,17519,8535,59073,100180,77288,64900,12182,11591,10004,3640,24070,76771,4931,23018,65451,26313
290,0.08732,0.08731,0.0873,0.08729,0.08728,0.08727,0.08726,0.08725,0.08724,0.08723,0.08733,0.08734,0.08735,0.08736,0.08737,0.08738,0.08739,0.0874,0.08741,0.08742,5606,10552,6155,4605,28372,32430,47680,33233,48968,85130,5642,4301,11774,24457,5368,31086,72439,24832,24190,61875
291,0.08732,0.08731,0.0873,0.08729,0.08728,0.08727,0.08726,0.08725,0.08724,0.08723,0.08733,0.08734,0.08735,0.08736,0.08737,0.08738,0.08739,0.0874,0.08741,0.08742,4729,6219,656,14302,40203,49788,61142,10592,51942,84528,5155,8311,8363,13627,27784,14001,31388,53239,25235,61833
292,0.08732,0.08731,0.0873,0.08729,0.08728,0.08727,0.08726,0.08725,0.08724,0.08723,0.08733,0.08734,0.08735,0.08736,0.08737,0.08738,0.08739,0.0874,0.08741,0.08742,17141,4417,5565,14697,33500,119415,50097,651,75511,84528,402,7758,8518,14242,28209,8278,26859,74151,15415,62019
293,0.08732,0.08731,0.0873,0.08729,0.08728,0.08727,0.08726,0.08725,0.08724,0.08723,0.08733,0.08734,0.08735,0.08736,0.08737,0.08738,0.08739,0.0874,0.08741,0.08742,63,1439,282,3083,32006,68690,44367,715,27801,84592,8789,15633,32989,21635,54302,12586,47391,56024,16941,74224
294,0.08739,0.08738,0.08737,0.08736,0.08735,0.08734,0.08733,0.08732,0.08731,0.0873,0.0874,0.08741,0.08742,0.08743,0.08744,0.08745,0.08746,0.08747,0.08748,0.08749,13594,1376,11319,25193,89371,80703,8212,23204,76376,62555,848,1347,4787,3653,304,218,23202,59743,45420,26348
295,0.08736,0.08735,0.08734,0.08733,0.08732,0.08731,0.0873,0.08729,0.08728,0.08727,0.08737,0.08738,0.08739,0.0874,0.08741,0.08742,0.08743,0.08744,0.08745,0.08746,1872,4324,2230,10752,16485,48129,104615,45641,28423,76937,5670,5037,7042,18496,3141,16642,61252,23186,18348,58166
296,0.08735,0.08734,0.08733,0.08732,0.08731,0.0873,0.08729,0.08728,0.08727,0.08726,0.08736,0.08737,0.08738,0.08739,0.0874,0.08741,0.08742,0.08743,0.08744,0.08745,1803,4364,5746,12291,31849,50217,16113,43672,96333,58944,2376,4813,1018,12833,31993,10449,23384,76957,34057,17782
297,0.08732,0.08731,0.0873,0.08729,0.08728,0.08727,0.08726,0.08725,0.08724,0.08723,0.08733,0.08734,0.08735,0.08736,0.08737,0.08738,0.08739,0.0874,0.08741,0.08742,1866,4388,5434,20217,8156,47472,92246,29243,71180,116608,5606,6805,23076,25345,9832,27263,67613,33978,28268,73328
298,0.08732,0.08731,0.0873,0.08729,0.08728,0.08727,0.08726,0.08725,0.08724,0.08723,0.08733,0.08734,0.08735,0.08736,0.08737,0.08738,0.08739,0.0874,0.08741,0.08742,1803,4239,9319,12505,13950,59987,85493,24464,47783,130607,2201,6756,16564,32547,13387,23999,86716,37458,33303,64747
299,0.08732,0.08731,0.0873,0.08729,0.08728,0.08727,0.08726,0.08725,0.08724,0.08723,0.08733,0.08734,0.08735,0.08736,0.08737,0.08738,0.08739,0.0874,0.08741,0.08742,1536,4239,219,42217,15381,56526,108856,34046,108255,86023,2086,7910,20431,33123,13887,27200,78437,37458,33303,64747
300,0.08732,0.08731,0.0873,0.08729,0.08728,0.08727,0.08726,0.08725,0.08724,0.08723,0.08733,0.08734,0.08735,0.08736,0.08737,0.08738,0.08739,0.0874,0.08741,0.08742,1536,4239,219,42217,15381,55205,104646,40624,108255,86023,2400,4239,13570,32547,13450,27637,73851,37458,37889,64747
301,0.08732,0.08731,0.0873,0.08729,0.08728,0.08727,0.08726,0.08725,0.08724,0.08723,0.08733,0.08734,0.08735,0.08736,0.08737,0.08738,0.08739,0.0874,0.08741,0.08742,2683,4239,11373,12734,31115,82795,122415,36038,73103,86023,420,1376,11749,32554,11471,26665,79499,31127,23255,76188
302,0.08731,0.0873,0.08729,0.08728,0.08727,0.08726,0.08725,0.08724,0.08723,0.08722,0.08732,0.08733,0.08734,0.08735,0.08736,0.08737,0.08738,0.08739,0.0874,0.08741,13530,8012,15615,26314,96842,119947,63325,73103,82688,52435,1004,1307,14885,5436,9127,14009,29427,81656,48296,23255
303,0.08731,0.0873,0.08729,0.08728,0.08727,0.08726,0.08725,0.08724,0.08723,0.08722,0.08732,0.08733,0.08734,0.08735,0.08736,0.08737,0.08738,0.08739,0.0874,0.08741,1803,4304,13006,18815,59845,156726,63325,73103,92039,52435,1213,8497,26326,13012,26743,17388,41996,82436,31127,23255
304,0.08734,0.08733,0.08732,0.08731,0.0873,0.08729,0.08728,0.08727,0.08726,0.08725,0.08735,0.08736,0.08737,0.08738,0.08739,0.0874,0.08741,0.08742,0.08743,0.08744,8947,22325,25642,49640,101685,26640,32549,85328,124252,22584,649,1660,14938,5371,8769,11177,8999,30241,79646,42375
305,0.08743,0.08742,0.08741,0.0874,0.08739,0.08738,0.08737,0.08736,0.08735,0.08734,0.08744,0.08745,0.08746,0.08747,0.08748,0.08749,0.0875,0.08751,0.08752,0.08753,4484,1307,9078,9761,27049,16523,8167,29115,106463,87698,4847,7798,12091,22764,43205,62448,21381,31055,91974,48809
306,0.08744,0.08743,0.08742,0.08741,0.0874,0.08739,0.08738,0.08737,0.08736,0.08735,0.08745,0.08746,0.08747,0.08748,0.08749,0.0875,0.08751,0.08752,0.08753,0.08754,7343,8504,155,5938,62632,29500,17562,28367,53374,97874,701,1439,14314,41880,58825,11085,31055,94077,54894,65555
307,0.08749,0.08748,0.08747,0.08746,0.08745,0.08744,0.08743,0.08742,0.08741,0.0874,0.0875,0.08751,0.08752,0.08753,0.08754,0.08755,0.08756,0.08757,0.08758,0.08759,9294,11933,21361,29034,23569,60570,38118,61127,100190,69644,63,1439,13900,34824,33944,59958,33036,60611,111321,10740
308,0.08751,0.0875,0.08749,0.08748,0.08747,0.08746,0.08745,0.08744,0.08743,0.08742,0.08752,0.08753,0.08754,0.08755,0.08756,0.08757,0.08758,0.08759,0.0876,0.08761,2961,4296,8741,12366,32312,10644,33016,110064,38633,79222,4583,30478,12793,28212,19043,48548,61806,19373,36367,74123
309,0.08751,0.0875,0.08749,0.08748,0.08747,0.08746,0.08745,0.08744,0.08743,0.08742,0.08752,0.08753,0.08754,0.08755,0.08756,0.08757,0.08758,0.08759,0.0876,0.08761,34293,1439,218,14714,28744,6621,38360,112449,39714,84637,426,25228,2842,11917,13767,42775,76103,47831,35943,83104
310,0.08754,0.08753,0.08752,0.08751,0.0875,0.08749,0.08748,0.08747,0.08746,0.08745,0.08755,0.08756,0.08757,0.08758,0.08759,0.0876,0.08761,0.08762,0.08763,0.08764,6680,10828,26011,43713,12269,24908,102538,83912,32595,66911,4885,4294,3357,17196,20115,16738,26047,17722,31133,74408
311,0.08759,0.08758,0.08757,0.08756,0.08755,0.08754,0.08753,0.08752,0.08751,0.0875,0.0876,0.08761,0.08762,0.08763,0.08764,0.08765,0.08766,0.08767,0.08768,0.08769,5547,8395,4202,22786,11068,15948,87734,89254,57942,73789,12330,24814,4692,31654,83759,60148,100700,17919,25758,87046
312,0.08754,0.08753,0.08752,0.08751,0.0875,0.08749,0.08748,0.08747,0.08746,0.08745,0.08755,0.08756,0.08757,0.08758,0.08759,0.0876,0.08761,0.08762,0.08763,0.08764,16606,5512,35697,48774,53374,31007,139717,83870,55924,60221,9670,8862,16546,33696,19275,29687,31755,13907,29231,68770
313,0.08748,0.08747,0.08746,0.08745,0.08744,0.08743,0.08742,0.08741,0.0874,0.08739,0.08749,0.0875,0.08751,0.08752,0.08753,0.08754,0.08755,0.08756,0.08757,0.08758,10890,30434,14587,43891,144251,28228,45095,122762,59355,62783,5690,8501,13749,20523,10240,20628,21571,48297,27058,36229
314,0.08745,0.08744,0.08743,0.08742,0.08741,0.0874,0.08739,0.08738,0.08737,0.08736,0.08746,0.08747,0.08748,0.08749,0.0875,0.08751,0.08752,0.08753,0.08754,0.08755,13280,11317,21328,52290,18601,15026,21209,48135,18674,63090,218,6129,5094,15461,19226,31753,20958,53376,5359,30533
315,0.0875,0.08749,0.08748,0.08747,0.08746,0.08745,0.08744,0.08743,0.08742,0.08741,0.08751,0.08752,0.08753,0.08754,0.08755,0.08756,0.08757,0.08758,0.08759,0.0876,9458,14527,12332,23159,18751,14707,38020,137597,53630,25763,1803,5255,6702,15603,20097,23015,12068,38846,64722,13698
316,0.08756,0.08755,0.08754,0.08753,0.08752,0.08751,0.0875,0.08749,0.08748,0.08747,0.08757,0.08758,0.08759,0.0876,0.08761,0.08762,0.08763,0.08764,0.08765,0.08766,7035,218,13878,11792,78358,88135,31865,111171,55704,82746,16624,10168,10902,21625,33555,13896,47811,71555,48737,94642
317,0.08766,0.08765,0.08764,0.08763,0.08762,0.08761,0.0876,0.08759,0.08758,0.08757,0.08767,0.08768,0.08769,0.0877,0.08771,0.08772,0.08773,0.08774,0.08775,0.08776,1971,1370,652,53841,9562,10153,38566,124004,58497,45149,7604,7118,4319,23806,48614,75873,37601,27907,56030,18127
318,0.08768,0.08767,0.08766,0.08765,0.08764,0.08763,0.08762,0.08761,0.0876,0.08759,0.08769,0.0877,0.08771,0.08772,0.08773,0.08774,0.08775,0.08776,0.08777,0.08778,36215,3343,1282,27522,100021,107729,22283,56478,60898,121862,9116,5698,23709,30809,27467,17365,10712,29523,60849,115904
319,0.08767,0.08766,0.08765,0.08764,0.08763,0.08762,0.08761,0.0876,0.08759,0.08758,0.08768,0.08769,0.0877,0.08771,0.08772,0.08773,0.08774,0.08775,0.08776,0.08777,155,1365,4910,37243,70498,67909,36547,120451,126837,11677,7136,7152,11777,33867,19272,28415,35263,61297,37505,64029
320,0.08764,0.08763,0.08762,0.08761,0.0876,0.08759,0.08758,0.08757,0.08756,0.08755,0.08765,0.08766,0.08767,0.08768,0.08769,0.0877,0.08771,0.08772,0.08773,0.08774,382,1588,652,17757,43773,131282,55622,44253,152038,70288,13052,5647,11377,30364,13565,19856,33657,80347,24890,23864
321,0.08759,0.08758,0.08757,0.08756,0.08755,0.08754,0.08753,0.08752,0.08751,0.0875,0.0876,0.08761,0.08762,0.08763,0.08764,0.08765,0.08766,0.08767,0.08768,0.08769,3854,4863,2227,86933,75276,20303,68738,92840,132608,24030,10687,9283,4845,11860,29051,28674,33079,19298,39736,67200
322,0.08761,0.0876,0.08759,0.08758,0.08757,0.08756,0.08755,0.08754,0.08753,0.08752,0.08762,0.08763,0.08764,0.08765,0.08766,0.08767,0.08768,0.08769,0.0877,0.08771,7429,19368,30420,23353,53201,76943,80693,33547,82617,104981,643,6266,10382,20945,12752,15949,36494,16758,7781,27155
323,0.08767,0.08766,0.08765,0.08764,0.08763,0.08762,0.08761,0.0876,0.08759,0.08758,0.08768,0.08769,0.0877,0.08771,0.08772,0.08773,0.08774,0.08775,0.08776,0.08777,6628,10420,66999,79256,81337,27093,88048,115964,33988,6156,10337,8774,5751,7997,19477,31957,27140,58726,23825,53260
324,0.08766,0.08765,0.08764,0.08763,0.08762,0.08761,0.0876,0.08759,0.08758,0.08757,0.08767,0.08768,0.08769,0.0877,0.08771,0.08772,0.08773,0.08774,0.08775,0.08776,10332,14791,45997,103687,23181,48230,131418,95796,29859,23870,370,9444,16038,14709,15071,15818,27535,33775,72682,35991
325,0.08767,0.08766,0.08765,0.08764,0.08763,0.08762,0.08761,0.0876,0.08759,0.08758,0.08768,0.08769,0.0877,0.08771,0.08772,0.08773,0.08774,0.08775,0.08776,0.08777,16287,18534,33878,81129,85249,21716,70871,123359,78884,28816,424,1491,2834,8380,13840,25378,28173,68976,26790,53375
326,0.08768,0.08767,0.08766,0.08765,0.08764,0.08763,0.08762,0.08761,0.0876,0.08759,0.08769,0.0877,0.08771,0.08772,0.08773,0.08774,0.08775,0.08776,0.08777,0.08778,5299,41206,16466,24206,89206,108198,32896,108257,119724,55342,6718,8302,9064,14156,12360,5465,8724,26790,64770,92473
327,0.08763,0.08762,0.08761,0.0876,0.08759,0.08758,0.08757,0.08756,0.08755,0.08754,0.08764,0.08765,0.08766,0.08767,0.08768,0.08769,0.0877,0.08771,0.08772,0.08773,4244,3430,13179,49637,118129,44188,97948,94489,88376,15472,5329,11693,8991,11656,35953,26405,17991,12927,25713,27754
328,0.08772,0.08771,0.0877,0.08769,0.08768,0.08767,0.08766,0.08765,0.08764,0.08763,0.08773,0.08774,0.08775,0.08776,0.08777,0.08778,0.08779,0.0878,0.08781,0.08782,7800,48242,19660,72068,119012,47197,62398,78083,55268,34600,6551,5870,14155,22949,36470,55503,92790,29953,12583,27999
329,0.08777,0.08776,0.08775,0.08774,0.08773,0.08772,0.08771,0.0877,0.08769,0.08768,0.08778,0.08779,0.0878,0.08781,0.08782,0.08783,0.08784,0.08785,0.08786,0.08787,12937,13264,55964,22134,47131,152232,34829,38180,121813,102880,4725,73853,9969,18483,22728,42919,20114,25675,58204,32517
330,0.08783,0.08782,0.08781,0.0878,0.08779,0.08778,0.08777,0.08776,0.08775,0.08774,0.08784,0.08785,0.08786,0.08787,0.08788,0.08789,0.0879,0.08791,0.08792,0.08793,16628,29911,72091,74841,38313,62876,39435,123971,70183,7881,275,4043,7325,23379,35913,10990,16125,52726,128455,45405
331,0.08784,0.08783,0.08782,0.08781,0.0878,0.08779,0.08778,0.08777,0.08776,0.08775,0.08785,0.08786,0.08787,0.08788,0.08789,0.0879,0.08791,0.08792,0.08793,0.08794,46429,12169,21544,93460,121911,66326,73706,39728,80036,65629,1487,8893,6872,8634,31475,24245,67088,105534,15134,12926
332,0.08789,0.08788,0.08787,0.08786,0.08785,0.08784,0.08783,0.08782,0.08781,0.0878,0.0879,0.08791,0.08792,0.08793,0.08794,0.08795,0.08796,0.08797,0.08798,0.08799,11956,19522,53886,32485,90239,60822,48212,37232,120045,101234,10560,30156,105966,28106,14774,28872,42649,16121,21710,62234
333,0.08784,0.08783,0.08782,0.08781,0.0878,0.08779,0.08778,0.08777,0.08776,0.08775,0.08785,0.08786,0.08787,0.08788,0.08789,0.0879,0.08791,0.08792,0.08793,0.08794,3084,17171,20412,77895,87696,76924,69856,62760,92984,77025,12194,10048,8876,14124,29535,26543,66886,110825,12590,21896
334,0.08785,0.08784,0.08783,0.08782,0.08781,0.0878,0.08779,0.08778,0.08777,0.08776,0.08786,0.08787,0.08788,0.08789,0.0879,0.08791,0.08792,0.08793,0.08794,0.08795,553,73353,17759,35209,80172,86501,68729,69758,31765,75375,11656,11239,11766,28238,31876,69670,105137,9624,18397,21868
335,0.08783,0.08782,0.08781,0.0878,0.08779,0.08778,0.08777,0.08776,0.08775,0.08774,0.08784,0.08785,0.08786,0.08787,0.08788,0.08789,0.0879,0.08791,0.08792,0.08793,7092,30649,72771,88899,56653,92339,46188,98422,65728,7081,5333,9053,12300,30952,16976,20602,33290,73432,109068,21723
336,0.08783,0.08782,0.08781,0.0878,0.08779,0.08778,0.08777,0.08776,0.08775,0.08774,0.08784,0.08785,0.08786,0.08787,0.08788,0.08789,0.0879,0.08791,0.08792,0.08793,1856,24257,96352,75249,55032,96281,34794,98422,81087,20137,8146,6020,12785,25289,24293,22916,24816,69450,118866,13346
337,0.08781,0.0878,0.08779,0.08778,0.08777,0.08776,0.08775,0.08774,0.08773,0.08772,0.08782,0.08783,0.08784,0.08785,0.08786,0.08787,0.08788,0.08789,0.0879,0.08791,43309,78789,39965,84977,86771,108382,88309,7081,32711,106063,7850,13322,9950,12072,34476,41487,27305,30424,24816,69450
338,0.08779,0.08778,0.08777,0.08776,0.08775,0.08774,0.08773,0.08772,0.08771,0.0877,0.0878,0.08781,0.08782,0.08783,0.08784,0.08785,0.08786,0.08787,0.08788,0.08789,8743,64566,31286,106878,129404,23902,97268,131166,35598,13223,8251,9144,15029,33237,25692,17629,30773,48541,33655,32632
339,0.08768,0.08767,0.08766,0.08765,0.08764,0.08763,0.08762,0.08761,0.0876,0.08759,0.08769,0.0877,0.08771,0.08772,0.08773,0.08774,0.08775,0.08776,0.08777,0.08778,333,2039,5017,81960,78477,127699,76432,29552,51593,24223,10119,8732,13471,32055,22977,31262,48000,19318,31441,66355
340,0.08766,0.08765,0.08764,0.08763,0.08762,0.08761,0.0876,0.08759,0.08758,0.08757,0.08767,0.08768,0.08769,0.0877,0.08771,0.08772,0.08773,0.08774,0.08775,0.08776,6872,6750,36431,15147,36559,85919,86690,158911,71466,7892,3205,4953,6678,16707,37386,18872,39101,72163,29583,35548
341,0.08766,0.08765,0.08764,0.08763,0.08762,0.08761,0.0876,0.08759,0.08758,0.08757,0.08767,0.08768,0.08769,0.0877,0.08771,0.08772,0.08773,0.08774,0.08775,0.08776,12057,24935,31508,22584,42785,194792,117861,24182,61699,16390,595,1703,8246,15560,40775,18826,29400,79115,43611,34595
342,0.08767,0.08766,0.08765,0.08764,0.08763,0.08762,0.08761,0.0876,0.08759,0.08758,0.08768,0.08769,0.0877,0.08771,0.08772,0.08773,0.08774,0.08775,0.08776,0.08777,178,4251,5530,8980,19683,32670,77764,191187,21379,96219,7898,13003,18143,39189,15963,16795,49743,87157,31688,70836
343,0.08766,0.08765,0.08764,0.08763,0.08762,0.08761,0.0876,0.08759,0.08758,0.08757,0.08767,0.08768,0.08769,0.0877,0.08771,0.08772,0.08773,0.08774,0.08775,0.08776,8095,8056,19962,19283,28618,100287,76317,47923,55587,7398,478,1491,8994,24963,51409,79104,66828,44044,78289,30739
344,0.0877,0.08769,0.08768,0.08767,0.08766,0.08765,0.08764,0.08763,0.08762,0.08761,0.08771,0.08772,0.08773,0.08774,0.08775,0.08776,0.08777,0.08778,0.08779,0.0878,9005,13590,20592,27515,54883,38765,79230,15813,7088,57889,333,5896,10244,38539,86181,38354,68031,79649,41006,57461
345,0.08777,0.08776,0.08775,0.08774,0.08773,0.08772,0.08771,0.0877,0.08769,0.08768,0.08778,0.08779,0.0878,0.08781,0.08782,0.08783,0.08784,0.08785,0.08786,0.08787,3026,6510,7160,30304,31856,48810,108133,28813,58371,101201,11537,10016,14913,18087,29676,39164,34089,59291,39677,85616
346,0.08782,0.08781,0.0878,0.08779,0.08778,0.08777,0.08776,0.08775,0.08774,0.08773,0.08783,0.08784,0.08785,0.08786,0.08787,0.08788,0.08789,0.0879,0.08791,0.08792,9350,10774,17473,20736,12318,81208,26620,26470,63908,69970,4774,4970,4799,15770,32629,58033,16405,21302,125727,102605
347,0.08786,0.08785,0.08784,0.08783,0.08782,0.08781,0.0878,0.08779,0.08778,0.08777,0.08787,0.08788,0.08789,0.0879,0.08791,0.08792,0.08793,0.08794,0.08795,0.08796,13807,16467,11623,19620,22718,55067,80903,20608,88468,75766,7462,3331,9763,23657,57145,119714,26354,82429,29163,101561
348,0.08785,0.08784,0.08783,0.08782,0.08781,0.0878,0.08779,0.08778,0.08777,0.08776,0.08786,0.08787,0.08788,0.08789,0.0879,0.08791,0.08792,0.08793,0.08794,0.08795,6505,9998,20457,29167,48876,72948,27521,99861,86196,9865,8059,3173,10430,18418,29966,112800,114023,42314,80151,28849
349,0.08787,0.08786,0.08785,0.08784,0.08783,0.08782,0.08781,0.0878,0.08779,0.08778,0.08788,0.08789,0.0879,0.08791,0.08792,0.08793,0.08794,0.08795,0.08796,0.08797,12035,6662,7953,8077,12516,34360,88890,30140,24092,67436,7402,4803,12678,65868,114021,32877,64594,40290,106850,61717
350,0.08789,0.08788,0.08787,0.08786,0.08785,0.08784,0.08783,0.08782,0.08781,0.0878,0.0879,0.08791,0.08792,0.08793,0.08794,0.08795,0.08796,0.08797,0.08798,0.08799,14673,13283,11625,10412,56664,78289,48303,58491,122654,15889,881,36933,104198,40886,66862,47607,91936,67216,29996,34842
351,0.08788,0.08787,0.08786,0.08785,0.08784,0.08783,0.08782,0.08781,0.0878,0.08779,0.08789,0.0879,0.08791,0.08792,0.08793,0.08794,0.08795,0.08796,0.08797,0.08798,15221,12779,2447,28851,22503,13656,36339,137404,60730,52355,588,5846,38556,110510,37653,58794,31703,91936,75940,13138
352,0.08789,0.08788,0.08787,0.08786,0.08785,0.08784,0.08783,0.08782,0.08781,0.0878,0.0879,0.08791,0.08792,0.08793,0.08794,0.08795,0.08796,0.08797,0.08798,0.08799,7293,12602,11558,27722,51691,60902,26191,78713,122654,36055,989,38157,100427,20249,23350,34863,86251,88542,18628,42770
353,0.08793,0.08792,0.08791,0.0879,0.08789,0.08788,0.08787,0.08786,0.08785,0.08784,0.08794,0.08795,0.08796,0.08797,0.08798,0.08799,0.088,0.08801,0.08802,0.08803,114,6216,9580,34103,26434,42222,92948,31360,101616,55089,3826,7046,7416,21932,36083,84212,62924,73728,74794,30363
354,0.0879,0.08789,0.08788,0.08787,0.08786,0.08785,0.08784,0.08783,0.08782,0.08781,0.08791,0.08792,0.08793,0.08794,0.08795,0.08796,0.08797,0.08798,0.08799,0.088,263,1616,8921,20944,26048,56737,72886,51766,72777,115053,10965,2996,6767,26233,37000,16945,21134,40930,121137,33279
355,0.08789,0.08788,0.08787,0.08786,0.08785,0.08784,0.08783,0.08782,0.08781,0.0878,0.0879,0.08791,0.08792,0.08793,0.08794,0.08795,0.08796,0.08797,0.08798,0.08799,5073,8607,6464,25412,51514,64583,41366,90276,123660,7451,4408,10749,6767,26819,20383,44345,84940,79929,40930,115600
356,0.08794,0.08793,0.08792,0.08791,0.0879,0.08789,0.08788,0.08787,0.08786,0.08785,0.08795,0.08796,0.08797,0.08798,0.08799,0.088,0.08801,0.08802,0.08803,0.08804,4781,9025,7318,28846,46741,54304,35223,72001,28464,107726,5980,13557,15878,30764,38838,26514,107100,66272,40657,36936
