timestamp,bid_price_0,bid_price_1,bid_price_2,bid_price_3,bid_price_4,bid_price_5,bid_price_6,bid_price_7,bid_price_8,bid_price_9,ask_price_0,ask_price_1,ask_price_2,ask_price_3,ask_price_4,ask_price_5,ask_price_6,ask_price_7,ask_price_8,ask_price_9,bid_size_0,bid_size_1,bid_size_2,bid_size_3,bid_size_4,bid_size_5,bid_size_6,bid_size_7,bid_size_8,bid_size_9,ask_size_0,ask_size_1,ask_size_2,ask_size_3,ask_size_4,ask_size_5,ask_size_6,ask_size_7,ask_size_8,ask_size_9
0,0.0874,0.08739,0.08738,0.08737,0.08736,0.08735,0.08734,0.08733,0.08732,0.08731,0.08741,0.08742,0.08743,0.08744,0.08745,0.08746,0.08747,0.08748,0.08749,0.0875,17506,14903,16096,29322,86172,88656,43873,76957,76477,95053,706,1485,5198,9912,22506,19312,34780,94589,13704,27667
1,0.08745,0.08744,0.08743,0.08742,0.08741,0.0874,0.08739,0.08738,0.08737,0.08736,0.08746,0.08747,0.08748,0.08749,0.0875,0.08751,0.08752,0.08753,0.08754,0.08755,14254,15022,15468,26052,77974,73256,49146,27290,50912,81071,264,11679,18610,34747,17203,21767,6676,31488,69221,67210
2,0.08751,0.0875,0.08749,0.08748,0.08747,0.08746,0.08745,0.08744,0.08743,0.08742,0.08752,0.08753,0.08754,0.08755,0.08756,0.08757,0.08758,0.08759,0.0876,0.08761,1061,8836,15028,56790,74277,42664,90572,74060,42975,54204,17253,6352,1839,11598,43940,29464,39216,21586,4363,24059
3,0.08745,0.08744,0.08743,0.08742,0.08741,0.0874,0.08739,0.08738,0.08737,0.08736,0.08746,0.08747,0.08748,0.08749,0.0875,0.08751,0.08752,0.08753,0.08754,0.08755,11775,9434,7839,23418,44251,116935,38716,40765,54190,77025,5520,10426,5486,26899,60140,36988,9722,7403,18471,46388
4,0.08742,0.08741,0.0874,0.08739,0.08738,0.08737,0.08736,0.08735,0.08734,0.08733,0.08743,0.08744,0.08745,0.08746,0.08747,0.08748,0.08749,0.0875,0.08751,0.08752,3878,8484,11158,41198,20799,32823,80027,90349,53420,58635,2242,12544,12017,27230,46761,6705,9622,38079,93918,49164
5,0.08742,0.08741,0.0874,0.08739,0.08738,0.08737,0.08736,0.08735,0.08734,0.08733,0.08743,0.08744,0.08745,0.08746,0.08747,0.08748,0.08749,0.0875,0.08751,0.08752,4534,6556,18704,38390,11855,48990,82889,76497,30903,61420,1017,6126,10271,12635,28478,22074,43281,40936,82488,61542
6,0.08745,0.08744,0.08743,0.08742,0.08741,0.0874,0.08739,0.08738,0.08737,0.08736,0.08746,0.08747,0.08748,0.08749,0.0875,0.08751,0.08752,0.08753,0.08754,0.08755,6989,28449,81257,39306,71859,77233,48597,39919,35576,127992,6442,20940,21308,6574,11822,28414,19304,40966,24332,1839
7,0.08741,0.0874,0.08739,0.08738,0.08737,0.08736,0.08735,0.08734,0.08733,0.08732,0.08742,0.08743,0.08744,0.08745,0.08746,0.08747,0.08748,0.08749,0.0875,0.08751,178,1554,25341,20612,35604,79964,95891,60776,60974,38733,12076,13474,20881,44757,18668,11932,17493,10105,22988,88802
8,0.0873,0.08729,0.08728,0.08727,0.08726,0.08725,0.08724,0.08723,0.08722,0.08721,0.08731,0.08732,0.08733,0.08734,0.08735,0.08736,0.08737,0.08738,0.08739,0.0874,5385,3782,28711,79662,38196,73858,97769,44779,53548,60878,7270,10590,4708,10682,29629,38509,333,6997,27243,52628
9,0.08726,0.08725,0.08724,0.08723,0.08722,0.08721,0.0872,0.08719,0.08718,0.08717,0.08727,0.08728,0.08729,0.0873,0.08731,0.08732,0.08733,0.08734,0.08735,0.08736,158,3044,12892,45751,78826,75045,18179,47956,116961,21785,15748,9792,10237,14174,18683,38772,9771,12855,25155,60556
10,0.08719,0.08718,0.08717,0.08716,0.08715,0.08714,0.08713,0.08712,0.08711,0.0871,0.0872,0.08721,0.08722,0.08723,0.08724,0.08725,0.08726,0.08727,0.08728,0.08729,127,1556,32009,104284,80383,15207,28048,73129,89434,27685,12977,18044,10134,8611,9729,8900,16827,55175,4290,7638
11,0.08719,0.08718,0.08717,0.08716,0.08715,0.08714,0.08713,0.08712,0.08711,0.0871,0.0872,0.08721,0.08722,0.08723,0.08724,0.08725,0.08726,0.08727,0.08728,0.08729,14669,8189,20873,71677,46893,19672,58244,80282,70605,27685,1696,3546,10199,11006,7072,1909,15603,58099,7075,19853
12,0.08711,0.0871,0.08709,0.08708,0.08707,0.08706,0.08705,0.08704,0.08703,0.08702,0.08712,0.08713,0.08714,0.08715,0.08716,0.08717,0.08718,0.08719,0.0872,0.08721,4654,15881,29757,38732,54439,71380,33646,27728,69874,25980,6760,6001,5905,8525,9625,3800,16947,68244,19960,3782
13,0.08712,0.08711,0.0871,0.08709,0.08708,0.08707,0.08706,0.08705,0.08704,0.08703,0.08713,0.08714,0.08715,0.08716,0.08717,0.08718,0.08719,0.0872,0.08721,0.08722,8095,11430,27657,99543,34129,62163,80462,75893,24943,58469,1111,7153,6733,9859,9537,6810,22160,42453,22030,30540
14,0.08724,0.08723,0.08722,0.08721,0.0872,0.08719,0.08718,0.08717,0.08716,0.08715,0.08725,0.08726,0.08727,0.08728,0.08729,0.0873,0.08731,0.08732,0.08733,0.08734,9685,1946,21578,89848,30694,38664,77582,73102,36893,60936,265,1555,1973,1995,15151,48649,14436,1995,32414,94087
15,0.08728,0.08727,0.08726,0.08725,0.08724,0.08723,0.08722,0.08721,0.0872,0.08719,0.08729,0.0873,0.08731,0.08732,0.08733,0.08734,0.08735,0.08736,0.08737,0.08738,13527,9282,16229,62873,70545,48278,78964,81701,10036,32910,5212,3130,5900,15641,32493,6593,17148,4824,30025,107765
16,0.08727,0.08726,0.08725,0.08724,0.08723,0.08722,0.08721,0.0872,0.08719,0.08718,0.08728,0.08729,0.0873,0.08731,0.08732,0.08733,0.08734,0.08735,0.08736,0.08737,8185,20869,47053,72733,30028,96163,96325,35185,37983,106117,3295,5280,11494,6417,18504,33606,9317,4328,8318,38611
17,0.08746,0.08745,0.08744,0.08743,0.08742,0.08741,0.0874,0.08739,0.08738,0.08737,0.08747,0.08748,0.08749,0.0875,0.08751,0.08752,0.08753,0.08754,0.08755,0.08756,10516,21004,18663,64251,115773,35921,36724,75128,62673,56943,5092,3215,11225,37682,24533,5729,10760,30545,17173,23248
18,0.08741,0.0874,0.08739,0.08738,0.08737,0.08736,0.08735,0.08734,0.08733,0.08732,0.08742,0.08743,0.08744,0.08745,0.08746,0.08747,0.08748,0.08749,0.0875,0.08751,8215,28679,60647,31857,59413,65560,54221,75503,74756,12693,1278,5901,8192,20056,38271,22078,14407,23492,55712,30185
19,0.08753,0.08752,0.08751,0.0875,0.08749,0.08748,0.08747,0.08746,0.08745,0.08744,0.08754,0.08755,0.08756,0.08757,0.08758,0.08759,0.0876,0.08761,0.08762,0.08763,55063,16359,32740,82008,45125,71124,80207,63104,29441,17364,920,6094,6935,9344,1908,9827,38274,2011,6582,20067
20,0.08759,0.08758,0.08757,0.08756,0.08755,0.08754,0.08753,0.08752,0.08751,0.0875,0.0876,0.08761,0.08762,0.08763,0.08764,0.08765,0.08766,0.08767,0.08768,0.08769,19193,68051,32609,46076,72757,61005,87503,43226,75522,77771,2898,3163,4761,1908,2129,16916,34572,14668,19290,30443
21,0.08767,0.08766,0.08765,0.08764,0.08763,0.08762,0.08761,0.0876,0.08759,0.08758,0.08768,0.08769,0.0877,0.08771,0.08772,0.08773,0.08774,0.08775,0.08776,0.08777,59626,32490,36689,96106,64791,53239,84794,36930,75764,62604,5020,3060,7165,17140,31282,10142,34140,23849,34203,65416
22,0.08768,0.08767,0.08766,0.08765,0.08764,0.08763,0.08762,0.08761,0.0876,0.08759,0.08769,0.0877,0.08771,0.08772,0.08773,0.08774,0.08775,0.08776,0.08777,0.08778,42680,60033,37105,45554,70407,57530,38539,113743,28439,67771,5860,5802,16959,37807,17691,17047,32732,13047,52872,2854
23,0.08773,0.08772,0.08771,0.0877,0.08769,0.08768,0.08767,0.08766,0.08765,0.08764,0.08774,0.08775,0.08776,0.08777,0.08778,0.08779,0.0878,0.08781,0.08782,0.08783,1220,14834,68830,44888,28347,80543,61171,35284,34990,88779,8034,10416,8764,26870,16989,46771,37455,19530,38526,36992
24,0.08779,0.08778,0.08777,0.08776,0.08775,0.08774,0.08773,0.08772,0.08771,0.0877,0.0878,0.08781,0.08782,0.08783,0.08784,0.08785,0.08786,0.08787,0.08788,0.08789,1981,72241,24293,87843,59996,29467,41025,73585,66578,38236,7769,2951,10584,18027,22199,21622,26919,51163,24237,22286
25,0.08777,0.08776,0.08775,0.08774,0.08773,0.08772,0.08771,0.0877,0.08769,0.08768,0.08778,0.08779,0.0878,0.08781,0.08782,0.08783,0.08784,0.08785,0.08786,0.08787,155,7334,34452,88741,28308,73328,81442,61083,40032,68029,6792,7449,2693,11379,17361,33501,65365,24562,15061,16785
26,0.08782,0.08781,0.0878,0.08779,0.08778,0.08777,0.08776,0.08775,0.08774,0.08773,0.08783,0.08784,0.08785,0.08786,0.08787,0.08788,0.08789,0.0879,0.08791,0.08792,63,19322,62627,34182,46791,81998,69628,31444,89614,37031,9347,16938,11214,17887,14509,8888,13125,24407,59156,16272
27,0.08774,0.08773,0.08772,0.08771,0.0877,0.08769,0.08768,0.08767,0.08766,0.08765,0.08775,0.08776,0.08777,0.08778,0.08779,0.0878,0.08781,0.08782,0.08783,0.08784,8407,12895,18452,45837,82050,33319,94213,84272,24153,29530,945,7874,13652,13032,18033,21004,13122,28659,96893,50359
28,0.0877,0.08769,0.08768,0.08767,0.08766,0.08765,0.08764,0.08763,0.08762,0.08761,0.08771,0.08772,0.08773,0.08774,0.08775,0.08776,0.08777,0.08778,0.08779,0.0878,30027,9192,37667,131529,33349,54368,89277,85784,37213,80991,6633,9167,8712,9463,11906,25446,35886,27902,25817,53481
29,0.08769,0.08768,0.08767,0.08766,0.08765,0.08764,0.08763,0.08762,0.08761,0.0876,0.0877,0.08771,0.08772,0.08773,0.08774,0.08775,0.08776,0.08777,0.08778,0.08779,3411,28982,69748,35640,48091,77866,115852,37213,83524,30620,7158,10015,5512,17634,16708,12590,23670,45995,31191,32419
30,0.0876,0.08759,0.08758,0.08757,0.08756,0.08755,0.08754,0.08753,0.08752,0.08751,0.08761,0.08762,0.08763,0.08764,0.08765,0.08766,0.08767,0.08768,0.08769,0.0877,10904,37709,71156,54036,44103,74165,62543,101176,23985,77205,6362,10537,6842,15360,32889,49501,47451,25016,23269,10226
31,0.0876,0.08759,0.08758,0.08757,0.08756,0.08755,0.08754,0.08753,0.08752,0.08751,0.08761,0.08762,0.08763,0.08764,0.08765,0.08766,0.08767,0.08768,0.08769,0.0877,10074,11762,18758,73799,79141,78330,56831,74893,35412,71393,1111,7068,9342,13467,17072,28716,51801,51322,27099,21593
32,0.08759,0.08758,0.08757,0.08756,0.08755,0.08754,0.08753,0.08752,0.08751,0.0875,0.0876,0.08761,0.08762,0.08763,0.08764,0.08765,0.08766,0.08767,0.08768,0.08769,782,11876,48071,93339,76220,56831,85102,23985,71393,89971,6834,8057,9071,11984,19939,23690,22064,53391,62645,9522
33,0.08755,0.08754,0.08753,0.08752,0.08751,0.0875,0.08749,0.08748,0.08747,0.08746,0.08756,0.08757,0.08758,0.08759,0.0876,0.08761,0.08762,0.08763,0.08764,0.08765,8413,24212,53405,36911,111514,66990,24375,75694,85231,77734,7659,10426,9314,16554,15840,25876,48814,61391,27303,28108
34,0.08754,0.08753,0.08752,0.08751,0.0875,0.08749,0.08748,0.08747,0.08746,0.08745,0.08755,0.08756,0.08757,0.08758,0.08759,0.0876,0.08761,0.08762,0.08763,0.08764,18087,53051,41864,105365,80040,23612,68956,92328,84446,9941,1766,1307,10780,14456,16554,18524,34758,65303,48769,27303
35,0.08754,0.08753,0.08752,0.08751,0.0875,0.08749,0.08748,0.08747,0.08746,0.08745,0.08755,0.08756,0.08757,0.08758,0.08759,0.0876,0.08761,0.08762,0.08763,0.08764,8812,14988,35973,72784,72808,29157,39426,105975,78551,15063,2217,3129,13635,13778,17199,21548,28767,70070,52498,12396
36,0.08753,0.08752,0.08751,0.0875,0.08749,0.08748,0.08747,0.08746,0.08745,0.08744,0.08754,0.08755,0.08756,0.08757,0.08758,0.08759,0.0876,0.08761,0.08762,0.08763,49061,20565,53141,81068,17941,52256,115490,74774,9370,22575,7406,7421,9515,20181,22001,24194,50789,47550,50421,11866
37,0.08747,0.08746,0.08745,0.08744,0.08743,0.08742,0.08741,0.0874,0.08739,0.08738,0.08748,0.08749,0.0875,0.08751,0.08752,0.08753,0.08754,0.08755,0.08756,0.08757,15142,72066,13608,54599,112941,81046,33793,40283,87314,91386,6973,3014,10102,20676,39004,51222,23273,22070,22189,31230
38,0.08747,0.08746,0.08745,0.08744,0.08743,0.08742,0.08741,0.0874,0.08739,0.08738,0.08748,0.08749,0.0875,0.08751,0.08752,0.08753,0.08754,0.08755,0.08756,0.08757,9551,25822,55640,25314,94741,131399,30276,51842,86297,91386,7505,5808,16239,20079,45913,43497,28305,64314,21056,48675
39,0.08748,0.08747,0.08746,0.08745,0.08744,0.08743,0.08742,0.08741,0.0874,0.08739,0.08749,0.0875,0.08751,0.08752,0.08753,0.08754,0.08755,0.08756,0.08757,0.08758,9559,8138,32262,92064,43232,54465,113760,18144,60499,81505,5017,10824,20731,41042,40756,27300,55817,54368,54456,89283
40,0.08734,0.08733,0.08732,0.08731,0.0873,0.08729,0.08728,0.08727,0.08726,0.08725,0.08735,0.08736,0.08737,0.08738,0.08739,0.0874,0.08741,0.08742,0.08743,0.08744,5382,15697,32574,31523,14474,19286,40904,82718,83834,36206,16649,17003,19079,26555,77413,47642,30815,100305,68771,43233
41,0.08718,0.08717,0.08716,0.08715,0.08714,0.08713,0.08712,0.08711,0.0871,0.08709,0.08719,0.0872,0.08721,0.08722,0.08723,0.08724,0.08725,0.08726,0.08727,0.08728,8144,6048,8166,31461,38822,26319,35382,16693,37749,103199,15718,7526,11363,34603,12214,16507,38656,125083,90038,10581
