timestamp,bid_price_0,bid_price_1,bid_price_2,bid_price_3,bid_price_4,bid_price_5,bid_price_6,bid_price_7,bid_price_8,bid_price_9,ask_price_0,ask_price_1,ask_price_2,ask_price_3,ask_price_4,ask_price_5,ask_price_6,ask_price_7,ask_price_8,ask_price_9,bid_size_0,bid_size_1,bid_size_2,bid_size_3,bid_size_4,bid_size_5,bid_size_6,bid_size_7,bid_size_8,bid_size_9,ask_size_0,ask_size_1,ask_size_2,ask_size_3,ask_size_4,ask_size_5,ask_size_6,ask_size_7,ask_size_8,ask_size_9
0,0.08753,0.08752,0.08751,0.0875,0.08749,0.08748,0.08747,0.08746,0.08745,0.08744,0.08755,0.08756,0.08757,0.08758,0.08759,0.0876,0.08761,0.08762,0.08763,0.08764,4492,36622,82622,59270,45244,90408,74793,51591,23535,69864,15134,15750,24612,13721,19442,46967,19690,12912,11727,5831
1,0.08742,0.08741,0.0874,0.08739,0.08738,0.08737,0.08736,0.08735,0.08734,0.08733,0.08743,0.08744,0.08745,0.08746,0.08747,0.08748,0.08749,0.0875,0.08751,0.08752,18051,12604,30507,98422,50414,74887,76458,38128,68649,107172,2176,6068,8151,15792,26020,24191,46047,68715,32545,48891
2,0.08739,0.08738,0.08737,0.08736,0.08735,0.08734,0.08733,0.08732,0.08731,0.0873,0.0874,0.08741,0.08742,0.08743,0.08744,0.08745,0.08746,0.08747,0.08748,0.08749,23252,28550,15455,35989,36875,44666,115859,66058,61768,70410,536,3060,5554,11467,16965,11000,13272,46958,49861,27913
3,0.08744,0.08743,0.08742,0.08741,0.0874,0.08739,0.08738,0.08737,0.08736,0.08735,0.08745,0.08746,0.08747,0.08748,0.08749,0.0875,0.08751,0.08752,0.08753,0.08754,178,1548,12244,26290,53193,87445,63523,72608,86218,64134,9721,5264,5036,9187,12170,47835,34088,63340,20147,55706
4,0.0874,0.08739,0.08738,0.08737,0.08736,0.08735,0.08734,0.08733,0.08732,0.08731,0.08741,0.08742,0.08743,0.08744,0.08745,0.08746,0.08747,0.08748,0.08749,0.0875,1273,1571,26529,31710,77204,37719,38284,137508,43219,46991,26652,13692,9844,13605,13189,8822,39264,101076,11525,12050
5,0.08738,0.08737,0.08736,0.08735,0.08734,0.08733,0.08732,0.08731,0.0873,0.08729,0.08739,0.0874,0.08741,0.08742,0.08743,0.08744,0.08745,0.08746,0.08747,0.08748,11373,18776,10972,43893,34778,80930,61570,99822,73467,10151,178,6007,3190,4673,17113,13029,37218,32420,80883,58815
6,0.08739,0.08738,0.08737,0.08736,0.08735,0.08734,0.08733,0.08732,0.08731,0.0873,0.0874,0.08741,0.08742,0.08743,0.08744,0.08745,0.08746,0.08747,0.08748,0.08749,11790,14246,29100,79742,43594,43301,71655,64974,99231,65091,6343,3060,5136,6603,13342,22506,13594,34780,94589,18076
7,0.08745,0.08744,0.08743,0.08742,0.08741,0.0874,0.08739,0.08738,0.08737,0.08736,0.08746,0.08747,0.08748,0.08749,0.0875,0.08751,0.08752,0.08753,0.08754,0.08755,14254,15022,15468,40532,77974,73256,49146,27290,50912,81071,264,11679,18610,34747,17203,21767,6676,31488,69221,67210
8,0.08751,0.0875,0.08749,0.08748,0.08747,0.08746,0.08745,0.08744,0.08743,0.08742,0.08752,0.08753,0.08754,0.08755,0.08756,0.08757,0.08758,0.08759,0.0876,0.08761,4831,8836,15028,56790,74277,42664,90572,74060,42975,54204,17253,6352,1839,11598,43940,29464,39216,21586,4363,24059
9,0.08745,0.08744,0.08743,0.08742,0.08741,0.0874,0.08739,0.08738,0.08737,0.08736,0.08746,0.08747,0.08748,0.08749,0.0875,0.08751,0.08752,0.08753,0.08754,0.08755,5522,9434,7839,23418,44251,116935,42945,29319,54190,77025,5520,10426,5486,26899,60140,36988,9722,7403,18471,46388
10,0.08742,0.08741,0.0874,0.08739,0.08738,0.08737,0.08736,0.08735,0.08734,0.08733,0.08743,0.08744,0.08745,0.08746,0.08747,0.08748,0.08749,0.0875,0.08751,0.08752,3878,8484,11158,41198,20799,32823,80027,90349,53420,58635,2242,12544,12017,27230,46761,6705,9622,38079,93918,49164
11,0.08742,0.08741,0.0874,0.08739,0.08738,0.08737,0.08736,0.08735,0.08734,0.08733,0.08743,0.08744,0.08745,0.08746,0.08747,0.08748,0.08749,0.0875,0.08751,0.08752,4534,6556,18704,38390,11855,48990,82889,76497,30903,61420,1017,6126,10271,12635,28478,22074,43281,40936,82488,61542
12,0.08745,0.08744,0.08743,0.08742,0.08741,0.0874,0.08739,0.08738,0.08737,0.08736,0.08746,0.08747,0.08748,0.08749,0.0875,0.08751,0.08752,0.08753,0.08754,0.08755,6989,28449,81257,39306,71859,77233,48597,39919,35576,127992,6442,20940,21308,6574,11822,28414,19304,40966,24332,1839
13,0.08741,0.0874,0.08739,0.08738,0.08737,0.08736,0.08735,0.08734,0.08733,0.08732,0.08742,0.08743,0.08744,0.08745,0.08746,0.08747,0.08748,0.08749,0.0875,0.08751,178,1554,25341,20612,35604,79964,95891,60776,60974,38733,12076,13474,20881,44757,18668,11932,17493,10105,22988,88802
14,0.0873,0.08729,0.08728,0.08727,0.08726,0.08725,0.08724,0.08723,0.08722,0.08721,0.08731,0.08732,0.08733,0.08734,0.08735,0.08736,0.08737,0.08738,0.08739,0.0874,5385,3782,28711,79662,38196,73858,97769,44779,53548,60878,7270,10590,4708,10682,29629,38509,333,6997,27243,52628
15,0.08726,0.08725,0.08724,0.08723,0.08722,0.08721,0.0872,0.08719,0.08718,0.08717,0.08727,0.08728,0.08729,0.0873,0.08731,0.08732,0.08733,0.08734,0.08735,0.08736,158,3044,12892,45751,78826,75045,18179,47956,116961,21785,15748,9792,10237,14174,18683,38772,9771,12855,25155,60556
16,0.08719,0.08718,0.08717,0.08716,0.08715,0.08714,0.08713,0.08712,0.08711,0.0871,0.0872,0.08721,0.08722,0.08723,0.08724,0.08725,0.08726,0.08727,0.08728,0.08729,127,1556,32009,104284,80383,15207,28048,73129,89434,27685,12977,18044,10134,8611,9729,8900,16827,55175,4290,7638
17,0.08718,0.08717,0.08716,0.08715,0.08714,0.08713,0.08712,0.08711,0.0871,0.08709,0.08719,0.0872,0.08721,0.08722,0.08723,0.08724,0.08725,0.08726,0.08727,0.08728,9210,22030,64473,43957,21820,55205,91826,82087,27685,57851,1864,10978,17007,9484,15862,46255,16580,62294,39407,7075
18,0.08711,0.0871,0.08709,0.08708,0.08707,0.08706,0.08705,0.08704,0.08703,0.08702,0.08712,0.08713,0.08714,0.08715,0.08716,0.08717,0.08718,0.08719,0.0872,0.08721,4654,15881,29757,38732,54439,71380,33646,27728,69874,25980,6760,6001,5905,8525,9625,3800,16947,68244,19960,3782
19,0.08712,0.08711,0.0871,0.08709,0.08708,0.08707,0.08706,0.08705,0.08704,0.08703,0.08713,0.08714,0.08715,0.08716,0.08717,0.08718,0.08719,0.0872,0.08721,0.08722,8095,11430,27657,99543,34129,62163,80462,75893,24943,58469,1111,7153,6733,9859,9537,6810,22160,42453,22030,30540
20,0.08725,0.08724,0.08723,0.08722,0.08721,0.0872,0.08719,0.08718,0.08717,0.08716,0.08726,0.08727,0.08728,0.08729,0.0873,0.08731,0.08732,0.08733,0.08734,0.08735,7389,3066,4708,33770,96388,11983,30009,78155,73102,34681,265,3194,4790,7067,35756,1909,19235,49957,82001,3168
21,0.08728,0.08727,0.08726,0.08725,0.08724,0.08723,0.08722,0.08721,0.0872,0.08719,0.08729,0.0873,0.08731,0.08732,0.08733,0.08734,0.08735,0.08736,0.08737,0.08738,13527,9282,16229,62873,70545,48278,78964,81701,10036,32910,5212,3130,5900,15641,32493,6593,19460,7808,30025,107765
22,0.08727,0.08726,0.08725,0.08724,0.08723,0.08722,0.08721,0.0872,0.08719,0.08718,0.08728,0.08729,0.0873,0.08731,0.08732,0.08733,0.08734,0.08735,0.08736,0.08737,8185,20869,47053,72733,30028,96163,96325,35185,37983,106117,3295,5280,11494,6417,18504,33606,9317,4328,8318,38611
23,0.08746,0.08745,0.08744,0.08743,0.08742,0.08741,0.0874,0.08739,0.08738,0.08737,0.08747,0.08748,0.08749,0.0875,0.08751,0.08752,0.08753,0.08754,0.08755,0.08756,10516,21004,13689,64251,115773,35921,36724,75128,62673,56943,5092,3215,11225,37682,24533,6924,10760,30545,17173,23248
24,0.08741,0.0874,0.08739,0.08738,0.08737,0.08736,0.08735,0.08734,0.08733,0.08732,0.08742,0.08743,0.08744,0.08745,0.08746,0.08747,0.08748,0.08749,0.0875,0.08751,8215,28679,60647,31857,59413,65560,54221,75503,74756,12693,1278,5901,8192,20056,38271,22078,14407,23492,55712,30185
25,0.08753,0.08752,0.08751,0.0875,0.08749,0.08748,0.08747,0.08746,0.08745,0.08744,0.08754,0.08755,0.08756,0.08757,0.08758,0.08759,0.0876,0.08761,0.08762,0.08763,55063,16359,27026,87722,45125,71124,79636,63104,29441,17364,920,6094,6935,9344,1908,9827,38274,2011,6582,20067
26,0.08759,0.08758,0.08757,0.08756,0.08755,0.08754,0.08753,0.08752,0.08751,0.0875,0.0876,0.08761,0.08762,0.08763,0.08764,0.08765,0.08766,0.08767,0.08768,0.08769,19193,68051,32609,46076,72757,61005,87503,43226,75522,77771,2898,3163,4761,1908,2129,16916,34572,14668,19290,30443
27,0.08767,0.08766,0.08765,0.08764,0.08763,0.08762,0.08761,0.0876,0.08759,0.08758,0.08768,0.08769,0.0877,0.08771,0.08772,0.08773,0.08774,0.08775,0.08776,0.08777,57344,31295,36689,97301,59258,32913,84794,36930,75764,62604,5380,3129,7165,17140,31282,15842,34140,23849,34203,54021
28,0.08768,0.08767,0.08766,0.08765,0.08764,0.08763,0.08762,0.08761,0.0876,0.08759,0.08769,0.0877,0.08771,0.08772,0.08773,0.08774,0.08775,0.08776,0.08777,0.08778,42680,60033,37105,45554,70407,57530,38539,113743,28439,67771,5860,5802,16959,37807,17691,17047,32732,13047,52872,2854
29,0.08772,0.08771,0.0877,0.08769,0.08768,0.08767,0.08766,0.08765,0.08764,0.08763,0.08773,0.08774,0.08775,0.08776,0.08777,0.08778,0.08779,0.0878,0.08781,0.08782,4661,61457,31332,33152,95294,61171,31566,34990,88779,51678,10499,10683,6346,12174,24580,12484,46771,36260,19530,33215
30,0.08779,0.08778,0.08777,0.08776,0.08775,0.08774,0.08773,0.08772,0.08771,0.0877,0.0878,0.08781,0.08782,0.08783,0.08784,0.08785,0.08786,0.08787,0.08788,0.08789,1981,72241,24293,87843,59996,29467,41025,73585,66578,38236,7769,2951,10584,18027,22199,21622,26919,51163,24237,22286
31,0.08775,0.08774,0.08773,0.08772,0.08771,0.0877,0.08769,0.08768,0.08767,0.08766,0.08776,0.08777,0.08778,0.08779,0.0878,0.08781,0.08782,0.08783,0.08784,0.08785,14145,77090,24374,86867,81442,55812,51022,68598,62726,36224,2795,1422,12588,16751,10666,16506,17361,33501,62279,20432
32,0.08782,0.08781,0.0878,0.08779,0.08778,0.08777,0.08776,0.08775,0.08774,0.08773,0.08783,0.08784,0.08785,0.08786,0.08787,0.08788,0.08789,0.0879,0.08791,0.08792,63,19322,62627,34182,46791,81998,69628,31444,89614,37031,9347,16938,11214,17887,14509,8888,13125,24407,59156,16272
33,0.08774,0.08773,0.08772,0.08771,0.0877,0.08769,0.08768,0.08767,0.08766,0.08765,0.08775,0.08776,0.08777,0.08778,0.08779,0.0878,0.08781,0.08782,0.08783,0.08784,115,1554,14791,55699,81240,30468,94213,84272,35561,29530,9675,10299,9583,13032,24924,21004,16300,37201,88352,38972
34,0.0877,0.08769,0.08768,0.08767,0.08766,0.08765,0.08764,0.08763,0.08762,0.08761,0.08771,0.08772,0.08773,0.08774,0.08775,0.08776,0.08777,0.08778,0.08779,0.0878,30027,9192,37667,131529,33349,54368,89847,85784,37213,80991,2852,9081,8712,9463,11906,25446,35886,27902,25817,53481
35,0.08769,0.08768,0.08767,0.08766,0.08765,0.08764,0.08763,0.08762,0.08761,0.0876,0.0877,0.08771,0.08772,0.08773,0.08774,0.08775,0.08776,0.08777,0.08778,0.08779,3411,26131,72599,35640,42386,86424,115852,37213,83524,30620,7158,10015,5512,17634,16708,12590,23670,45995,31191,32419
36,0.0876,0.08759,0.08758,0.08757,0.08756,0.08755,0.08754,0.08753,0.08752,0.08751,0.08761,0.08762,0.08763,0.08764,0.08765,0.08766,0.08767,0.08768,0.08769,0.0877,10904,37709,71156,54036,44103,74165,62543,101176,23985,77205,6362,10537,6842,15360,32889,49501,47451,25016,23269,21004
37,0.0876,0.08759,0.08758,0.08757,0.08756,0.08755,0.08754,0.08753,0.08752,0.08751,0.08761,0.08762,0.08763,0.08764,0.08765,0.08766,0.08767,0.08768,0.08769,0.0877,10074,11762,18758,73799,79141,78330,57401,74893,35412,71393,1111,7068,9342,13467,17072,28716,51801,51322,27099,21593
38,0.08759,0.08758,0.08757,0.08756,0.08755,0.08754,0.08753,0.08752,0.08751,0.0875,0.0876,0.08761,0.08762,0.08763,0.08764,0.08765,0.08766,0.08767,0.08768,0.08769,782,11876,48071,93339,76220,56831,85102,23985,71393,89971,6834,8057,9071,11984,19939,23690,22064,53391,62645,9522
39,0.08755,0.08754,0.08753,0.08752,0.08751,0.0875,0.08749,0.08748,0.08747,0.08746,0.08756,0.08757,0.08758,0.08759,0.0876,0.08761,0.08762,0.08763,0.08764,0.08765,8413,24212,53405,36911,111514,66990,24375,75694,85231,77734,7659,10426,9314,16554,15840,25876,48814,61391,27303,28108
40,0.08754,0.08753,0.08752,0.08751,0.0875,0.08749,0.08748,0.08747,0.08746,0.08745,0.08755,0.08756,0.08757,0.08758,0.08759,0.0876,0.08761,0.08762,0.08763,0.08764,18087,53051,41864,105365,80040,23612,68956,92328,84446,9941,1766,1307,10780,14456,16554,18524,34758,65303,48769,27303
41,0.08754,0.08753,0.08752,0.08751,0.0875,0.08749,0.08748,0.08747,0.08746,0.08745,0.08755,0.08756,0.08757,0.08758,0.08759,0.0876,0.08761,0.08762,0.08763,0.08764,8812,63002,35973,72784,72808,33863,42203,105975,78551,15063,2217,1554,13635,13778,17199,21548,28767,70070,52498,12396
42,0.08753,0.08752,0.08751,0.0875,0.08749,0.08748,0.08747,0.08746,0.08745,0.08744,0.08754,0.08755,0.08756,0.08757,0.08758,0.08759,0.0876,0.08761,0.08762,0.08763,49061,20565,53141,81068,17941,52256,115490,74774,9370,22575,7406,7421,9515,20181,22001,24194,50789,47550,50421,11866
43,0.08747,0.08746,0.08745,0.08744,0.08743,0.08742,0.08741,0.0874,0.08739,0.08738,0.08748,0.08749,0.0875,0.08751,0.08752,0.08753,0.08754,0.08755,0.08756,0.08757,15142,72066,13608,54599,112941,81046,33793,40283,87314,91386,6973,3014,10102,20676,39004,51222,23273,22070,22189,31230
44,0.08747,0.08746,0.08745,0.08744,0.08743,0.08742,0.08741,0.0874,0.08739,0.08738,0.08748,0.08749,0.0875,0.08751,0.08752,0.08753,0.08754,0.08755,0.08756,0.08757,9551,25822,55640,25314,94741,131399,30276,51842,86297,91386,7505,5808,16239,20079,45913,43497,28305,64314,21056,48675
45,0.08748,0.08747,0.08746,0.08745,0.08744,0.08743,0.08742,0.08741,0.0874,0.08739,0.08749,0.0875,0.08751,0.08752,0.08753,0.08754,0.08755,0.08756,0.08757,0.08758,9559,8138,32262,92064,43232,54465,113760,18144,60499,81505,5017,10824,20731,41042,40756,27300,55817,54368,54456,89283
46,0.08734,0.08733,0.08732,0.08731,0.0873,0.08729,0.08728,0.08727,0.08726,0.08725,0.08735,0.08736,0.08737,0.08738,0.08739,0.0874,0.08741,0.08742,0.08743,0.08744,5382,15697,32574,31523,14474,19286,40904,82718,83834,36206,16649,17003,19079,26555,77413,47642,30815,100305,68771,43233
47,0.08718,0.08717,0.08716,0.08715,0.08714,0.08713,0.08712,0.08711,0.0871,0.08709,0.08719,0.0872,0.08721,0.08722,0.08723,0.08724,0.08725,0.08726,0.08727,0.08728,8144,6048,8166,31461,38822,26319,35382,16693,37749,103199,15718,7526,11363,34603,12214,16507,38656,125083,90038,10581
48,0.08713,0.08712,0.08711,0.0871,0.08709,0.08708,0.08707,0.08706,0.08705,0.08704,0.08714,0.08715,0.08716,0.08717,0.08718,0.08719,0.0872,0.08721,0.08722,0.08723,6501,4269,11758,51606,27726,54563,26509,83013,29715,45075,17975,16660,12251,9051,17603,25819,53576,65608,40610,39879
49,0.08713,0.08712,0.08711,0.0871,0.08709,0.08708,0.08707,0.08706,0.08705,0.08704,0.08714,0.08715,0.08716,0.08717,0.08718,0.08719,0.0872,0.08721,0.08722,0.08723,8283,5821,16508,66860,29925,23098,58704,93319,64553,29400,14257,5523,8597,27595,12528,31789,65418,68516,35823,33402
50,0.08714,0.08713,0.08712,0.08711,0.0871,0.08709,0.08708,0.08707,0.08706,0.08705,0.08715,0.08716,0.08717,0.08718,0.08719,0.0872,0.08721,0.08722,0.08723,0.08724,14880,7934,16761,56523,61001,115920,32899,50724,96104,61766,5674,3282,4778,6733,10400,39995,94686,43414,33402,69562
51,0.08711,0.0871,0.08709,0.08708,0.08707,0.08706,0.08705,0.08704,0.08703,0.08702,0.08712,0.08713,0.08714,0.08715,0.08716,0.08717,0.08718,0.08719,0.0872,0.08721,7955,5935,22335,32521,35357,103763,61606,54848,67201,48050,8607,2952,10664,18699,20474,44102,42920,19897,35738,84577
52,0.08705,0.08704,0.08703,0.08702,0.08701,0.087,0.08699,0.08698,0.08697,0.08696,0.08706,0.08707,0.08708,0.08709,0.0871,0.08711,0.08712,0.08713,0.08714,0.08715,2872,13021,36483,37634,45356,118145,52699,93349,88426,44441,14179,9709,12403,20446,39423,73668,42544,47050,109841,35740
53,0.08705,0.08704,0.08703,0.08702,0.08701,0.087,0.08699,0.08698,0.08697,0.08696,0.08706,0.08707,0.08708,0.08709,0.0871,0.08711,0.08712,0.08713,0.08714,0.08715,18260,15938,14487,31418,56005,95163,35606,71797,68298,31744,15902,25915,11124,20951,42576,52036,29702,35517,69961,33679
54,0.087,0.08699,0.08698,0.08697,0.08696,0.08695,0.08694,0.08693,0.08692,0.08691,0.08701,0.08702,0.08703,0.08704,0.08705,0.08706,0.08707,0.08708,0.08709,0.0871,12837,5556,20906,48527,31476,96504,101099,45483,14931,27295,7921,6120,14033,16961,26940,67723,57703,70514,25027,47395
55,0.08699,0.08698,0.08697,0.08696,0.08695,0.08694,0.08693,0.08692,0.08691,0.0869,0.087,0.08701,0.08702,0.08703,0.08704,0.08705,0.08706,0.08707,0.08708,0.08709,3053,9581,31552,51672,116917,116025,24938,17716,27295,24641,10128,19949,31889,17246,28018,58297,28624,66327,81078,54012
56,0.087,0.08699,0.08698,0.08697,0.08696,0.08695,0.08694,0.08693,0.08692,0.08691,0.08701,0.08702,0.08703,0.08704,0.08705,0.08706,0.08707,0.08708,0.08709,0.0871,7963,13784,25148,49547,93060,98651,34137,38947,120788,19091,2605,3132,5584,10151,29449,59836,55166,86685,21715,32108
57,0.08701,0.087,0.08699,0.08698,0.08697,0.08696,0.08695,0.08694,0.08693,0.08692,0.08702,0.08703,0.08704,0.08705,0.08706,0.08707,0.08708,0.08709,0.0871,0.08711,7117,3932,26092,66442,45859,90750,71081,16121,15726,113718,6858,7343,4934,7523,26569,31252,26460,39909,24332,67458
58,0.08706,0.08705,0.08704,0.08703,0.08702,0.08701,0.087,0.08699,0.08698,0.08697,0.08707,0.08708,0.08709,0.0871,0.08711,0.08712,0.08713,0.08714,0.08715,0.08716,18177,50914,137387,42219,52128,91966,77484,27313,62913,32034,793,1465,1911,13973,42045,27471,18903,18689,46891,77263
59,0.08699,0.08698,0.08697,0.08696,0.08695,0.08694,0.08693,0.08692,0.08691,0.0869,0.087,0.08701,0.08702,0.08703,0.08704,0.08705,0.08706,0.08707,0.08708,0.08709,3567,4431,41899,113985,69504,46176,57018,122059,18612,19561,11854,12367,9645,19608,55782,36142,38622,31865,27019,12621
60,0.08689,0.08688,0.08687,0.08686,0.08685,0.08684,0.08683,0.08682,0.08681,0.0868,0.0869,0.08691,0.08692,0.08693,0.08694,0.08695,0.08696,0.08697,0.08698,0.08699,19555,18555,38956,101937,38648,87256,80585,18942,48486,97920,652,2976,13264,15941,22580,62913,61421,60893,43536,67197
61,0.08684,0.08683,0.08682,0.08681,0.0868,0.08679,0.08678,0.08677,0.08676,0.08675,0.08685,0.08686,0.08687,0.08688,0.08689,0.0869,0.08691,0.08692,0.08693,0.08694,18366,16142,16739,53011,81015,48928,88141,68481,16485,38457,2670,3133,8754,17708,24316,49972,68993,26460,76233,69035
62,0.08683,0.08682,0.08681,0.0868,0.08679,0.08678,0.08677,0.08676,0.08675,0.08674,0.08684,0.08685,0.08686,0.08687,0.08688,0.08689,0.0869,0.08691,0.08692,0.08693,3608,26284,72339,74195,56425,62390,86515,58534,46136,75002,20268,9553,13638,15618,16360,20179,50422,50938,23413,40183
63,0.08672,0.08671,0.0867,0.08669,0.08668,0.08667,0.08666,0.08665,0.08664,0.08663,0.08673,0.08674,0.08675,0.08676,0.08677,0.08678,0.08679,0.0868,0.08681,0.08682,11477,21390,73669,53682,82798,76257,77284,76976,105748,29121,12112,5313,7659,20937,14064,22483,62796,53459,67092,35959
64,0.08672,0.08671,0.0867,0.08669,0.08668,0.08667,0.08666,0.08665,0.08664,0.08663,0.08673,0.08674,0.08675,0.08676,0.08677,0.08678,0.08679,0.0868,0.08681,0.08682,8189,6300,22933,66828,85386,85039,73314,57154,118938,31906,18655,7113,9204,12076,28028,49933,40841,45418,61654,17563
65,0.08671,0.0867,0.08669,0.08668,0.08667,0.08666,0.08665,0.08664,0.08663,0.08662,0.08672,0.08673,0.08674,0.08675,0.08676,0.08677,0.08678,0.08679,0.0868,0.08681,19111,38647,25070,99961,81823,76170,43029,67764,7168,16902,6856,2976,8616,12508,10024,23201,44910,27979,61150,64992
66,0.08679,0.08678,0.08677,0.08676,0.08675,0.08674,0.08673,0.08672,0.08671,0.0867,0.0868,0.08681,0.08682,0.08683,0.08684,0.08685,0.08686,0.08687,0.08688,0.08689,27758,13909,39822,86554,93508,28526,22257,42161,99305,25777,1150,1558,7702,9601,24766,67829,14755,37370,84603,57558
67,0.08686,0.08685,0.08684,0.08683,0.08682,0.08681,0.0868,0.08679,0.08678,0.08677,0.08687,0.08688,0.08689,0.0869,0.08691,0.08692,0.08693,0.08694,0.08695,0.08696,2283,4436,10564,105681,69865,36438,78111,136827,22816,26793,7379,11658,9183,41629,43211,24270,59753,76733,37059,67416
68,0.08683,0.08682,0.08681,0.0868,0.08679,0.08678,0.08677,0.08676,0.08675,0.08674,0.08684,0.08685,0.08686,0.08687,0.08688,0.08689,0.0869,0.08691,0.08692,0.08693,12564,21455,20467,46689,157743,14653,34288,75113,77580,15660,535,3133,10602,21643,38802,56935,62657,73568,16752,37017
69,0.08681,0.0868,0.08679,0.08678,0.08677,0.08676,0.08675,0.08674,0.08673,0.08672,0.08682,0.08683,0.08684,0.08685,0.08686,0.08687,0.08688,0.08689,0.0869,0.08691,7624,11128,127250,33942,49574,99295,80462,10374,15125,64267,9278,5388,14978,18554,14295,24831,37548,78292,59789,21482
70,0.08673,0.08672,0.08671,0.0867,0.08669,0.08668,0.08667,0.08666,0.08665,0.08664,0.08674,0.08675,0.08676,0.08677,0.08678,0.08679,0.0868,0.08681,0.08682,0.08683,14641,27373,54600,50728,71696,80132,80365,101066,45100,55607,2724,5570,13364,22406,45365,26362,42955,10984,21424,39872
71,0.08671,0.0867,0.08669,0.08668,0.08667,0.08666,0.08665,0.08664,0.08663,0.08662,0.08672,0.08673,0.08674,0.08675,0.08676,0.08677,0.08678,0.08679,0.0868,0.08681,8746,10532,28086,65132,123992,106246,53050,61962,25143,28558,16892,7206,8726,16097,21621,44167,71850,68876,35298,19743
72,0.08666,0.08665,0.08664,0.08663,0.08662,0.08661,0.0866,0.08659,0.08658,0.08657,0.08667,0.08668,0.08669,0.0867,0.08671,0.08672,0.08673,0.08674,0.08675,0.08676,10378,46672,55829,47895,68318,114731,65907,28983,73915,38937,5215,7940,10355,33934,13959,11075,18317,33306,82860,68437
73,0.08668,0.08667,0.08666,0.08665,0.08664,0.08663,0.08662,0.08661,0.0866,0.08659,0.08669,0.0867,0.08671,0.08672,0.08673,0.08674,0.08675,0.08676,0.08677,0.08678,8915,17750,29399,120780,61842,30481,74091,112657,62436,35894,6801,9929,8323,11965,15976,18957,63465,100769,28266,41070
74,0.08681,0.0868,0.08679,0.08678,0.08677,0.08676,0.08675,0.08674,0.08673,0.08672,0.08682,0.08683,0.08684,0.08685,0.08686,0.08687,0.08688,0.08689,0.0869,0.08691,37200,12861,28219,94162,65818,73510,81958,55053,59406,110506,4757,3197,4802,12742,18515,49613,33614,33763,86207,41448
75,0.08683,0.08682,0.08681,0.0868,0.08679,0.08678,0.08677,0.08676,0.08675,0.08674,0.08684,0.08685,0.08686,0.08687,0.08688,0.08689,0.0869,0.08691,0.08692,0.08693,9174,15477,21452,56859,52601,102034,58524,69755,63873,16467,5527,6012,12461,10675,24002,63518,43884,67025,46254,36969
76,0.08684,0.08683,0.08682,0.08681,0.0868,0.08679,0.08678,0.08677,0.08676,0.08675,0.08685,0.08686,0.08687,0.08688,0.08689,0.0869,0.08691,0.08692,0.08693,0.08694,6724,15450,30629,108440,58973,42646,101032,60469,73293,60343,1540,3133,5934,20999,46028,29772,17015,20816,58759,74770
77,0.08687,0.08686,0.08685,0.08684,0.08683,0.08682,0.08681,0.0868,0.08679,0.08678,0.08688,0.08689,0.0869,0.08691,0.08692,0.08693,0.08694,0.08695,0.08696,0.08697,8436,17135,32489,65213,46799,100371,78024,27482,51959,79770,7612,6446,5039,13007,17380,40878,44970,18626,48340,69318
78,0.08691,0.0869,0.08689,0.08688,0.08687,0.08686,0.08685,0.08684,0.08683,0.08682,0.08692,0.08693,0.08694,0.08695,0.08696,0.08697,0.08698,0.08699,0.087,0.08701,16661,6926,13756,64268,114981,39667,53019,75198,45977,85118,1535,1471,5579,10472,17939,41932,23228,54095,68733,16384
79,0.08689,0.08688,0.08687,0.08686,0.08685,0.08684,0.08683,0.08682,0.08681,0.0868,0.08691,0.08692,0.08693,0.08694,0.08695,0.08696,0.08697,0.08698,0.08699,0.087,7622,1912,33872,59428,28217,70817,39258,83479,55039,7095,9006,7509,14989,32591,33128,46633,33554,80355,54707,13110
80,0.08679,0.08678,0.08677,0.08676,0.08675,0.08674,0.08673,0.08672,0.08671,0.0867,0.0868,0.08681,0.08682,0.08683,0.08684,0.08685,0.08686,0.08687,0.08688,0.08689,15024,10541,31811,56444,136463,59856,54898,58278,22000,70672,17844,5872,13068,20506,41752,31353,16318,60684,70940,70032
81,0.08676,0.08675,0.08674,0.08673,0.08672,0.08671,0.0867,0.08669,0.08668,0.08667,0.08677,0.08678,0.08679,0.0868,0.08681,0.08682,0.08683,0.08684,0.08685,0.08686,7475,5214,20590,62846,85605,61211,80113,107309,7103,9979,21680,8407,10722,15752,16438,19490,45844,45225,85340,18247
82,0.08668,0.08667,0.08666,0.08665,0.08664,0.08663,0.08662,0.08661,0.0866,0.08659,0.08669,0.0867,0.08671,0.08672,0.08673,0.08674,0.08675,0.08676,0.08677,0.08678,18836,16374,34038,109465,25439,32270,105461,99491,49419,67709,1276,5679,9765,17922,27655,15588,30999,111252,35872,91589
83,0.08666,0.08665,0.08664,0.08663,0.08662,0.08661,0.0866,0.08659,0.08658,0.08657,0.08667,0.08668,0.08669,0.0867,0.08671,0.08672,0.08673,0.08674,0.08675,0.08676,8895,98425,76863,42542,102123,100892,66620,55183,20647,53210,4629,8165,8641,10003,23773,26406,27380,20220,53103,62442
84,0.08675,0.08674,0.08673,0.08672,0.08671,0.0867,0.08669,0.08668,0.08667,0.08666,0.08676,0.08677,0.08678,0.08679,0.0868,0.08681,0.08682,0.08683,0.08684,0.08685,15279,20844,44085,94406,19791,75041,125952,20757,11448,31700,5104,7610,5486,10487,9660,9426,32547,72550,42461,80527
85,0.08684,0.08683,0.08682,0.08681,0.0868,0.08679,0.08678,0.08677,0.08676,0.08675,0.08685,0.08686,0.08687,0.08688,0.08689,0.0869,0.08691,0.08692,0.08693,0.08694,5069,1494,11119,77510,47896,84260,103330,51926,16485,59089,7375,3133,15990,39772,26991,28387,53893,50256,88193,72721
86,0.08684,0.08683,0.08682,0.08681,0.0868,0.08679,0.08678,0.08677,0.08676,0.08675,0.08685,0.08686,0.08687,0.08688,0.08689,0.0869,0.08691,0.08692,0.08693,0.08694,14116,17420,45354,94892,46509,100799,71535,53179,19394,59862,8067,11953,10256,17579,11598,25704,67060,59618,84806,21916
87,0.08679,0.08678,0.08677,0.08676,0.08675,0.08674,0.08673,0.08672,0.08671,0.0867,0.0868,0.08681,0.08682,0.08683,0.08684,0.08685,0.08686,0.08687,0.08688,0.08689,180,4369,6337,35444,87711,73273,80443,69420,28880,51733,22140,23973,42446,30250,53496,18248,46452,91607,28677,29592
88,0.08681,0.0868,0.08679,0.08678,0.08677,0.08676,0.08675,0.08674,0.08673,0.08672,0.08682,0.08683,0.08684,0.08685,0.08686,0.08687,0.08688,0.08689,0.0869,0.08691,15067,24415,40140,84141,41006,49584,80306,59089,40694,55115,35755,1558,9705,14624,15406,28887,31736,71855,62104,31786
89,0.08674,0.08673,0.08672,0.08671,0.0867,0.08669,0.08668,0.08667,0.08666,0.08665,0.08675,0.08676,0.08677,0.08678,0.08679,0.0868,0.08681,0.08682,0.08683,0.08684,9590,9133,10316,39931,58109,118377,38464,56073,24592,116996,2398,5524,10782,21566,41683,53691,42294,22980,66228,84313
90,0.08676,0.08675,0.08674,0.08673,0.08672,0.08671,0.0867,0.08669,0.08668,0.08667,0.08677,0.08678,0.08679,0.0868,0.08681,0.08682,0.08683,0.08684,0.08685,0.08686,3669,15092,19017,72686,44519,69617,39293,89676,63895,9669,7186,10567,28586,10138,17709,43726,45297,98842,54688,27326
91,0.08674,0.08673,0.08672,0.08671,0.0867,0.08669,0.08668,0.08667,0.08666,0.08665,0.08675,0.08676,0.08677,0.08678,0.08679,0.0868,0.08681,0.08682,0.08683,0.08684,10455,22196,27411,89756,50128,98327,60911,17986,24489,113790,2217,5478,10195,16077,30317,18903,30767,51613,38229,89247
92,0.08681,0.0868,0.08679,0.08678,0.08677,0.08676,0.08675,0.08674,0.08673,0.08672,0.08682,0.08683,0.08684,0.08685,0.08686,0.08687,0.08688,0.08689,0.0869,0.08691,10823,18707,55115,159479,68798,56768,35935,74365,90877,7976,5905,3133,5170,11394,16515,23685,52809,54153,81796,57351
93,0.08683,0.08682,0.08681,0.0868,0.08679,0.08678,0.08677,0.08676,0.08675,0.08674,0.08684,0.08685,0.08686,0.08687,0.08688,0.08689,0.0869,0.08691,0.08692,0.08693,24646,9135,16351,25072,63649,148284,71628,52283,19955,53538,6341,3133,8895,23685,47053,55589,69866,24333,28913,73516
94,0.08686,0.08685,0.08684,0.08683,0.08682,0.08681,0.0868,0.08679,0.08678,0.08677,0.08687,0.08688,0.08689,0.0869,0.08691,0.08692,0.08693,0.08694,0.08695,0.08696,980,7112,11550,70616,132938,71255,30784,41009,83344,64954,8962,12336,13980,27512,15275,26633,48771,41908,74811,9684
95,0.08686,0.08685,0.08684,0.08683,0.08682,0.08681,0.0868,0.08679,0.08678,0.08677,0.08687,0.08688,0.08689,0.0869,0.08691,0.08692,0.08693,0.08694,0.08695,0.08696,7997,3069,10847,68752,97550,79895,32853,34894,56321,64954,11008,5682,16057,27512,15275,20629,55599,55089,86314,9684
96,0.08681,0.0868,0.08679,0.08678,0.08677,0.08676,0.08675,0.08674,0.08673,0.08672,0.08682,0.08683,0.08684,0.08685,0.08686,0.08687,0.08688,0.08689,0.0869,0.08691,6980,3197,23886,94887,90420,48599,64398,56323,88419,10331,16533,10172,16225,32954,54033,19322,34105,100421,38423,25466
97,0.08679,0.08678,0.08677,0.08676,0.08675,0.08674,0.08673,0.08672,0.08671,0.0867,0.0868,0.08681,0.08682,0.08683,0.08684,0.08685,0.08686,0.08687,0.08688,0.08689,10069,35660,126291,64965,109306,56323,99950,10331,55132,41752,61475,7125,5709,15472,20604,44340,62350,57462,47783,64923
98,0.0867,0.08669,0.08668,0.08667,0.08666,0.08665,0.08664,0.08663,0.08662,0.08661,0.08671,0.08672,0.08673,0.08674,0.08675,0.08676,0.08677,0.08678,0.08679,0.0868,2204,4442,12092,26510,57434,137701,63617,48452,60442,88838,12593,14086,11028,34636,21585,26110,47095,92946,92898,31787
99,0.0867,0.08669,0.08668,0.08667,0.08666,0.08665,0.08664,0.08663,0.08662,0.08661,0.08671,0.08672,0.08673,0.08674,0.08675,0.08676,0.08677,0.08678,0.08679,0.0868,8725,5960,17701,43255,56285,136980,51975,19732,55119,117706,7573,10981,27690,35725,35109,20060,18607,22148,40500,140368
100,0.08664,0.08663,0.08662,0.08661,0.0866,0.08659,0.08658,0.08657,0.08656,0.08655,0.08665,0.08666,0.08667,0.08668,0.08669,0.0867,0.08671,0.08672,0.08673,0.08674,4296,8486,28340,75665,61795,84288,58656,68478,91444,7420,63948,7661,8982,20706,24211,49666,69895,40936,69148,73406
101,0.08669,0.08668,0.08667,0.08666,0.08665,0.08664,0.08663,0.08662,0.08661,0.0866,0.0867,0.08671,0.08672,0.08673,0.08674,0.08675,0.08676,0.08677,0.08678,0.08679,25520,13265,16956,50833,99980,17126,48410,83475,101362,7783,643,1558,6323,16430,27790,31481,27418,102078,11320,49168
102,0.08674,0.08673,0.08672,0.08671,0.0867,0.08669,0.08668,0.08667,0.08666,0.08665,0.08675,0.08676,0.08677,0.08678,0.08679,0.0868,0.08681,0.08682,0.08683,0.08684,16743,12986,40997,105697,69231,52708,60982,44306,54712,75906,6417,1937,2419,9609,19432,28452,20256,71937,85094,74473
103,0.08675,0.08674,0.08673,0.08672,0.08671,0.0867,0.08669,0.08668,0.08667,0.08666,0.08676,0.08677,0.08678,0.08679,0.0868,0.08681,0.08682,0.08683,0.08684,0.08685,13186,22209,29327,48868,88107,66428,36316,66849,53215,54723,1436,6160,13057,43133,32686,18093,48189,79401,75145,53437
104,0.08683,0.08682,0.08681,0.0868,0.08679,0.08678,0.08677,0.08676,0.08675,0.08674,0.08684,0.08685,0.08686,0.08687,0.08688,0.08689,0.0869,0.08691,0.08692,0.08693,25441,13467,15786,29263,43665,126723,42497,26277,20298,101210,1495,1781,1605,15633,44018,14339,32695,34717,69485,29794
105,0.08687,0.08686,0.08685,0.08684,0.08683,0.08682,0.08681,0.0868,0.08679,0.08678,0.08688,0.08689,0.0869,0.08691,0.08692,0.08693,0.08694,0.08695,0.08696,0.08697,3058,11496,28752,71199,59420,81830,85001,22289,56470,128068,7365,8344,9661,18011,14215,23438,62766,91362,41006,71792
106,0.08689,0.08688,0.08687,0.08686,0.08685,0.08684,0.08683,0.08682,0.08681,0.0868,0.0869,0.08691,0.08692,0.08693,0.08694,0.08695,0.08696,0.08697,0.08698,0.08699,3057,1622,17155,25694,50542,89408,76751,65013,73677,7095,10797,10378,18250,31585,21367,50860,38363,34383,65042,44713
107,0.08688,0.08687,0.08686,0.08685,0.08684,0.08683,0.08682,0.08681,0.0868,0.08679,0.08689,0.0869,0.08691,0.08692,0.08693,0.08694,0.08695,0.08696,0.08697,0.08698,15269,15087,12688,72239,76121,36501,105544,90589,9796,9968,1642,1558,8421,17268,14929,24262,40844,38363,34383,65329
108,0.08689,0.08688,0.08687,0.08686,0.08685,0.08684,0.08683,0.08682,0.08681,0.0868,0.0869,0.08691,0.08692,0.08693,0.08694,0.08695,0.08696,0.08697,0.08698,0.08699,12121,3133,4988,41306,55701,86451,49728,74512,73677,9880,7347,7880,10203,13903,17003,47299,67424,41297,71823,26898
109,0.08695,0.08694,0.08693,0.08692,0.08691,0.0869,0.08689,0.08688,0.08687,0.08686,0.08696,0.08697,0.08698,0.08699,0.087,0.08701,0.08702,0.08703,0.08704,0.08705,11557,6806,33133,22836,42809,112793,60362,60178,71236,51737,6462,3315,4329,27255,58854,22899,27165,27731,81141,69415
110,0.08694,0.08693,0.08692,0.08691,0.0869,0.08689,0.08688,0.08687,0.08686,0.08685,0.08695,0.08696,0.08697,0.08698,0.08699,0.087,0.08701,0.08702,0.08703,0.08704,14939,12520,3612,46316,133334,54003,86099,69693,85388,23586,3776,8142,10883,15365,23940,63532,24340,50782,27731,77303
111,0.08701,0.087,0.08699,0.08698,0.08697,0.08696,0.08695,0.08694,0.08693,0.08692,0.08702,0.08703,0.08704,0.08705,0.08706,0.08707,0.08708,0.08709,0.0871,0.08711,10400,14397,12411,69937,53824,35716,73476,124213,30137,9874,1093,1557,4315,15010,35200,53854,15285,36522,77170,84228
112,0.08699,0.08698,0.08697,0.08696,0.08695,0.08694,0.08693,0.08692,0.08691,0.0869,0.087,0.08701,0.08702,0.08703,0.08704,0.08705,0.08706,0.08707,0.08708,0.08709,3546,6006,18022,31111,51824,117572,31147,33463,60181,141990,9313,10934,8686,22533,12135,17580,56395,58440,29312,7478
113,0.08698,0.08697,0.08696,0.08695,0.08694,0.08693,0.08692,0.08691,0.0869,0.08689,0.08699,0.087,0.08701,0.08702,0.08703,0.08704,0.08705,0.08706,0.08707,0.08708,6454,3132,8415,65836,107264,31147,47943,71688,99630,24347,5178,8451,12592,11131,19086,23110,46462,46668,42315,12499
114,0.0871,0.08709,0.08708,0.08707,0.08706,0.08705,0.08704,0.08703,0.08702,0.08701,0.08711,0.08712,0.08713,0.08714,0.08715,0.08716,0.08717,0.08718,0.08719,0.0872,9487,8952,6641,39605,63416,38207,36206,80060,89433,30555,202,6330,10427,14006,25565,58932,14191,25258,79855,77583
115,0.08708,0.08707,0.08706,0.08705,0.08704,0.08703,0.08702,0.08701,0.087,0.08699,0.08709,0.0871,0.08711,0.08712,0.08713,0.08714,0.08715,0.08716,0.08717,0.08718,185,1644,6041,44468,48174,81239,70951,67071,67393,7171,15919,21609,48274,25083,15580,19649,33328,43618,70454,24812
116,0.087,0.08699,0.08698,0.08697,0.08696,0.08695,0.08694,0.08693,0.08692,0.08691,0.08701,0.08702,0.08703,0.08704,0.08705,0.08706,0.08707,0.08708,0.08709,0.0871,6139,11858,34934,88211,22197,76556,106022,27656,21818,41141,66361,10277,12086,21515,24361,23511,35922,47428,27971,68811
117,0.08701,0.087,0.08699,0.08698,0.08697,0.08696,0.08695,0.08694,0.08693,0.08692,0.08702,0.08703,0.08704,0.08705,0.08706,0.08707,0.08708,0.08709,0.0871,0.08711,10836,11576,24094,79007,94094,56091,67151,96464,24342,22340,6151,62931,13257,16537,23792,21157,34567,35389,81409,46363
118,0.08708,0.08707,0.08706,0.08705,0.08704,0.08703,0.08702,0.08701,0.087,0.08699,0.08709,0.0871,0.08711,0.08712,0.08713,0.08714,0.08715,0.08716,0.08717,0.08718,7756,19707,20839,21834,50606,76740,69905,56517,89581,24319,6153,3196,6203,12908,7077,7077,38166,78150,68313,38892
119,0.08713,0.08712,0.08711,0.0871,0.08709,0.08708,0.08707,0.08706,0.08705,0.08704,0.08714,0.08715,0.08716,0.08717,0.08718,0.08719,0.0872,0.08721,0.08722,0.08723,4851,5728,25485,100920,88935,42808,38895,96952,25107,50285,8854,17617,5838,5289,18813,57659,38530,29194,32579,58074
120,0.08715,0.08714,0.08713,0.08712,0.08711,0.0871,0.08709,0.08708,0.08707,0.08706,0.08716,0.08717,0.08718,0.08719,0.0872,0.08721,0.08722,0.08723,0.08724,0.08725,9937,16216,53596,95433,64057,92870,80791,11208,43728,96952,1457,3203,14241,43409,20669,46052,41087,59269,40014,80921
121,0.0872,0.08719,0.08718,0.08717,0.08716,0.08715,0.08714,0.08713,0.08712,0.08711,0.08721,0.08722,0.08723,0.08724,0.08725,0.08726,0.08727,0.08728,0.08729,0.0873,18599,8841,26835,48091,34795,100029,68833,52624,75035,46922,1671,10202,16499,28849,46551,38062,14003,40905,103139,53561
122,0.08719,0.08718,0.08717,0.08716,0.08715,0.08714,0.08713,0.08712,0.08711,0.0871,0.0872,0.08721,0.08722,0.08723,0.08724,0.08725,0.08726,0.08727,0.08728,0.08729,8283,14722,39509,43588,94626,77311,41046,86513,47661,69863,7855,9353,9339,19704,40999,52468,61998,35973,46635,84999
123,0.08712,0.08711,0.0871,0.08709,0.08708,0.08707,0.08706,0.08705,0.08704,0.08703,0.08713,0.08714,0.08715,0.08716,0.08717,0.08718,0.08719,0.0872,0.08721,0.08722,6648,7728,23628,45583,48543,68904,136506,35795,42235,71732,10091,5936,16563,36340,20622,69118,36881,90451,62670,30116
124,0.08712,0.08711,0.0871,0.08709,0.08708,0.08707,0.08706,0.08705,0.08704,0.08703,0.08713,0.08714,0.08715,0.08716,0.08717,0.08718,0.08719,0.0872,0.08721,0.08722,6205,17745,31511,93177,43678,47760,129366,35795,7081,68514,7183,4361,12870,22164,11608,20977,49792,132389,83388,27331
125,0.08719,0.08718,0.08717,0.08716,0.08715,0.08714,0.08713,0.08712,0.08711,0.0871,0.0872,0.08721,0.08722,0.08723,0.08724,0.08725,0.08726,0.08727,0.08728,0.08729,17478,22438,33259,45958,94135,66219,30023,55088,43991,59959,449,1487,2684,13117,42691,18149,20639,44040,32391,96388
126,0.08729,0.08728,0.08727,0.08726,0.08725,0.08724,0.08723,0.08722,0.08721,0.0872,0.0873,0.08731,0.08732,0.08733,0.08734,0.08735,0.08736,0.08737,0.08738,0.08739,8114,15899,38077,63759,65993,48465,89569,57932,18012,10655,5861,2951,8606,12849,13292,37958,56810,82649,60476,76192
127,0.08736,0.08735,0.08734,0.08733,0.08732,0.08731,0.0873,0.08729,0.08728,0.08727,0.08737,0.08738,0.08739,0.0874,0.08741,0.08742,0.08743,0.08744,0.08745,0.08746,10358,28386,14467,34004,75074,76034,16266,11602,55562,82726,1791,3066,18726,46773,15814,19213,52213,66752,30341,66398
128,0.08736,0.08735,0.08734,0.08733,0.08732,0.08731,0.0873,0.08729,0.08728,0.08727,0.08737,0.08738,0.08739,0.0874,0.08741,0.08742,0.08743,0.08744,0.08745,0.08746,8661,21036,21672,46492,31363,80506,24046,39129,102654,30036,6422,5990,10085,23438,48329,18856,53565,86562,36060,66398
129,0.08734,0.08733,0.08732,0.08731,0.0873,0.08729,0.08728,0.08727,0.08726,0.08725,0.08735,0.08736,0.08737,0.08738,0.08739,0.0874,0.08741,0.08742,0.08743,0.08744,178,3564,15491,48437,20776,46653,110200,27118,77693,66473,11193,7070,10224,23719,45601,40107,116097,75477,43988,61364
130,0.08733,0.08732,0.08731,0.0873,0.08729,0.08728,0.08727,0.08726,0.08725,0.08724,0.08734,0.08735,0.08736,0.08737,0.08738,0.08739,0.0874,0.08741,0.08742,0.08743,178,4729,13367,17577,47531,83636,28740,38452,66474,69302,10173,7667,15854,51174,25310,51593,71308,45762,71001,78032
131,0.08746,0.08745,0.08744,0.08743,0.08742,0.08741,0.0874,0.08739,0.08738,0.08737,0.08747,0.08748,0.08749,0.0875,0.08751,0.08752,0.08753,0.08754,0.08755,0.08756,264,1619,5340,26211,51087,67198,47490,34285,77795,70593,13752,48649,47370,21509,28893,26048,23342,9806,44598,113215
132,0.08746,0.08745,0.08744,0.08743,0.08742,0.08741,0.0874,0.08739,0.08738,0.08737,0.08747,0.08748,0.08749,0.0875,0.08751,0.08752,0.08753,0.08754,0.08755,0.08756,2956,17367,32931,38200,112075,102222,13837,20443,72225,70593,57600,7203,15678,19382,23152,54566,47209,39685,65207,116071
133,0.08746,0.08745,0.08744,0.08743,0.08742,0.08741,0.0874,0.08739,0.08738,0.08737,0.08747,0.08748,0.08749,0.0875,0.08751,0.08752,0.08753,0.08754,0.08755,0.08756,37401,28770,81934,34115,55509,117788,78235,11798,55071,26949,993,2259,1908,19091,17789,21696,25403,47463,17693,63089
134,0.08747,0.08746,0.08745,0.08744,0.08743,0.08742,0.08741,0.0874,0.08739,0.08738,0.08748,0.08749,0.0875,0.08751,0.08752,0.08753,0.08754,0.08755,0.08756,0.08757,75867,31046,21930,65555,38559,54096,86692,58811,11728,55071,58177,2951,11971,21080,25030,45857,23541,29746,42773,130688
135,0.08736,0.08735,0.08734,0.08733,0.08732,0.08731,0.0873,0.08729,0.08728,0.08727,0.08737,0.08738,0.08739,0.0874,0.08741,0.08742,0.08743,0.08744,0.08745,0.08746,2976,7146,13882,40433,85068,86080,9848,77432,66536,88829,7329,3962,7504,24049,15568,21667,23130,75161,66529,37196
136,0.08735,0.08734,0.08733,0.08732,0.08731,0.0873,0.08729,0.08728,0.08727,0.08726,0.08736,0.08737,0.08738,0.08739,0.0874,0.08741,0.08742,0.08743,0.08744,0.08745,33533,24863,30337,88172,82708,42690,64242,55078,114274,7066,5919,3066,6468,17352,15695,14190,17212,23233,54436,98346
137,0.08728,0.08727,0.08726,0.08725,0.08724,0.08723,0.08722,0.08721,0.0872,0.08719,0.08729,0.0873,0.08731,0.08732,0.08733,0.08734,0.08735,0.08736,0.08737,0.08738,179,4420,26777,91449,61364,79158,90395,41262,7070,58311,8583,17290,27316,21853,26632,26500,57244,76985,23582,67918
138,0.08723,0.08722,0.08721,0.0872,0.08719,0.08718,0.08717,0.08716,0.08715,0.08714,0.08724,0.08725,0.08726,0.08727,0.08728,0.08729,0.0873,0.08731,0.08732,0.08733,11728,14115,35468,69392,63000,94906,40584,7071,40181,48436,1993,1405,13847,40443,18923,21834,24930,71571,53174,67612
139,0.08724,0.08723,0.08722,0.08721,0.0872,0.08719,0.08718,0.08717,0.08716,0.08715,0.08725,0.08726,0.08727,0.08728,0.08729,0.0873,0.08731,0.08732,0.08733,0.08734,3825,26556,31291,40301,85911,64936,97774,37798,20910,32843,7761,11405,13978,13933,17960,29381,33800,38921,115390,43858
140,0.08723,0.08722,0.08721,0.0872,0.08719,0.08718,0.08717,0.08716,0.08715,0.08714,0.08724,0.08725,0.08726,0.08727,0.08728,0.08729,0.0873,0.08731,0.08732,0.08733,265,1555,17741,53344,29146,62689,29113,32384,32843,48436,6435,8121,32249,67143,15415,30756,66585,52850,63032,80623
141,0.08717,0.08716,0.08715,0.08714,0.08713,0.08712,0.08711,0.0871,0.08709,0.08708,0.08718,0.08719,0.0872,0.08721,0.08722,0.08723,0.08724,0.08725,0.08726,0.08727,10164,25603,34778,127839,84196,23314,20634,96454,66173,21516,1955,2387,9115,14898,14630,19852,16271,31775,99052,48728
142,0.08715,0.08714,0.08713,0.08712,0.08711,0.0871,0.08709,0.08708,0.08707,0.08706,0.08716,0.08717,0.08718,0.08719,0.0872,0.08721,0.08722,0.08723,0.08724,0.08725,10604,14907,38245,30742,91147,102657,81729,9050,58297,48418,5955,5810,9903,21012,13325,24768,53617,93635,37926,53061
143,0.08714,0.08713,0.08712,0.08711,0.0871,0.08709,0.08708,0.08707,0.08706,0.08705,0.08715,0.08716,0.08717,0.08718,0.08719,0.0872,0.08721,0.08722,0.08723,0.08724,21973,21510,32543,78423,104485,49618,20534,78356,48418,41340,5840,12799,13366,17362,15851,19999,19034,59672,121782,13575
144,0.08721,0.0872,0.08719,0.08718,0.08717,0.08716,0.08715,0.08714,0.08713,0.08712,0.08722,0.08723,0.08724,0.08725,0.08726,0.08727,0.08728,0.08729,0.0873,0.08731,25036,21265,33736,27353,33747,64089,58726,69454,57451,17659,57498,1555,6703,20966,36452,44597,15373,36510,76975,85022
145,0.08721,0.0872,0.08719,0.08718,0.08717,0.08716,0.08715,0.08714,0.08713,0.08712,0.08722,0.08723,0.08724,0.08725,0.08726,0.08727,0.08728,0.08729,0.0873,0.08731,26982,13215,40057,33620,90168,67850,9945,66931,53513,15682,29154,2547,7175,13041,20166,35620,38775,32829,79169,88064
146,0.08713,0.08712,0.08711,0.0871,0.08709,0.08708,0.08707,0.08706,0.08705,0.08704,0.08714,0.08715,0.08716,0.08717,0.08718,0.08719,0.0872,0.08721,0.08722,0.08723,4851,1486,18425,29611,63192,72296,66346,48418,31218,66617,11155,10220,16824,48906,89230,73161,52009,40256,52606,58871
147,0.08712,0.08711,0.0871,0.08709,0.08708,0.08707,0.08706,0.08705,0.08704,0.08703,0.08713,0.08714,0.08715,0.08716,0.08717,0.08718,0.08719,0.0872,0.08721,0.08722,9917,17164,24372,66904,48718,68597,50415,31287,61428,27070,3194,6310,9654,29407,41626,36792,67605,68054,71168,53803
148,0.08713,0.08712,0.08711,0.0871,0.08709,0.08708,0.08707,0.08706,0.08705,0.08704,0.08714,0.08715,0.08716,0.08717,0.08718,0.08719,0.0872,0.08721,0.08722,0.08723,12961,15885,22240,25625,30793,99761,68597,61628,34132,61229,4913,7955,21946,41626,32157,77797,69942,74035,42336,55884
149,0.08706,0.08705,0.08704,0.08703,0.08702,0.08701,0.087,0.08699,0.08698,0.08697,0.08707,0.08708,0.08709,0.0871,0.08711,0.08712,0.08713,0.08714,0.08715,0.08716,8856,29362,21697,33421,52613,104305,30332,69009,55074,12754,2056,1493,9687,11567,39146,104823,35565,23189,56553,85305
150,0.08704,0.08703,0.08702,0.08701,0.087,0.08699,0.08698,0.08697,0.08696,0.08695,0.08705,0.08706,0.08707,0.08708,0.08709,0.0871,0.08711,0.08712,0.08713,0.08714,6305,20784,30449,34684,70320,52913,81611,33343,32806,58309,1733,2952,9384,21370,32924,18156,50719,102424,43546,23562
151,0.08709,0.08708,0.08707,0.08706,0.08705,0.08704,0.08703,0.08702,0.08701,0.087,0.0871,0.08711,0.08712,0.08713,0.08714,0.08715,0.08716,0.08717,0.08718,0.08719,27617,18780,25879,56243,66594,58680,57149,12322,55072,55412,180,62981,16103,33853,15097,32146,80763,103796,48542,61012
152,0.08707,0.08706,0.08705,0.08704,0.08703,0.08702,0.08701,0.087,0.08699,0.08698,0.08708,0.08709,0.0871,0.08711,0.08712,0.08713,0.08714,0.08715,0.08716,0.08717,3051,3132,17929,27328,26379,77377,85865,49561,48997,96761,10607,9429,16324,31820,69285,43167,26978,58029,79568,99953
153,0.08708,0.08707,0.08706,0.08705,0.08704,0.08703,0.08702,0.08701,0.087,0.08699,0.08709,0.0871,0.08711,0.08712,0.08713,0.08714,0.08715,0.08716,0.08717,0.08718,21169,14540,20109,41467,87579,115539,21113,55072,49561,54621,1271,49429,10133,30508,65540,12022,36109,79568,91675,26851
154,0.08707,0.08706,0.08705,0.08704,0.08703,0.08702,0.08701,0.087,0.08699,0.08698,0.08708,0.08709,0.0871,0.08711,0.08712,0.08713,0.08714,0.08715,0.08716,0.08717,4790,3132,22144,27879,31111,103649,68564,47562,54673,96761,6843,8603,8994,22519,36286,98444,43591,43517,91043,70593
155,0.08701,0.087,0.08699,0.08698,0.08697,0.08696,0.08695,0.08694,0.08693,0.08692,0.08702,0.08703,0.08704,0.08705,0.08706,0.08707,0.08708,0.08709,0.0871,0.08711,6674,3901,10330,15887,19811,70081,18651,41083,77342,96441,14596,11140,28302,13641,38454,106078,53543,90762,67379,18560
156,0.08701,0.087,0.08699,0.08698,0.08697,0.08696,0.08695,0.08694,0.08693,0.08692,0.08702,0.08703,0.08704,0.08705,0.08706,0.08707,0.08708,0.08709,0.0871,0.08711,30326,20681,23268,22339,31876,23471,16375,103291,55078,20966,1009,2805,24418,13513,29111,65513,55258,68843,90547,26912
157,0.08712,0.08711,0.0871,0.08709,0.08708,0.08707,0.08706,0.08705,0.08704,0.08703,0.08713,0.08714,0.08715,0.08716,0.08717,0.08718,0.08719,0.0872,0.08721,0.08722,10952,13337,11394,22617,66476,12627,74663,107742,31212,10876,5959,1974,6530,18514,30674,38530,70009,57430,71369,45937
158,0.0871,0.08709,0.08708,0.08707,0.08706,0.08705,0.08704,0.08703,0.08702,0.08701,0.08711,0.08712,0.08713,0.08714,0.08715,0.08716,0.08717,0.08718,0.08719,0.0872,6074,10117,22828,25962,33450,35897,55977,100253,13277,35817,8157,36108,41469,15393,42212,92674,41795,29701,67444,28079
159,0.08716,0.08715,0.08714,0.08713,0.08712,0.08711,0.0871,0.08709,0.08708,0.08707,0.08717,0.08718,0.08719,0.0872,0.08721,0.08722,0.08723,0.08724,0.08725,0.08726,17365,9867,15370,31209,39154,23271,13361,72747,75100,48977,6206,3067,4902,25503,56219,25067,61516,36020,72516,80788
160,0.08716,0.08715,0.08714,0.08713,0.08712,0.08711,0.0871,0.08709,0.08708,0.08707,0.08717,0.08718,0.08719,0.0872,0.08721,0.08722,0.08723,0.08724,0.08725,0.08726,7194,17534,13122,29454,38698,41083,21342,74793,75100,46954,6854,7311,26235,70220,56876,31465,65231,60392,81114,86519
161,0.0872,0.08719,0.08718,0.08717,0.08716,0.08715,0.08714,0.08713,0.08712,0.08711,0.08721,0.08722,0.08723,0.08724,0.08725,0.08726,0.08727,0.08728,0.08729,0.0873,5505,15759,15567,42909,36866,113184,84025,10997,28933,103202,12219,8555,4589,16303,58228,85188,25871,48516,29957,31864
162,0.08719,0.08718,0.08717,0.08716,0.08715,0.08714,0.08713,0.08712,0.08711,0.0871,0.0872,0.08721,0.08722,0.08723,0.08724,0.08725,0.08726,0.08727,0.08728,0.08729,9421,6479,20300,71199,21999,25614,10997,86114,97339,20691,7794,9563,21812,71659,42278,41072,82314,39270,73993,72009
163,0.08719,0.08718,0.08717,0.08716,0.08715,0.08714,0.08713,0.08712,0.08711,0.0871,0.0872,0.08721,0.08722,0.08723,0.08724,0.08725,0.08726,0.08727,0.08728,0.08729,8852,9131,26036,48319,52417,25614,10997,74635,97339,20691,3072,9563,21812,71659,42278,41072,85644,52243,73993,60551
164,0.08715,0.08714,0.08713,0.08712,0.08711,0.0871,0.08709,0.08708,0.08707,0.08706,0.08716,0.08717,0.08718,0.08719,0.0872,0.08721,0.08722,0.08723,0.08724,0.08725,9017,16461,26191,31925,34531,21521,75565,72315,49739,13088,59043,2952,5899,28143,66550,41020,36624,88761,86426,36884
165,0.08713,0.08712,0.08711,0.0871,0.08709,0.08708,0.08707,0.08706,0.08705,0.08704,0.08714,0.08715,0.08716,0.08717,0.08718,0.08719,0.0872,0.08721,0.08722,0.08723,9976,14465,6786,35103,19760,30566,15780,7456,84848,81406,58025,3131,5664,15903,13374,40341,98927,47532,50171,68561
166,0.08704,0.08703,0.08702,0.08701,0.087,0.08699,0.08698,0.08697,0.08696,0.08695,0.08705,0.08706,0.08707,0.08708,0.08709,0.0871,0.08711,0.08712,0.08713,0.08714,8844,1644,1911,20462,39585,71050,25125,43511,83516,56649,3946,3752,22770,65963,21962,34097,97883,64944,55404,73298
167,0.08691,0.0869,0.08689,0.08688,0.08687,0.08686,0.08685,0.08684,0.08683,0.08682,0.08692,0.08693,0.08694,0.08695,0.08696,0.08697,0.08698,0.08699,0.087,0.08701,9099,3046,7825,24286,20617,31817,68024,74518,29950,53095,8215,65697,23898,10446,12626,28302,74702,59644,20149,65711
168,0.08704,0.08703,0.08702,0.08701,0.087,0.08699,0.08698,0.08697,0.08696,0.08695,0.08705,0.08706,0.08707,0.08708,0.08709,0.0871,0.08711,0.08712,0.08713,0.08714,19466,21144,4434,9944,88870,23224,48255,20904,9870,97351,336,1621,4534,14602,15438,29654,112939,56832,34763,95679
