timestamp,bid_price_0,bid_price_1,bid_price_2,bid_price_3,bid_price_4,bid_price_5,bid_price_6,bid_price_7,bid_price_8,bid_price_9,ask_price_0,ask_price_1,ask_price_2,ask_price_3,ask_price_4,ask_price_5,ask_price_6,ask_price_7,ask_price_8,ask_price_9,bid_size_0,bid_size_1,bid_size_2,bid_size_3,bid_size_4,bid_size_5,bid_size_6,bid_size_7,bid_size_8,bid_size_9,ask_size_0,ask_size_1,ask_size_2,ask_size_3,ask_size_4,ask_size_5,ask_size_6,ask_size_7,ask_size_8,ask_size_9
0,0.1046,0.10456,0.10454,0.10452,0.1045,0.10449,0.10448,0.10447,0.10446,0.10444,0.10463,0.10467,0.10471,0.10472,0.10473,0.10474,0.10477,0.10478,0.1048,0.10481,431,1087,505,2617,2619,4650,14028,505,815,558,138,2274,1722,569,505,1541,1038,1569,53,2029
1,0.10416,0.10413,0.1041,0.10408,0.10405,0.10404,0.10401,0.104,0.10399,0.10398,0.10424,0.10426,0.10427,0.10428,0.10431,0.10432,0.10435,0.10436,0.10437,0.10438,1721,1547,2712,1584,5266,14533,563,60943,3764,505,1180,505,2068,452,2065,1546,505,53,505,4838
2,0.10409,0.10408,0.10406,0.10402,0.10401,0.104,0.10398,0.10397,0.10396,0.10395,0.10418,0.1042,0.10424,0.10425,0.10427,0.10428,0.1043,0.10431,0.10432,0.10434,2195,1558,505,2001,3928,57769,505,824,617,14480,512,1417,3348,505,1220,1010,5808,14480,53,1953
3,0.10414,0.10413,0.10412,0.1041,0.10409,0.10408,0.10405,0.10404,0.10403,0.10402,0.10416,0.1042,0.10423,0.10424,0.10425,0.10427,0.10428,0.10429,0.1043,0.10431,380,505,505,505,1547,505,2905,2077,2460,14480,53,53,2022,1858,505,1559,1010,1519,4322,18421
4,0.10409,0.10406,0.10405,0.10404,0.10402,0.10401,0.104,0.10398,0.10396,0.10394,0.10415,0.10416,0.1042,0.10422,0.10423,0.10424,0.10425,0.10427,0.10428,0.10429,373,2061,1574,1457,1511,4059,57769,505,558,58,879,1939,2806,2044,1114,53,4000,2025,558,4172
5,0.10381,0.1038,0.10376,0.10375,0.10374,0.10372,0.10371,0.1037,0.10369,0.10368,0.1039,0.10392,0.10393,0.10394,0.10395,0.10396,0.10397,0.10399,0.104,0.10401,924,558,2353,972,505,2076,788,1518,14480,54,1827,1570,505,505,505,1569,505,1602,2075,4040
6,0.10297,0.10296,0.10294,0.10291,0.1029,0.10289,0.10288,0.10287,0.10284,0.10283,0.10308,0.10309,0.10311,0.10312,0.10313,0.10314,0.10317,0.10319,0.10322,0.10323,2175,1534,1511,1494,505,2016,3553,505,2520,2098,505,505,2124,559,1330,1790,1907,2031,1577,2540
7,0.10326,0.10321,0.1032,0.10319,0.10318,0.10316,0.10314,0.10313,0.10312,0.1031,0.10329,0.10332,0.10336,0.10339,0.1034,0.10341,0.10343,0.10344,0.10345,0.10346,496,2462,1406,4063,280,505,2463,3769,54,5943,54,54,2517,1975,54,3853,2466,54,1973,13975
8,0.10324,0.1032,0.10319,0.10318,0.10316,0.10315,0.10314,0.10313,0.10312,0.10311,0.10327,0.10328,0.10331,0.10333,0.10334,0.10335,0.10336,0.10338,0.10339,0.1034,54,54,3558,505,2475,283,1943,3851,559,943,491,1924,1017,505,1500,1060,559,1939,505,1488
9,0.10324,0.10321,0.1032,0.10319,0.10317,0.10316,0.10315,0.10314,0.10313,0.10312,0.10333,0.10335,0.10336,0.10337,0.10338,0.10339,0.1034,0.10341,0.10343,0.10344,1656,1931,1022,505,1781,54,587,1296,3851,1501,642,505,970,505,1411,505,54,1916,2602,1465
10,0.10321,0.1032,0.10318,0.10316,0.10314,0.10313,0.10312,0.1031,0.10309,0.10308,0.1033,0.10331,0.10332,0.10333,0.10335,0.10336,0.10339,0.1034,0.10341,0.10343,499,1744,505,2446,505,3687,559,1737,1989,54,1829,2025,559,150,13975,559,505,54,505,505
11,0.10332,0.1033,0.10328,0.10325,0.10324,0.10323,0.10322,0.10321,0.1032,0.10319,0.10343,0.10346,0.10347,0.10348,0.10351,0.10352,0.10353,0.10354,0.10355,0.10356,1049,505,2326,2511,54,82,1993,15746,4459,3808,219,505,1714,2047,505,1151,16069,505,1488,54
12,0.10336,0.10335,0.10333,0.10332,0.1033,0.10329,0.10328,0.10327,0.10326,0.10325,0.1034,0.10343,0.10344,0.10346,0.10348,0.10351,0.10352,0.10353,0.10354,0.10355,2065,505,934,1557,505,1553,559,1553,588,2440,54,2472,559,505,1509,1886,54,1039,1557,2095
13,0.10373,0.10372,0.10371,0.1037,0.10369,0.10368,0.10367,0.10366,0.10365,0.10364,0.10377,0.10381,0.10384,0.10385,0.10387,0.10388,0.1039,0.10392,0.10393,0.10394,505,54,1561,505,1566,1115,505,1566,505,1620,470,1902,1370,1061,655,505,1411,1622,5552,13975
14,0.10381,0.1038,0.10378,0.10376,0.10374,0.10373,0.10372,0.1037,0.10369,0.10368,0.10387,0.1039,0.10393,0.10395,0.10396,0.10398,0.104,0.10401,0.10403,0.10404,1515,558,1921,1558,999,2004,559,2064,5692,14029,458,1509,1751,1488,558,1509,1562,627,1890,5229
15,0.10329,0.10328,0.10327,0.10325,0.10324,0.10322,0.10321,0.1032,0.10319,0.10318,0.10339,0.1034,0.10342,0.10343,0.10344,0.10345,0.10347,0.10348,0.10349,0.1035,1477,1070,505,1347,608,1969,2682,1461,971,14480,1423,1539,958,505,1026,1968,505,559,2876,1620
16,0.10375,0.10374,0.10373,0.10372,0.10371,0.1037,0.10368,0.10366,0.10364,0.10363,0.10384,0.10385,0.10386,0.10388,0.1039,0.10391,0.10392,0.10393,0.10394,0.10395,1701,1420,505,505,505,505,1476,855,969,917,659,243,505,2071,1422,650,558,2706,13975,505
17,0.10392,0.10391,0.1039,0.10389,0.10387,0.10386,0.10385,0.10384,0.10382,0.1038,0.10396,0.10397,0.104,0.10403,0.10404,0.10405,0.10406,0.10407,0.10408,0.10409,505,1283,505,505,814,1405,505,53,1352,5366,150,649,53,1350,53,1405,4195,505,53,6227
18,0.10396,0.10395,0.10393,0.10392,0.10391,0.10389,0.10386,0.10385,0.10384,0.10382,0.10404,0.10405,0.10408,0.1041,0.10412,0.10413,0.10415,0.10416,0.10417,0.10419,1274,377,2169,53,753,1404,1672,4776,14480,899,804,505,2868,1404,952,3982,4886,53,505,505
19,0.10383,0.10381,0.1038,0.10378,0.10377,0.10376,0.10375,0.10374,0.10373,0.10372,0.10391,0.10392,0.10393,0.10395,0.10396,0.10397,0.10399,0.104,0.10403,0.10404,1730,1421,505,968,1331,559,5099,14480,505,54,938,53,1428,1885,53,1414,1409,53,2269,53
20,0.10388,0.10385,0.10384,0.10383,0.10382,0.10381,0.1038,0.10378,0.10377,0.10376,0.10393,0.10394,0.10396,0.10397,0.10399,0.104,0.10403,0.10404,0.10405,0.10407,137,1626,1482,505,1309,505,558,1424,2126,559,423,505,1429,505,761,1477,2049,972,505,1002
21,0.10376,0.10375,0.10374,0.10373,0.10371,0.1037,0.10368,0.10367,0.10366,0.10365,0.10381,0.10383,0.10384,0.10385,0.10387,0.10388,0.10389,0.1039,0.10391,0.10392,1353,505,1228,937,1414,937,559,900,2636,5339,150,505,2017,505,1849,53,1420,630,1314,53
22,0.10377,0.10376,0.10375,0.10374,0.10373,0.10372,0.10371,0.10369,0.10368,0.10366,0.1038,0.10383,0.10384,0.10386,0.10388,0.10389,0.1039,0.10391,0.10392,0.10394,409,505,505,505,1383,1367,505,1376,1432,1191,53,1381,1184,1382,1435,5052,13975,505,53,505
23,0.10376,0.10375,0.10374,0.10373,0.10372,0.10369,0.10368,0.10367,0.10366,0.10364,0.10381,0.10383,0.10385,0.10386,0.10387,0.10389,0.1039,0.10391,0.10392,0.10393,505,505,1150,505,1394,1823,4731,13975,505,54,911,1246,914,800,505,2364,819,505,53,819
24,0.10388,0.10387,0.10386,0.10385,0.10384,0.10383,0.10382,0.10381,0.1038,0.10378,0.10391,0.10392,0.10395,0.10396,0.10398,0.104,0.10402,0.10403,0.10404,0.10405,1209,1144,505,505,1324,1121,625,505,874,1072,519,53,1663,558,1958,1379,1158,505,859,1324
25,0.10387,0.10386,0.10385,0.10384,0.10383,0.10382,0.10379,0.10378,0.10377,0.10376,0.10388,0.1039,0.10392,0.10395,0.10396,0.10398,0.10399,0.104,0.10402,0.10403,505,505,505,505,505,505,1593,1050,505,846,582,505,1309,1617,558,1112,4723,14660,505,83
26,0.10397,0.10396,0.10394,0.10392,0.10391,0.10389,0.10388,0.10385,0.10384,0.10382,0.10401,0.10402,0.10403,0.10405,0.10408,0.1041,0.10411,0.10412,0.10413,0.10415,505,53,1299,845,505,1296,53,1204,558,3759,389,1299,1804,1060,1216,1294,791,558,4272,4699
27,0.104,0.10397,0.10396,0.10395,0.10392,0.10391,0.10389,0.10388,0.10387,0.10386,0.10404,0.10405,0.10407,0.10408,0.1041,0.10412,0.10413,0.10414,0.10415,0.10416,505,1285,505,1283,1648,1282,505,53,5607,14565,391,637,1014,558,1595,1648,3938,505,3823,558
28,0.10397,0.10396,0.10395,0.10393,0.10392,0.1039,0.10389,0.10388,0.10387,0.10386,0.10403,0.10405,0.10406,0.10407,0.10408,0.10409,0.1041,0.10411,0.10412,0.10413,1343,891,505,1339,558,1665,505,1655,3381,5164,625,924,580,505,589,505,1343,505,1400,4770
29,0.10397,0.10396,0.10395,0.10394,0.10393,0.10392,0.10389,0.10388,0.10387,0.10386,0.10401,0.10402,0.10403,0.10404,0.10406,0.10407,0.10408,0.10409,0.10411,0.10412,1291,558,573,1476,505,3398,505,821,2629,5164,505,966,1710,505,1963,505,920,505,1360,863
30,0.10432,0.1043,0.10428,0.10427,0.10426,0.10425,0.10424,0.10423,0.10421,0.1042,0.10435,0.10436,0.10437,0.10438,0.10439,0.10442,0.10443,0.10444,0.10445,0.10447,53,1433,1486,1228,4602,16597,53,505,505,53,341,505,505,1315,505,1238,965,53,505,1318
31,0.10416,0.10412,0.10411,0.10408,0.10407,0.10405,0.10404,0.10403,0.10401,0.104,0.10417,0.10418,0.10421,0.10423,0.10424,0.10426,0.10427,0.10428,0.1043,0.10432,53,732,1418,1430,1297,693,4105,505,1426,760,895,505,1290,1425,700,1109,921,558,1101,514
32,0.10399,0.10397,0.10396,0.10394,0.10392,0.10391,0.1039,0.10389,0.10388,0.10387,0.10405,0.10406,0.10407,0.10408,0.10409,0.1041,0.10411,0.10412,0.10413,0.10415,1434,1434,1604,505,1478,2124,1509,917,1518,13975,892,769,566,1182,1090,505,505,1378,505,1268
33,0.10392,0.10391,0.1039,0.10388,0.10387,0.10386,0.10385,0.10384,0.10382,0.10381,0.10395,0.10396,0.10397,0.104,0.10402,0.10403,0.10404,0.10405,0.10407,0.10408,505,1719,505,1109,567,647,505,912,1281,86,536,53,505,1172,1376,505,818,505,1719,558
34,0.10385,0.10384,0.10382,0.10381,0.1038,0.10379,0.10378,0.10377,0.10376,0.10375,0.10392,0.10393,0.10394,0.10395,0.10396,0.10398,0.10399,0.104,0.10402,0.10404,1145,1148,1071,505,801,1234,4546,14480,559,85,883,505,505,505,558,1321,147,1374,1325,1128
35,0.10374,0.10373,0.10371,0.10369,0.10368,0.10367,0.10366,0.10365,0.10364,0.10362,0.10379,0.1038,0.10382,0.10383,0.10384,0.10386,0.10388,0.10389,0.10392,0.10393,885,1041,1126,1159,756,4677,13975,505,54,505,885,558,1669,16,1163,1281,609,505,1225,505
36,0.10388,0.10387,0.10386,0.10385,0.10383,0.10381,0.1038,0.10379,0.10378,0.10377,0.10394,0.10396,0.10397,0.10398,0.10399,0.104,0.10402,0.10404,0.10405,0.10406,881,505,1092,505,1713,1737,558,1338,3759,14480,1098,1388,646,505,147,1398,1335,1390,842,4177
37,0.10378,0.10377,0.10376,0.10375,0.10374,0.10373,0.10372,0.10371,0.1037,0.10368,0.10384,0.10385,0.10387,0.10388,0.1039,0.10391,0.10392,0.10394,0.10396,0.10397,1283,718,559,645,505,1383,559,1095,505,3611,521,1247,1801,1389,879,1253,1189,1384,1437,1384
38,0.10411,0.1041,0.10408,0.10407,0.10406,0.10405,0.10404,0.10402,0.10401,0.104,0.10418,0.10419,0.1042,0.10421,0.10423,0.10424,0.10425,0.10427,0.10428,0.10429,1408,892,505,1755,4677,13975,558,505,1755,558,1738,505,833,505,1850,53,1395,1385,53,1158
39,0.104,0.10397,0.10396,0.10395,0.10393,0.10392,0.10389,0.10388,0.10387,0.10386,0.10401,0.10402,0.10403,0.10405,0.10407,0.10408,0.10409,0.10411,0.10412,0.10415,53,505,53,505,1391,53,2019,53,1330,1396,367,505,1214,1203,891,505,1396,1314,837,1218
40,0.10331,0.1033,0.10328,0.10326,0.10325,0.10324,0.10323,0.10322,0.10321,0.1032,0.10339,0.1034,0.10342,0.10343,0.10346,0.10347,0.10348,0.1035,0.10352,0.10353,2298,505,1143,820,505,14732,505,1406,1706,1963,365,789,505,1610,1442,1416,5049,505,559,686
41,0.10328,0.10327,0.10326,0.10324,0.1032,0.10319,0.10318,0.10317,0.10316,0.10314,0.10334,0.10336,0.10338,0.10339,0.1034,0.10342,0.10343,0.10344,0.10346,0.10347,366,377,1134,505,1395,1638,1707,505,54,15399,5025,54,505,618,559,2016,505,54,2016,1133
42,0.10322,0.10321,0.1032,0.10317,0.10315,0.10313,0.10312,0.1031,0.10308,0.10305,0.1033,0.10332,0.10333,0.10334,0.10336,0.10337,0.1034,0.10341,0.10342,0.10343,1163,1706,559,2053,1520,13975,559,505,559,1763,1438,559,1076,5530,54,505,1675,1114,505,4122
43,0.10325,0.10324,0.10321,0.10319,0.10316,0.10315,0.10313,0.10312,0.1031,0.10309,0.1033,0.10331,0.10334,0.10335,0.10336,0.10337,0.10339,0.1034,0.10341,0.10342,1706,54,2036,1655,1746,13975,505,54,3900,505,379,1148,808,1918,54,505,1155,559,725,505
44,0.10332,0.1033,0.10328,0.10326,0.10325,0.10324,0.10323,0.10321,0.1032,0.10319,0.1034,0.10342,0.10344,0.10346,0.10348,0.1035,0.10352,0.10354,0.10355,0.10356,1132,505,1555,1548,2211,1514,13975,505,54,505,1271,1845,3213,505,2012,505,1514,1965,84,1159
45,0.1029,0.10289,0.10288,0.10286,0.10285,0.10284,0.10283,0.10282,0.1028,0.10277,0.10296,0.10297,0.10298,0.10299,0.10301,0.10302,0.10303,0.10304,0.10305,0.10307,376,874,54,758,505,559,1026,14480,559,505,376,505,857,799,505,1330,505,1080,505,505
46,0.1026,0.10257,0.10254,0.10252,0.10251,0.1025,0.10249,0.10248,0.10246,0.10245,0.10271,0.10272,0.10274,0.10276,0.10279,0.1028,0.10282,0.10283,0.10284,0.10285,430,988,3210,54,1318,505,1318,14029,505,505,1358,901,505,1877,1308,54,1493,864,1992,4322
47,0.10242,0.1024,0.10239,0.10237,0.10236,0.10235,0.10234,0.10233,0.10232,0.10231,0.1025,0.10252,0.10254,0.10255,0.10256,0.10257,0.10258,0.1026,0.10262,0.10263,2041,54,1309,505,1022,505,49,1473,54,1830,375,505,971,1673,559,505,505,1117,505,1314
48,0.10245,0.10243,0.1024,0.10237,0.10236,0.10235,0.10233,0.10232,0.10231,0.1023,0.10249,0.10253,0.10256,0.10259,0.1026,0.10264,0.10266,0.10267,0.10268,0.10272,988,988,1042,505,4634,505,1545,54,1494,912,505,505,1469,187,231,54,505,1978,14534,559
49,0.10249,0.10248,0.10247,0.10246,0.10244,0.10243,0.10241,0.1024,0.10238,0.10237,0.10259,0.10262,0.10264,0.10266,0.10267,0.10268,0.10271,0.10272,0.10274,0.10275,505,1051,1718,505,1109,505,1184,559,1556,15383,889,2057,1912,505,1560,14029,94,559,82,505
50,0.10256,0.10252,0.10251,0.10249,0.10248,0.10246,0.10244,0.10243,0.10241,0.1024,0.10262,0.10263,0.10264,0.10265,0.10266,0.10267,0.10268,0.10272,0.10273,0.10274,54,974,505,1924,54,1571,54,1569,1942,559,1310,505,1434,505,505,505,1626,1374,582,1146
51,0.10256,0.10255,0.10254,0.10253,0.10251,0.10249,0.10248,0.10246,0.10244,0.10243,0.10264,0.10268,0.1027,0.10272,0.10273,0.10274,0.10276,0.10277,0.10278,0.10279,372,505,505,1586,505,1615,1639,505,54,1290,559,1692,505,1495,1946,13975,559,82,505,1646
52,0.10254,0.10253,0.10249,0.10248,0.10246,0.10244,0.10242,0.10241,0.1024,0.10237,0.10263,0.10264,0.10267,0.10268,0.10269,0.1027,0.10271,0.10272,0.10273,0.10274,2183,505,1545,1650,505,1965,505,1554,4459,14480,505,559,1702,54,505,1542,505,1701,505,13975
53,0.1028,0.10279,0.10277,0.10276,0.10274,0.10273,0.1027,0.10268,0.10267,0.10265,0.10287,0.10288,0.1029,0.10291,0.10292,0.10293,0.10295,0.10296,0.10297,0.10299,505,1047,505,1581,505,1751,5708,862,15014,505,505,54,1662,505,54,505,1102,1183,505,505
54,0.10258,0.10252,0.10251,0.10249,0.10248,0.10245,0.10244,0.10241,0.1024,0.10239,0.10261,0.10263,0.10264,0.10265,0.10267,0.10268,0.10269,0.1027,0.10271,0.10272,505,505,1638,505,1787,505,559,505,3954,505,505,941,883,505,505,1032,505,505,1647,1787
55,0.10194,0.10193,0.10192,0.10191,0.1019,0.10186,0.10185,0.10184,0.10182,0.10181,0.102,0.10203,0.10204,0.10205,0.10208,0.10211,0.10212,0.10213,0.10214,0.10215,505,505,1817,505,1817,909,505,560,2254,15285,54,1798,559,505,2377,3189,559,1314,4620,15285
56,0.10292,0.10288,0.10287,0.10285,0.10284,0.10283,0.10282,0.1028,0.10276,0.10274,0.10293,0.103,0.10301,0.10302,0.10303,0.10304,0.10306,0.10307,0.10308,0.10309,54,1302,505,1675,54,6080,14864,559,559,4917,991,505,505,1668,686,559,1426,505,1726,505
57,0.10287,0.10286,0.10284,0.10282,0.1028,0.10278,0.10277,0.10276,0.10275,0.10274,0.10296,0.10298,0.10299,0.103,0.10304,0.10305,0.10307,0.10308,0.10309,0.1031,506,505,1018,505,1702,1194,84,559,1193,5404,1763,505,1122,1228,1645,1405,505,1255,4563,15285
58,0.1024,0.10237,0.10236,0.10235,0.10234,0.10233,0.10232,0.1023,0.10228,0.10226,0.10246,0.10247,0.10251,0.10252,0.10253,0.10255,0.10256,0.10257,0.10258,0.10259,54,1725,54,505,806,1369,54,1755,559,938,1160,642,1961,832,505,1836,1293,505,4471,18870
59,0.10258,0.10256,0.10253,0.10251,0.10249,0.10248,0.10245,0.10244,0.10243,0.10241,0.10264,0.10267,0.10268,0.10269,0.1027,0.10271,0.10272,0.10275,0.10276,0.10277,1194,505,2258,1554,1606,54,1830,54,3317,16417,54,847,54,505,1189,505,54,2150,1832,15285
60,0.10348,0.10347,0.10345,0.1034,0.10339,0.10338,0.10337,0.10336,0.10335,0.10333,0.10356,0.10358,0.1036,0.10363,0.10364,0.10365,0.10366,0.10368,0.10369,0.1037,352,505,505,1317,1583,505,505,505,359,1137,911,505,1845,1078,879,5641,15285,897,505,505
61,0.10316,0.10312,0.10311,0.10309,0.10308,0.10306,0.10304,0.10302,0.10301,0.103,0.10325,0.10326,0.10327,0.10328,0.10329,0.10332,0.10334,0.10336,0.10338,0.10339,1015,1644,505,1498,559,1494,1548,505,1384,1043,352,150,905,850,505,1423,1165,1968,994,4933
62,0.10312,0.10311,0.1031,0.10309,0.10308,0.10306,0.10304,0.10302,0.103,0.10299,0.10322,0.10323,0.10324,0.10327,0.10328,0.10329,0.10332,0.10334,0.10335,0.10336,349,1298,505,505,54,1602,892,505,1071,505,1417,505,54,1881,4923,15285,559,505,1476,559
63,0.10321,0.1032,0.10319,0.10317,0.10316,0.10315,0.10313,0.10312,0.10309,0.10308,0.10331,0.10332,0.10333,0.10335,0.10336,0.10337,0.10338,0.10339,0.1034,0.10344,505,54,505,1901,1101,505,1552,54,1553,54,1082,2029,505,505,559,1047,505,5043,559,559
64,0.10321,0.1032,0.10317,0.10316,0.10315,0.10313,0.10312,0.1031,0.10309,0.10308,0.10328,0.10331,0.10332,0.10333,0.10335,0.10336,0.10338,0.10339,0.1034,0.10343,1375,505,1587,1022,505,505,54,1383,1770,54,54,505,54,505,1532,1582,2567,6909,15339,84
65,0.10276,0.10273,0.10272,0.1027,0.10269,0.10268,0.10265,0.10264,0.10263,0.10261,0.10279,0.1028,0.10288,0.10289,0.1029,0.10291,0.10292,0.10295,0.10296,0.10297,54,505,54,1564,4579,15339,505,54,505,505,352,10412,559,505,505,505,559,1388,619,82
66,0.10209,0.10208,0.10207,0.10204,0.10201,0.102,0.10198,0.10197,0.10196,0.10195,0.10221,0.10222,0.10225,0.10227,0.10228,0.1023,0.10232,0.10234,0.10236,0.10237,1645,1558,505,697,1558,559,505,1424,5670,14780,1714,1558,505,505,54,2063,1709,505,2116,1460
67,0.1024,0.10238,0.10236,0.10235,0.10234,0.10233,0.10232,0.10228,0.10226,0.10225,0.10249,0.10255,0.10256,0.10257,0.10259,0.1026,0.10261,0.10262,0.10264,0.10265,505,505,2576,505,1348,5016,15339,642,505,505,1620,505,1900,3590,505,1953,1269,6279,559,1269
68,0.10269,0.10268,0.10267,0.10266,0.10264,0.10263,0.10262,0.10261,0.1026,0.10256,0.10278,0.10279,0.10283,0.10284,0.10285,0.10288,0.1029,0.10291,0.10292,0.10293,360,505,505,505,1433,5452,14780,505,54,54,359,647,1712,1409,505,4443,505,1265,2044,1265
69,0.10264,0.1026,0.10259,0.10256,0.10255,0.10254,0.10253,0.10252,0.10248,0.10245,0.1027,0.10271,0.10272,0.10273,0.10277,0.10279,0.1028,0.10281,0.10282,0.10284,54,54,505,1554,1208,3948,14780,559,54,588,1501,505,1729,505,505,2348,54,1265,505,2061
70,0.10241,0.1024,0.10237,0.10236,0.10235,0.10234,0.10233,0.10232,0.1023,0.10229,0.10252,0.10254,0.10255,0.10256,0.10257,0.10259,0.1026,0.10261,0.10263,0.10264,1600,1927,505,1535,3828,14780,505,54,505,83,866,505,505,1999,4038,505,1540,505,1151,2486
71,0.10276,0.10274,0.10272,0.10269,0.10268,0.10267,0.10266,0.10265,0.10264,0.10263,0.10286,0.10287,0.10288,0.10291,0.10292,0.10293,0.10294,0.10296,0.10297,0.10298,412,505,1537,505,1567,505,1380,5167,15339,505,2573,1145,4349,1173,559,1210,505,559,1174,505
72,0.10267,0.10266,0.10265,0.10264,0.10262,0.1026,0.10257,0.10256,0.10255,0.10253,0.10274,0.10276,0.10278,0.10279,0.1028,0.10283,0.10284,0.10285,0.10286,0.10287,241,505,1638,1190,505,559,1513,6540,14780,505,724,1152,1678,6119,20054,505,54,3540,505,15285
73,0.10257,0.10256,0.10255,0.10254,0.10252,0.10251,0.1025,0.10249,0.10248,0.10246,0.10264,0.10267,0.10268,0.10271,0.10272,0.10273,0.10275,0.10276,0.10277,0.10278,1608,505,505,1756,1756,505,505,505,1632,505,54,505,559,1643,54,1758,505,54,4935,1754
74,0.10256,0.10254,0.10253,0.10252,0.10249,0.10248,0.10246,0.10245,0.10244,0.10243,0.10262,0.10263,0.10265,0.10266,0.10267,0.10268,0.1027,0.10271,0.10272,0.10273,54,1825,505,559,2705,559,1320,505,4127,14780,505,952,505,1149,505,54,2265,6491,20054,505
75,0.1026,0.10256,0.10254,0.10253,0.10252,0.10251,0.10249,0.10248,0.10246,0.10245,0.10261,0.10263,0.10266,0.10269,0.1027,0.10271,0.10272,0.10273,0.10274,0.10276,54,559,1266,505,559,724,2104,54,1531,505,869,505,2554,1172,505,654,1807,1100,505,7351
76,0.10248,0.10244,0.10242,0.1024,0.10237,0.10236,0.10235,0.10234,0.10233,0.10232,0.10249,0.1025,0.10251,0.10253,0.10254,0.10255,0.10256,0.10257,0.10259,0.1026,54,54,1595,1713,2236,1208,3962,15189,12170,54,1066,505,1037,1659,3751,505,1078,4110,505,54
77,0.10252,0.1025,0.10248,0.10246,0.10245,0.10244,0.10242,0.1024,0.10238,0.10237,0.10255,0.10256,0.10258,0.10259,0.1026,0.10261,0.10264,0.10265,0.10266,0.10267,505,1651,1555,1651,505,1705,1703,1708,1225,1660,630,54,1162,505,1204,505,2096,1143,4917,14780
78,0.1024,0.10239,0.10238,0.10237,0.10236,0.10235,0.10234,0.10233,0.10232,0.1023,0.10243,0.10244,0.10245,0.10246,0.10247,0.10248,0.10249,0.1025,0.10252,0.10254,54,505,505,825,1291,505,11581,12087,54,505,92,505,1085,505,959,505,1584,991,2409,5267
79,0.10245,0.10244,0.10243,0.1024,0.10238,0.10237,0.10236,0.10235,0.10234,0.10233,0.10247,0.10248,0.10249,0.10251,0.10252,0.10253,0.10254,0.10255,0.10256,0.10257,505,559,505,1811,1254,1537,1298,2964,26361,12170,371,505,505,1479,1257,505,5338,505,559,3891
80,0.10252,0.10251,0.1025,0.10248,0.10247,0.10246,0.10245,0.10244,0.10242,0.10241,0.10255,0.10256,0.10258,0.1026,0.10262,0.10264,0.10266,0.10267,0.10268,0.1027,566,566,1685,373,2365,505,1560,505,1745,1409,505,559,505,559,505,1733,5267,14780,559,505
81,0.10256,0.10254,0.10253,0.10252,0.10251,0.10249,0.10248,0.10246,0.10245,0.10244,0.10258,0.10259,0.1026,0.10267,0.10268,0.1027,0.10271,0.10272,0.10274,0.10276,54,505,1185,54,505,2512,54,2512,100,1392,505,655,29082,505,559,505,698,559,505,6094
82,0.10245,0.10244,0.10243,0.10242,0.10241,0.1024,0.10239,0.10238,0.10237,0.10236,0.10249,0.1025,0.10251,0.10252,0.10253,0.10254,0.10255,0.10256,0.10258,0.10259,387,1041,505,1029,505,54,1943,1271,816,1192,505,54,1639,559,1954,1272,1954,54,2709,7390
83,0.10228,0.10226,0.10225,0.10224,0.10223,0.10222,0.10221,0.1022,0.10218,0.10216,0.10229,0.1023,0.10232,0.10234,0.10235,0.10236,0.10238,0.10239,0.1024,0.10241,54,54,505,2026,1450,559,11596,559,559,2026,885,505,2134,1899,505,1907,2017,1150,2843,505
84,0.10237,0.10236,0.10234,0.10232,0.10231,0.1023,0.10229,0.10228,0.10227,0.10226,0.10242,0.10243,0.10244,0.10245,0.10246,0.10248,0.10249,0.1025,0.10251,0.10252,2532,1583,2076,1625,505,1625,505,1222,505,2505,374,1601,505,1689,4308,1522,2338,1084,505,2130
85,0.1026,0.10258,0.10256,0.10255,0.10254,0.10253,0.10252,0.1025,0.10249,0.10248,0.10261,0.10262,0.10263,0.10265,0.10266,0.10267,0.10268,0.1027,0.10271,0.10272,54,54,1632,505,1632,505,1580,1535,505,1595,505,655,1518,1585,858,1317,559,2361,2053,559
86,0.1026,0.10259,0.10258,0.10257,0.10256,0.10254,0.10253,0.10252,0.10251,0.1025,0.10264,0.10265,0.10266,0.10267,0.10268,0.1027,0.10271,0.10272,0.10274,0.10276,367,1923,1216,505,1647,1531,2062,1553,505,2116,1159,505,2478,212,2128,2110,505,2108,1886,1321
87,0.10248,0.10246,0.10245,0.10244,0.10242,0.1024,0.10238,0.10236,0.10235,0.10234,0.10252,0.10253,0.10254,0.10255,0.10256,0.10257,0.10258,0.10259,0.1026,0.10261,1501,2483,994,1707,1700,2103,2143,1438,2057,559,49,1535,851,1511,559,505,2098,505,1582,2044
88,0.10246,0.10244,0.10242,0.1024,0.10238,0.10236,0.10235,0.10234,0.10233,0.10232,0.10251,0.10252,0.10254,0.10255,0.10256,0.10257,0.10258,0.10259,0.1026,0.10261,966,1426,2011,1991,1480,1506,505,2011,1337,7003,2280,559,1465,505,1753,1421,54,1957,54,2731
89,0.10256,0.10255,0.10254,0.10252,0.1025,0.10248,0.10246,0.10245,0.10244,0.10243,0.1026,0.10262,0.10264,0.10266,0.10267,0.10268,0.10269,0.1027,0.10272,0.10273,505,1516,54,1945,1756,930,1708,1006,54,1351,577,559,1334,1131,505,1131,1201,92398,54,505
90,0.1026,0.10259,0.10258,0.10257,0.10256,0.10255,0.10254,0.10252,0.10251,0.1025,0.10264,0.10265,0.10266,0.10268,0.10269,0.1027,0.10272,0.10273,0.10274,0.10276,1155,1089,54,901,559,1406,1078,1192,926,2004,872,4126,559,559,505,93950,54,505,947,559
91,0.10253,0.10252,0.1025,0.10248,0.10246,0.10245,0.10244,0.10243,0.10242,0.10241,0.10257,0.10258,0.1026,0.10262,0.10263,0.10264,0.10265,0.10266,0.10267,0.10268,505,559,1861,1317,1448,505,952,770,54,1407,505,559,1865,2537,85,1454,895,559,10371,15339
92,0.10292,0.1029,0.10289,0.10288,0.10286,0.10284,0.10282,0.1028,0.10278,0.10277,0.10296,0.10297,0.10299,0.103,0.10302,0.10303,0.10304,0.10305,0.10306,0.10307,505,1683,505,559,1431,1525,1285,1370,1013,15285,556,1308,760,559,1013,505,736,1246,559,1464
93,0.1035,0.10348,0.10347,0.10346,0.10345,0.10344,0.10343,0.10342,0.10341,0.1034,0.10353,0.10354,0.10355,0.10357,0.10358,0.1036,0.10362,0.10364,0.10365,0.10366,54,559,505,559,505,559,505,559,505,4459,1464,1383,922,505,258,1888,1480,1428,1037,1385
94,0.10326,0.10324,0.10322,0.1032,0.10319,0.10318,0.10316,0.10314,0.10313,0.10312,0.1033,0.10332,0.10333,0.10334,0.10335,0.10336,0.10337,0.10338,0.10339,0.1034,584,940,1445,943,505,1448,1448,943,505,943,466,732,505,940,1394,54,846,1586,949,1311
95,0.10327,0.10326,0.10325,0.10324,0.10323,0.10322,0.10321,0.10319,0.10318,0.10316,0.10328,0.1033,0.10332,0.10334,0.10335,0.10336,0.10337,0.10338,0.10339,0.1034,1038,366,420,420,1345,54,1256,1345,1755,14834,54,54,54,809,505,889,505,889,505,1394
96,0.10327,0.10326,0.10325,0.10323,0.10322,0.10321,0.10319,0.10318,0.10316,0.10315,0.10328,0.1033,0.10331,0.10332,0.10334,0.10336,0.10337,0.10338,0.10339,0.1034,915,256,1336,831,54,1188,1336,762,14834,505,54,103,997,54,841,885,1336,54,1340,2196
97,0.10319,0.10318,0.10316,0.10315,0.10314,0.10313,0.10312,0.1031,0.10309,0.10308,0.10325,0.10326,0.10327,0.10328,0.10329,0.1033,0.10331,0.10332,0.10333,0.10334,490,559,1174,505,804,505,1268,1271,505,1269,1058,54,1212,764,505,764,505,764,505,722
98,0.10309,0.10308,0.10306,0.10304,0.10302,0.103,0.10299,0.10298,0.10297,0.10296,0.10315,0.10316,0.10318,0.1032,0.10321,0.10322,0.10324,0.10325,0.10326,0.10327,1083,505,1463,1217,1208,1154,668,54,505,1045,505,1115,1222,1227,1656,559,734,655,816,505
99,0.10276,0.10274,0.10272,0.10271,0.1027,0.10269,0.10268,0.10267,0.10266,0.10265,0.1028,0.10281,0.10282,0.10283,0.10284,0.10286,0.10287,0.10288,0.10289,0.1029,518,559,735,505,682,1327,576,505,750,5140,997,505,729,1199,54,1530,1715,54,505,749
100,0.10268,0.10267,0.10266,0.10265,0.10264,0.10262,0.10261,0.1026,0.10259,0.10258,0.10273,0.10274,0.10276,0.10278,0.10279,0.1028,0.10281,0.10282,0.10283,0.10284,611,555,505,654,559,1656,505,556,505,785,992,269,1134,1069,589,559,505,784,964,3720
101,0.10324,0.10322,0.1032,0.10319,0.10318,0.10317,0.10316,0.10315,0.10314,0.10313,0.10328,0.1033,0.10332,0.10333,0.10334,0.10335,0.10336,0.10337,0.10338,0.10339,1160,1272,820,505,1325,505,817,505,820,1121,204,1551,817,505,775,505,814,1239,3653,505
102,0.10328,0.10327,0.10326,0.10325,0.10324,0.10323,0.10322,0.10321,0.1032,0.10318,0.10332,0.10334,0.10336,0.10337,0.10338,0.10339,0.1034,0.10341,0.10342,0.10343,634,759,54,1264,54,767,54,1150,580,1320,54,1184,815,505,815,505,5376,15285,54,505
103,0.1033,0.10329,0.10327,0.10326,0.10325,0.10324,0.10323,0.10322,0.10321,0.1032,0.10336,0.10337,0.10338,0.10339,0.1034,0.10341,0.10342,0.10344,0.10345,0.10346,438,535,1064,656,505,806,505,801,505,801,804,1130,54,1227,54,505,1098,4401,505,54
104,0.10392,0.10391,0.1039,0.10389,0.10388,0.10386,0.10385,0.10384,0.10383,0.10382,0.10397,0.10398,0.10399,0.104,0.10401,0.10402,0.10403,0.10404,0.10405,0.10406,428,505,1050,505,1167,767,505,768,505,765,428,53,1104,619,505,544,505,765,505,15551
105,0.10386,0.10385,0.10384,0.10382,0.1038,0.10379,0.10378,0.10377,0.10376,0.10374,0.10391,0.10394,0.10395,0.10396,0.10397,0.10398,0.10399,0.104,0.10401,0.10402,1108,542,53,1054,1243,1195,558,505,1250,1244,150,905,505,619,505,743,10507,22554,505,53
106,0.10388,0.10386,0.10384,0.10382,0.1038,0.10378,0.10376,0.10375,0.10374,0.10372,0.1039,0.10391,0.10394,0.10395,0.10396,0.10397,0.10398,0.10399,0.104,0.10401,53,53,651,985,1048,1050,1212,505,495,1229,412,738,811,505,830,505,584,8129,22554,505
107,0.1038,0.10378,0.10376,0.10375,0.10374,0.10372,0.1037,0.10369,0.10368,0.10366,0.10386,0.10387,0.10388,0.10389,0.1039,0.10391,0.10392,0.10393,0.10394,0.10395,556,649,739,505,740,1247,1245,667,559,1245,1082,538,558,593,528,505,1734,505,739,505
108,0.10393,0.10392,0.10391,0.1039,0.10389,0.10387,0.10386,0.10385,0.10384,0.10382,0.10394,0.10396,0.10398,0.10399,0.104,0.10402,0.10404,0.10405,0.10406,0.10407,1044,300,608,505,707,707,760,505,786,53,53,53,53,3750,16280,53,53,505,14833,4291
109,0.10392,0.10391,0.10389,0.10388,0.10387,0.10386,0.10384,0.10383,0.10382,0.10381,0.10397,0.10398,0.104,0.10402,0.10404,0.10405,0.10406,0.10407,0.10408,0.10409,896,1324,1315,53,1331,614,1090,505,1280,765,1040,14327,558,1609,53,3312,14833,4291,53,505
110,0.10374,0.10372,0.1037,0.10368,0.10366,0.10364,0.10362,0.10361,0.1036,0.10359,0.10378,0.10381,0.10382,0.10383,0.10384,0.10386,0.10388,0.10389,0.1039,0.10391,559,1309,967,967,2205,967,967,86,1611,5095,389,914,53,2400,1362,558,960,505,911,1418
111,0.10398,0.10396,0.10395,0.10394,0.10393,0.10392,0.10391,0.1039,0.10388,0.10387,0.10402,0.10403,0.10404,0.10405,0.10406,0.10407,0.10408,0.10409,0.1041,0.10411,53,1734,734,53,1322,53,505,53,2016,5297,235,505,505,1618,53,3986,53,505,558,1316
112,0.10401,0.10399,0.10397,0.10396,0.10394,0.10393,0.10392,0.10391,0.1039,0.10389,0.10402,0.10403,0.10404,0.10406,0.10407,0.10408,0.1041,0.10411,0.10412,0.10413,524,1584,505,1732,53,505,53,1674,53,1764,2751,71,53,558,3601,558,558,831,3822,2199
113,0.10388,0.10387,0.10385,0.10384,0.10382,0.10381,0.1038,0.10378,0.10377,0.10376,0.10393,0.10394,0.10395,0.10396,0.10397,0.10398,0.10399,0.104,0.10401,0.10402,378,867,505,1727,558,731,1736,558,1631,14604,655,53,505,1109,505,794,4128,53,522,1220
114,0.10381,0.10379,0.10378,0.10377,0.10376,0.10375,0.10374,0.10373,0.10372,0.10371,0.10384,0.10386,0.10388,0.10389,0.1039,0.10392,0.10394,0.10395,0.10396,0.10398,505,2039,558,505,1666,743,54,1672,140,1672,53,53,874,505,558,1910,558,1558,558,1381
115,0.10385,0.10384,0.10383,0.10382,0.10381,0.1038,0.10379,0.10378,0.10377,0.10376,0.1039,0.10392,0.10394,0.10396,0.10397,0.10398,0.10399,0.104,0.10401,0.10402,889,505,505,1040,505,53,1461,558,1676,14518,1392,1657,1337,558,1170,1729,3546,558,17,558
116,0.10394,0.10391,0.1039,0.10388,0.10387,0.10386,0.10385,0.10384,0.10383,0.10382,0.10398,0.104,0.10401,0.10402,0.10404,0.10405,0.10406,0.10407,0.10408,0.10409,53,505,772,1424,1241,53,505,1223,4838,14517,1817,168,1046,558,1722,2298,1613,4024,53,505
117,0.10378,0.10377,0.10376,0.10374,0.10373,0.10372,0.10371,0.1037,0.10369,0.10368,0.10381,0.10382,0.10383,0.10384,0.10385,0.10386,0.10387,0.10388,0.1039,0.10391,53,505,559,1541,1767,54,505,559,1356,5724,505,1332,505,655,1352,558,1583,558,856,505
118,0.10451,0.1045,0.10448,0.10446,0.10444,0.10443,0.10442,0.10441,0.1044,0.10439,0.10455,0.10456,0.10457,0.10458,0.10459,0.1046,0.10461,0.10464,0.10465,0.10466,505,864,1796,1383,1355,505,558,1330,558,505,367,412,505,412,1272,53,1330,1322,14784,53
119,0.10446,0.10445,0.10444,0.10443,0.10442,0.10441,0.1044,0.10439,0.10438,0.10437,0.10452,0.10453,0.10455,0.10456,0.10458,0.10459,0.1046,0.10461,0.10462,0.10464,510,505,53,1244,53,505,1239,505,558,1691,1290,833,505,2200,53,1691,53,505,15198,558
120,0.10479,0.10478,0.10475,0.10474,0.10473,0.10472,0.1047,0.10468,0.10467,0.10466,0.10484,0.10485,0.10486,0.10488,0.10489,0.1049,0.10491,0.10492,0.10493,0.10494,1249,558,1587,53,1585,558,844,53,505,53,53,852,558,558,505,53,1588,53,505,1131
121,0.1052,0.10518,0.10516,0.10514,0.10513,0.10512,0.1051,0.10508,0.10506,0.10505,0.10524,0.10525,0.10526,0.10527,0.10528,0.10529,0.1053,0.10532,0.10534,0.10535,53,53,53,558,1660,558,1607,1607,558,1399,1663,818,558,3795,53,505,53,1434,558,14900
122,0.10506,0.10504,0.10502,0.105,0.10498,0.10497,0.10496,0.10494,0.10493,0.10492,0.10512,0.10513,0.10514,0.10516,0.10518,0.10519,0.1052,0.10522,0.10523,0.10524,53,53,867,942,558,1086,558,1644,1086,14099,1398,1003,558,1652,53,1399,1498,1286,505,53
123,0.10483,0.10482,0.1048,0.10479,0.10478,0.10477,0.10476,0.10475,0.10474,0.10472,0.10489,0.1049,0.10493,0.10494,0.10495,0.10496,0.10497,0.10499,0.105,0.10501,457,53,53,505,2629,505,53,505,1165,1642,1053,1307,505,961,4215,53,1611,505,14230,949
124,0.10462,0.1046,0.10459,0.10458,0.10457,0.10456,0.10455,0.10454,0.10452,0.10451,0.10471,0.10472,0.10474,0.10476,0.10477,0.10478,0.1048,0.10482,0.10484,0.10485,2219,53,1526,53,1548,53,505,53,1659,14150,3654,558,505,4236,1684,505,1528,1503,558,358
125,0.1048,0.10476,0.10475,0.10473,0.10472,0.1047,0.10468,0.10465,0.10464,0.10463,0.10482,0.10484,0.10486,0.10488,0.10489,0.1049,0.10491,0.10492,0.10493,0.10494,447,852,1109,505,1667,14464,558,505,558,1532,53,53,53,897,2187,53,1614,53,505,1293
126,0.10461,0.1046,0.10458,0.10456,0.10455,0.10454,0.10453,0.10452,0.10451,0.1045,0.1047,0.10471,0.10472,0.10474,0.10475,0.10476,0.10477,0.1048,0.10481,0.10482,1206,558,1660,53,1470,1586,959,2083,5594,15215,440,178,505,847,2189,53,1624,1673,1115,558
127,0.10454,0.10453,0.10452,0.1045,0.10448,0.10446,0.10445,0.10444,0.10442,0.10441,0.10461,0.10462,0.10463,0.10464,0.10466,0.10467,0.10468,0.10469,0.10471,0.10472,1678,505,53,2069,558,1705,1159,558,6191,14464,505,1786,505,53,896,1443,53,505,5101,558
128,0.10458,0.10457,0.10456,0.10453,0.10452,0.1045,0.10448,0.10447,0.10446,0.10445,0.10465,0.10466,0.10468,0.10469,0.10472,0.10473,0.10474,0.10475,0.10476,0.10477,1243,505,53,1719,1769,505,558,1902,2040,505,978,601,943,505,1462,5324,13959,505,53,505
129,0.10456,0.10455,0.10454,0.10453,0.10452,0.10451,0.10448,0.10447,0.10445,0.10444,0.1046,0.10461,0.10462,0.10463,0.10465,0.10466,0.10468,0.10469,0.1047,0.10471,466,505,1374,505,558,1422,558,745,1671,558,150,1374,505,505,1281,1431,53,1650,768,3484
130,0.10461,0.1046,0.10459,0.10457,0.10456,0.10455,0.10453,0.10452,0.10451,0.10448,0.10466,0.10467,0.10468,0.10469,0.1047,0.10472,0.10474,0.10475,0.10476,0.10477,505,1238,505,1443,558,505,1544,558,1579,2091,966,505,1192,753,505,1421,1441,505,53,1259
131,0.10472,0.10471,0.1047,0.10469,0.10468,0.10467,0.10466,0.10465,0.10464,0.10462,0.10476,0.10479,0.1048,0.10482,0.10484,0.10487,0.10488,0.10489,0.1049,0.10491,426,1177,505,1034,505,505,735,505,558,1362,558,770,558,1539,1945,505,53,1204,87,4672
132,0.1048,0.10478,0.10476,0.10474,0.10473,0.10472,0.10471,0.1047,0.10469,0.10468,0.10485,0.10488,0.10489,0.10491,0.10492,0.10493,0.10495,0.10496,0.10497,0.10498,2722,1225,558,723,505,1242,1128,1162,4183,14012,659,1349,505,1280,53,1174,1161,558,1189,1508
133,0.10488,0.10486,0.10484,0.10481,0.1048,0.10479,0.10478,0.10476,0.10474,0.10473,0.10489,0.10491,0.10493,0.10495,0.10497,0.10498,0.105,0.10501,0.10503,0.10504,53,505,558,1465,2722,505,720,558,1528,505,1191,505,1150,1137,645,1150,558,1150,4240,558
134,0.10522,0.10521,0.1052,0.10519,0.10517,0.10516,0.10514,0.10512,0.10511,0.1051,0.10524,0.10527,0.10528,0.1053,0.10531,0.10532,0.10534,0.10535,0.10536,0.10537,427,505,505,1159,505,1152,1160,1213,505,15117,53,505,53,1337,653,1408,505,3754,3916,11248
135,0.10517,0.10516,0.10513,0.10512,0.1051,0.10509,0.10508,0.10507,0.10505,0.10504,0.10523,0.10524,0.10525,0.10526,0.10527,0.10528,0.10529,0.1053,0.10531,0.10532,808,505,1417,558,1581,505,53,1581,505,1129,922,758,505,860,1859,11311,1474,11256,505,53
136,0.10504,0.105,0.10497,0.10496,0.10495,0.10493,0.10492,0.1049,0.10488,0.10487,0.10507,0.10508,0.1051,0.10511,0.10514,0.10515,0.10516,0.10517,0.10518,0.10519,53,2717,1281,1018,505,505,53,1668,558,1551,505,4459,553,876,1324,505,558,741,505,271
137,0.10487,0.10486,0.10485,0.10484,0.10482,0.10481,0.1048,0.10478,0.10477,0.10476,0.10495,0.10496,0.10497,0.105,0.10502,0.10503,0.10504,0.10505,0.10506,0.10507,505,1295,505,1608,769,505,558,1440,14464,53,3770,53,505,1521,768,4006,53,505,874,1270
138,0.1048,0.10477,0.10476,0.10473,0.10472,0.10471,0.1047,0.10469,0.10468,0.10466,0.10483,0.10484,0.10485,0.10487,0.10488,0.1049,0.10491,0.10492,0.10494,0.10495,53,505,53,2130,53,1219,17464,139,558,2130,1218,408,408,1316,816,505,1225,116,1317,4912
139,0.10512,0.10511,0.10509,0.10508,0.10506,0.10504,0.10502,0.10501,0.105,0.10499,0.10519,0.1052,0.10524,0.10525,0.10526,0.10527,0.10528,0.10531,0.10532,0.10533,1428,505,505,1022,1730,558,2176,2016,6753,4167,1554,558,1560,505,1603,3700,558,13959,1865,505
140,0.10511,0.1051,0.10509,0.10508,0.10506,0.10504,0.10502,0.105,0.10499,0.10497,0.10519,0.1052,0.10521,0.10523,0.10524,0.10526,0.10527,0.10528,0.1053,0.10531,843,1508,505,18436,505,558,505,8469,13959,505,505,3790,11770,505,558,505,3589,558,4672,13959
141,0.10487,0.10486,0.10484,0.10481,0.1048,0.10477,0.10476,0.10475,0.10473,0.10472,0.10492,0.10494,0.10495,0.10497,0.10499,0.105,0.10501,0.10502,0.10503,0.10504,466,13855,53,505,53,505,53,505,1717,53,1689,278,2034,2337,505,3222,13959,505,3719,558
142,0.10485,0.10483,0.10482,0.10481,0.1048,0.10479,0.10478,0.10477,0.10476,0.10473,0.1049,0.10491,0.10492,0.10493,0.10494,0.10495,0.10496,0.10497,0.10499,0.105,164,1548,870,505,53,1141,505,505,959,2210,505,1554,558,505,1475,505,1658,1680,1783,4725
143,0.10518,0.10517,0.10516,0.10515,0.10512,0.10509,0.10508,0.10507,0.10506,0.10504,0.10524,0.10525,0.10527,0.10528,0.1053,0.10532,0.10534,0.10535,0.10536,0.10538,1315,1363,505,505,1699,1699,1488,4167,15486,2765,505,929,4243,53,505,1631,818,3981,4124,505
144,0.10508,0.10504,0.10502,0.105,0.10499,0.10497,0.10496,0.10495,0.10494,0.10492,0.10514,0.10515,0.10516,0.10517,0.10518,0.1052,0.10521,0.10522,0.10524,0.10525,53,1505,1579,53,1720,505,53,1525,1666,1058,1227,8698,505,969,505,53,505,11769,53,505
145,0.10475,0.10473,0.10472,0.1047,0.10468,0.10466,0.10464,0.10463,0.10462,0.10461,0.10481,0.10484,0.10487,0.10488,0.10489,0.10491,0.10492,0.10494,0.10495,0.10496,505,904,558,1694,558,1695,662,1190,505,1531,1095,1748,1387,969,3049,505,1246,505,4612,558
146,0.10468,0.10464,0.10461,0.1046,0.10458,0.10457,0.10456,0.10454,0.10452,0.10451,0.10471,0.10472,0.10473,0.10475,0.10476,0.10479,0.1048,0.10481,0.10483,0.10484,53,558,1718,558,1718,731,558,2122,1771,3697,965,1213,505,1019,1356,8035,452,655,1683,558
147,0.10467,0.10465,0.10463,0.10462,0.10461,0.1046,0.10459,0.10458,0.10456,0.10454,0.10474,0.10475,0.10476,0.10477,0.10479,0.1048,0.10482,0.10484,0.10485,0.10487,663,505,1655,505,1243,558,1517,505,558,1745,2275,505,53,1386,505,1044,1666,53,1748,5318
148,0.10377,0.10376,0.10375,0.10373,0.10372,0.10371,0.1037,0.10369,0.10368,0.10366,0.10384,0.10385,0.10386,0.10387,0.1039,0.10392,0.10394,0.10395,0.10396,0.10397,505,1330,505,505,1908,505,1276,505,559,1786,530,911,7141,505,505,1251,13959,505,53,505
149,0.10355,0.10354,0.10351,0.10349,0.10348,0.10347,0.10346,0.10345,0.10344,0.10343,0.10363,0.10364,0.10366,0.10368,0.1037,0.10371,0.10372,0.10373,0.10375,0.10376,663,1059,1537,215,1261,1715,3882,1429,54,505,1859,823,1513,1529,1207,505,137,1769,505,1195
150,0.10356,0.10353,0.10352,0.10351,0.10349,0.10348,0.10347,0.10346,0.10344,0.10342,0.10364,0.10367,0.10368,0.10371,0.10372,0.10373,0.10375,0.10376,0.10377,0.10378,990,2233,1194,505,1651,559,1197,4008,559,4050,54,1035,54,2053,137,505,2169,4221,13959,505
151,0.10385,0.10384,0.10383,0.1038,0.10377,0.10376,0.10375,0.10374,0.10373,0.10372,0.10388,0.10392,0.10396,0.10399,0.104,0.10401,0.10403,0.10404,0.10405,0.10407,530,388,1150,1526,1165,505,2062,505,505,54,53,53,1086,1670,137,1729,4688,1618,505,1386
152,0.10372,0.1037,0.10369,0.10368,0.10365,0.10364,0.10363,0.10362,0.10361,0.1036,0.10379,0.1038,0.10383,0.10384,0.10386,0.10388,0.10391,0.10392,0.10393,0.10394,527,1687,5285,559,505,54,505,1579,14464,6374,527,1170,1184,1201,505,1685,1833,53,589,2683
153,0.10377,0.10376,0.10373,0.10372,0.10371,0.1037,0.10369,0.10368,0.10365,0.10364,0.10388,0.1039,0.10392,0.10395,0.10396,0.10398,0.10399,0.104,0.10401,0.10402,2291,652,1083,559,1181,505,1216,559,2467,3384,1394,505,1876,1590,53,1781,1624,558,1564,1527
154,0.10381,0.1038,0.10378,0.10376,0.10373,0.10372,0.10371,0.1037,0.10369,0.10368,0.1039,0.10391,0.10392,0.10395,0.10396,0.10398,0.10399,0.104,0.10401,0.10402,1742,53,505,559,1127,1510,13959,505,1216,559,511,505,558,2091,53,1694,84,617,1557,505
155,0.10393,0.10392,0.10389,0.10388,0.10384,0.10383,0.10382,0.10381,0.1038,0.10378,0.10397,0.10398,0.10399,0.104,0.10404,0.10406,0.10408,0.10411,0.10412,0.10413,123,53,1571,558,2412,704,505,1493,14517,505,494,505,505,505,1988,505,1570,1625,7933,14464
156,0.10404,0.10402,0.104,0.10399,0.10397,0.10396,0.10395,0.10392,0.10391,0.1039,0.10407,0.10408,0.10409,0.1041,0.10413,0.10414,0.10415,0.10416,0.10419,0.1042,53,57,53,505,1677,53,505,1795,505,929,488,505,505,505,2025,2776,505,558,1605,558
157,0.10392,0.10391,0.1039,0.10389,0.10388,0.10385,0.10384,0.10383,0.10382,0.10381,0.10399,0.104,0.10402,0.10403,0.10404,0.10406,0.10407,0.10408,0.10409,0.1041,505,1249,505,505,558,1722,558,505,1467,505,505,1755,505,505,558,1282,505,138,965,1313
158,0.10379,0.10377,0.10376,0.10374,0.10372,0.10371,0.1037,0.10369,0.10368,0.10366,0.10381,0.10386,0.10388,0.1039,0.10391,0.10392,0.10394,0.10395,0.10396,0.10397,9730,505,559,505,559,697,3000,505,559,977,189,1468,1557,505,505,558,5720,13959,558,143
159,0.10403,0.10401,0.104,0.10399,0.10397,0.10396,0.10393,0.10392,0.10391,0.1039,0.10404,0.10407,0.10408,0.1041,0.10412,0.10413,0.10414,0.10415,0.10416,0.10417,505,1277,1159,505,892,334,1275,505,1376,505,53,505,53,505,823,14464,85,505,558,60
160,0.10398,0.10397,0.10396,0.10395,0.10393,0.10392,0.10391,0.10389,0.10388,0.10385,0.10404,0.10405,0.10406,0.10407,0.10408,0.10409,0.10411,0.10412,0.10414,0.10416,1095,505,53,505,1193,558,1287,1265,53,1855,1626,505,1210,505,831,505,1287,558,1676,1419
161,0.10389,0.10388,0.10387,0.10385,0.10384,0.10381,0.1038,0.10378,0.10376,0.10375,0.10394,0.10395,0.10396,0.10399,0.104,0.10402,0.10403,0.10404,0.10405,0.10406,1296,4386,9914,505,558,505,558,505,559,7719,655,1347,558,1430,53,1333,505,892,1271,1276
162,0.10393,0.10392,0.10391,0.1039,0.10389,0.10388,0.10387,0.10385,0.10384,0.10383,0.10396,0.10398,0.10399,0.104,0.10401,0.10403,0.10404,0.10405,0.10406,0.10407,505,505,1487,505,1441,505,1486,1176,53,1461,53,1386,505,1008,505,505,53,1461,1276,1486
163,0.10394,0.10392,0.10391,0.10389,0.10388,0.10387,0.10385,0.10384,0.10383,0.10382,0.10399,0.104,0.10401,0.10403,0.10404,0.10405,0.10406,0.10407,0.10408,0.10409,1332,1455,1491,505,1543,505,1488,1059,1228,927,505,1533,505,1480,53,1480,1276,1480,53,1181
164,0.10372,0.10371,0.10369,0.10368,0.10367,0.10366,0.10364,0.10363,0.10362,0.10361,0.10376,0.10378,0.1038,0.10381,0.10383,0.10384,0.10385,0.10386,0.10388,0.10389,1428,505,1444,941,505,941,1495,838,505,5119,70,505,1372,766,1909,989,556,505,2573,505
165,0.10416,0.10415,0.10413,0.10412,0.10411,0.10409,0.10408,0.10407,0.10405,0.10404,0.10418,0.1042,0.10422,0.10424,0.10426,0.10427,0.10428,0.1043,0.10432,0.10433,927,1452,1441,505,1359,1439,53,1398,1447,558,150,558,505,1368,1447,942,558,1439,3122,936
166,0.10389,0.10388,0.10385,0.10384,0.10381,0.1038,0.10379,0.10378,0.10376,0.10375,0.10394,0.10395,0.10397,0.10399,0.104,0.10402,0.10403,0.10404,0.10405,0.10406,922,558,1494,558,1969,1383,505,976,1741,753,1107,505,1330,825,1330,505,1330,558,1330,14464
167,0.10368,0.10365,0.10364,0.10363,0.10362,0.10361,0.1036,0.10359,0.10357,0.10356,0.10373,0.10374,0.10375,0.10376,0.10378,0.1038,0.10382,0.10383,0.10384,0.10386,54,1959,717,505,754,1306,4221,13959,505,54,917,977,1240,1367,797,1356,1303,505,851,1312
168,0.10381,0.1038,0.10379,0.10377,0.10376,0.10373,0.10372,0.10371,0.1037,0.10369,0.10387,0.10388,0.10391,0.10392,0.10393,0.10395,0.10396,0.10397,0.10399,0.104,1380,1274,505,1274,829,1156,1208,740,1163,13959,505,558,1402,558,1274,1277,53,1272,775,558
169,0.10379,0.10377,0.10376,0.10374,0.10372,0.10371,0.1037,0.10368,0.10366,0.10365,0.10386,0.10387,0.10388,0.1039,0.10391,0.10392,0.10393,0.10394,0.10395,0.10396,1243,1197,559,1230,1294,740,1238,1283,600,505,505,1375,655,1238,1215,558,1357,1094,4333,14517
170,0.10369,0.10368,0.10365,0.10364,0.10363,0.10361,0.1036,0.10357,0.10356,0.10355,0.10374,0.10375,0.10376,0.10378,0.10379,0.10381,0.10382,0.10383,0.10384,0.10385,505,559,1590,54,1226,1223,54,1705,54,1059,590,505,1224,1082,505,1593,505,1148,5091,14464
171,0.10377,0.10376,0.10375,0.10373,0.10372,0.10371,0.1037,0.10368,0.10367,0.10365,0.10383,0.10384,0.10386,0.10388,0.1039,0.10391,0.10392,0.10393,0.10395,0.10396,505,1251,505,1203,54,1203,505,3569,505,1222,905,505,1197,1109,1146,505,590,505,696,6793
172,0.10446,0.10445,0.10444,0.10442,0.10441,0.10439,0.10438,0.10437,0.10436,0.10435,0.10449,0.1045,0.10451,0.10452,0.10454,0.10456,0.10457,0.10458,0.10459,0.1046,505,505,505,608,1207,1206,505,1207,558,1161,337,4652,505,53,505,558,2360,505,1618,644
173,0.10458,0.10457,0.10456,0.10453,0.10452,0.1045,0.10449,0.10448,0.10446,0.10444,0.10465,0.10467,0.10468,0.10471,0.10472,0.10473,0.10474,0.10475,0.10476,0.10477,1124,853,742,1617,558,709,505,1299,1221,1298,1189,1184,1292,1275,1299,1271,505,977,3652,5933
174,0.10454,0.10451,0.10449,0.10448,0.10445,0.10444,0.10442,0.10441,0.1044,0.10437,0.1046,0.10462,0.10464,0.10465,0.10466,0.10467,0.10468,0.10469,0.10471,0.10472,505,1558,711,53,1210,558,1057,505,749,1939,378,806,53,150,505,1038,53,505,1543,558
175,0.105,0.10496,0.10495,0.10493,0.10492,0.10488,0.10486,0.10485,0.10484,0.10483,0.10506,0.10507,0.1051,0.10513,0.10514,0.10516,0.10518,0.10519,0.1052,0.10522,53,1511,970,1299,558,2110,505,1447,5065,14464,43,1093,1093,1500,505,1550,2969,720,558,1590
176,0.10505,0.10504,0.10502,0.10501,0.105,0.10498,0.10496,0.10493,0.10492,0.10491,0.10513,0.10516,0.10517,0.1052,0.10521,0.10522,0.10523,0.10524,0.10526,0.10527,1142,53,1524,970,558,1717,558,1600,558,1009,1013,901,505,1512,1020,14046,505,822,505,5034
177,0.10559,0.10558,0.10556,0.10555,0.10554,0.10553,0.1055,0.10548,0.10546,0.10545,0.10565,0.10566,0.10568,0.1057,0.10571,0.10572,0.10574,0.10576,0.10577,0.10578,372,810,66,505,795,505,1364,53,956,1053,2098,11217,53,3852,11212,53,505,558,14749,505
178,0.10516,0.10512,0.10509,0.10508,0.10506,0.10505,0.10504,0.10502,0.105,0.10498,0.1052,0.10524,0.10525,0.10526,0.10527,0.10528,0.10531,0.10532,0.10533,0.10534,53,53,1429,53,1436,931,558,505,558,1727,801,928,505,796,3452,558,1156,53,505,3343
179,0.10525,0.10524,0.10523,0.10521,0.10517,0.10516,0.10514,0.10512,0.10511,0.1051,0.10531,0.10532,0.10535,0.10536,0.10537,0.1054,0.10543,0.10544,0.10545,0.10546,1281,898,505,505,1702,949,120,4665,14701,3627,372,53,3693,3801,12557,4339,505,12899,505,13959
180,0.10532,0.10528,0.10526,0.10524,0.10523,0.10522,0.10521,0.1052,0.10517,0.10516,0.10543,0.10544,0.10545,0.10548,0.1055,0.10552,0.10554,0.10556,0.10557,0.10558,903,1042,505,1240,890,4936,13959,53,592,53,1042,9530,505,53,505,1745,1395,1656,505,14874
181,0.10524,0.10523,0.10521,0.10518,0.10516,0.10514,0.10513,0.10512,0.1051,0.10508,0.10532,0.10534,0.10535,0.10536,0.10538,0.10539,0.1054,0.10541,0.10543,0.10544,1491,1451,505,1404,558,1198,1703,53,645,140,203,899,3699,558,505,1341,3607,505,505,948
182,0.10524,0.1052,0.10518,0.10516,0.10513,0.10512,0.1051,0.10508,0.10507,0.10505,0.10527,0.10528,0.1053,0.10532,0.10534,0.10535,0.10536,0.10538,0.10539,0.1054,53,869,505,1576,1279,53,1401,53,1401,87,109,505,1119,505,1405,3510,558,1700,13959,4006
183,0.10518,0.10517,0.10516,0.10515,0.10514,0.10511,0.1051,0.10509,0.10508,0.10507,0.10524,0.10526,0.10528,0.10529,0.10532,0.10534,0.10535,0.10536,0.10537,0.10538,395,505,505,505,906,1410,1209,505,53,505,53,1441,558,1209,558,1410,3510,558,820,1410
184,0.10521,0.1052,0.10517,0.10516,0.10515,0.10513,0.10512,0.10511,0.1051,0.10509,0.10528,0.10529,0.10532,0.10533,0.10534,0.10535,0.10536,0.10538,0.10539,0.1054,505,558,1412,53,505,1730,53,505,907,505,505,1285,1262,505,918,3931,53,1415,861,18815
185,0.10528,0.10527,0.10525,0.10524,0.10521,0.1052,0.10517,0.10516,0.10515,0.10514,0.10533,0.10536,0.1054,0.10543,0.10544,0.10547,0.10548,0.10551,0.10552,0.10553,505,775,1297,53,1385,939,505,4969,15280,505,497,1444,1692,1391,53,15646,53,505,53,505
186,0.1057,0.10569,0.10566,0.10565,0.10564,0.10562,0.10561,0.1056,0.10558,0.10556,0.10576,0.1058,0.10582,0.10583,0.10584,0.10586,0.10588,0.10589,0.1059,0.10591,505,956,967,1336,53,505,4466,14012,505,53,53,1823,1495,1462,52,1461,1000,1343,13959,3494
187,0.10585,0.10584,0.10581,0.1058,0.10577,0.10576,0.10572,0.10569,0.10568,0.10567,0.10592,0.10595,0.10596,0.10597,0.10598,0.10599,0.106,0.10601,0.10602,0.10603,389,1471,505,52,1047,1525,558,3063,53,1589,894,1471,52,1463,1495,505,13733,11685,12024,505
188,0.10589,0.10588,0.10585,0.10584,0.10582,0.1058,0.10578,0.10576,0.10575,0.10574,0.10596,0.106,0.10601,0.10602,0.10603,0.10604,0.10605,0.10606,0.10608,0.10609,1884,1440,1450,1038,505,1000,505,2630,621,3082,11186,505,1179,11684,13959,3517,561,2571,52,505
189,0.10584,0.1058,0.10576,0.10572,0.1057,0.10569,0.10568,0.10567,0.10565,0.10564,0.10593,0.10594,0.10595,0.10596,0.10597,0.10598,0.106,0.10601,0.10602,0.10603,505,1301,1550,870,977,505,53,1476,2100,1116,1900,888,1343,20809,505,11183,557,1179,11684,13959
190,0.1058,0.10577,0.10576,0.10574,0.10572,0.10571,0.10568,0.10565,0.10564,0.10563,0.10586,0.10587,0.10588,0.10589,0.10591,0.10592,0.10593,0.10595,0.10596,0.10597,914,832,1341,12966,53,505,53,922,558,1075,409,2571,52,505,1823,52,1593,1492,9623,505
191,0.10634,0.10631,0.10628,0.10624,0.10623,0.10621,0.1062,0.10618,0.10616,0.10615,0.10643,0.10644,0.10645,0.10647,0.10648,0.10649,0.1065,0.10651,0.10652,0.10656,1950,505,1600,1350,1547,4269,14011,2093,557,1589,858,52,505,1545,52,505,1076,13959,1524,557
192,0.10608,0.10604,0.10602,0.106,0.10598,0.10596,0.10595,0.10593,0.10592,0.1059,0.10612,0.10614,0.10615,0.10617,0.10619,0.1062,0.10622,0.10623,0.10624,0.10625,52,52,505,1233,505,1468,1567,4945,15604,5284,983,505,912,2275,9444,52,417,13959,557,11155
193,0.1063,0.10628,0.10627,0.10624,0.10622,0.1062,0.10619,0.10617,0.10616,0.10615,0.10638,0.1064,0.10641,0.10643,0.10646,0.10647,0.10648,0.1065,0.10655,0.10656,505,52,505,1529,505,1870,591,1021,505,902,1030,505,883,505,505,150,505,14464,505,52
194,0.10624,0.1062,0.10617,0.10616,0.10614,0.10612,0.10611,0.1061,0.10609,0.10608,0.10629,0.10633,0.10635,0.10636,0.10638,0.10639,0.1064,0.10641,0.10642,0.10643,52,1984,1569,52,1575,557,1427,1571,87,6434,581,953,505,1070,505,15743,11191,505,953,505
195,0.10632,0.10631,0.10629,0.10628,0.10625,0.10624,0.10622,0.10621,0.1062,0.10618,0.10639,0.1064,0.10644,0.10645,0.10647,0.10648,0.1065,0.10652,0.10655,0.10656,505,2840,505,1132,1586,52,983,505,52,1076,414,11972,557,961,150,557,14464,52,505,52
196,0.10637,0.10632,0.10631,0.10628,0.10624,0.10622,0.1062,0.10618,0.10617,0.10616,0.10644,0.10647,0.10648,0.10649,0.10651,0.10652,0.10655,0.10656,0.10659,0.1066,505,1158,1624,3756,16364,505,52,87,566,52,11135,150,52,505,1460,52,1723,52,1980,14011
197,0.1064,0.10638,0.10636,0.10633,0.10632,0.10631,0.1063,0.10628,0.10625,0.10624,0.10647,0.10648,0.10651,0.10652,0.10655,0.10656,0.10657,0.10659,0.1066,0.10661,3170,505,557,1302,52,87,5779,557,13959,557,1044,1206,1711,202,1694,52,505,3050,52,14464
198,0.10685,0.10684,0.1068,0.10678,0.10676,0.10674,0.10673,0.10672,0.10671,0.10668,0.10691,0.10692,0.10694,0.10696,0.10697,0.10698,0.10699,0.107,0.10703,0.10704,505,52,2592,505,1207,1210,505,52,15685,52,505,505,804,557,1267,989,1236,5853,14464,52
199,0.10676,0.10674,0.10672,0.10671,0.10668,0.10666,0.10665,0.10664,0.10662,0.1066,0.10686,0.10688,0.1069,0.10691,0.10692,0.10694,0.10696,0.10699,0.107,0.10703,552,505,52,505,1750,505,1320,557,1943,557,1090,557,2306,1801,11642,3700,1464,14464,5348,505
200,0.10632,0.10631,0.1063,0.10625,0.10624,0.10623,0.1062,0.10616,0.10614,0.10612,0.1064,0.10641,0.10644,0.10646,0.10648,0.10649,0.10651,0.10652,0.10653,0.10654,505,1144,505,2243,15332,505,557,557,14464,1134,557,11138,52,505,557,957,1678,52,445,1761
201,0.10642,0.1064,0.10638,0.10636,0.10634,0.10632,0.1063,0.10628,0.10625,0.10624,0.10651,0.10653,0.10655,0.10656,0.10659,0.1066,0.10662,0.10664,0.10665,0.10666,1620,505,1750,1343,14464,52,452,557,14464,52,655,1890,1796,11175,505,52,881,557,5194,505
202,0.10624,0.10621,0.1062,0.10617,0.10616,0.10615,0.10614,0.10612,0.10609,0.10608,0.10629,0.10631,0.10633,0.10634,0.10635,0.10637,0.10639,0.1064,0.10641,0.10644,534,1603,52,2274,52,958,15791,557,1089,52,988,505,1832,1327,505,1832,505,1057,1595,557
203,0.10535,0.10534,0.10532,0.10531,0.10528,0.10526,0.10524,0.10523,0.10521,0.1052,0.10544,0.10545,0.10546,0.10547,0.10548,0.1055,0.10552,0.10553,0.10554,0.10555,1565,505,1305,1631,505,1633,53,1649,505,53,1025,505,1500,505,53,505,558,1187,2007,84
204,0.10537,0.10536,0.10534,0.10532,0.10531,0.10529,0.10528,0.10526,0.10524,0.10523,0.10545,0.10548,0.10549,0.10552,0.10554,0.10556,0.10557,0.10558,0.10559,0.1056,601,558,2021,53,1470,1015,558,505,2069,888,1408,1190,505,2062,1488,702,978,13959,505,53
205,0.10552,0.1055,0.10547,0.10546,0.10544,0.10543,0.10541,0.1054,0.10539,0.10536,0.10559,0.1056,0.10561,0.10564,0.10565,0.10568,0.1057,0.10571,0.10572,0.10575,453,996,1093,1101,1676,13959,505,53,505,558,1484,139,505,1163,505,950,505,1117,1495,1494
206,0.10584,0.10583,0.10579,0.10578,0.10577,0.10576,0.10575,0.1057,0.10568,0.10566,0.10592,0.10595,0.10596,0.10597,0.10599,0.106,0.10602,0.10604,0.10606,0.10607,1937,1522,505,921,1100,14284,505,505,53,2103,503,505,52,505,2023,1187,505,1692,505,62
207,0.10581,0.1058,0.10577,0.10576,0.10574,0.10572,0.10571,0.1057,0.10568,0.10566,0.10587,0.10591,0.10593,0.10594,0.10595,0.10596,0.10597,0.10599,0.106,0.10602,597,52,1255,53,1676,1729,13959,505,558,505,445,505,1676,1386,1394,52,505,920,1366,505
208,0.10621,0.1062,0.10619,0.10616,0.10615,0.10613,0.10612,0.10611,0.1061,0.10609,0.10628,0.10629,0.10631,0.10632,0.10633,0.10636,0.10638,0.1064,0.10641,0.10642,261,652,505,1072,505,1623,52,1623,13959,505,195,505,1492,8820,505,557,505,706,832,14464
209,0.10576,0.10574,0.10572,0.1057,0.10569,0.10568,0.10567,0.10566,0.10564,0.10563,0.10585,0.10586,0.10588,0.1059,0.10592,0.10593,0.10595,0.10596,0.10598,0.10599,942,505,1637,886,505,53,1011,505,1674,15316,1629,505,908,1720,52,505,1120,52,1181,1557
210,0.10585,0.10584,0.10581,0.1058,0.10576,0.10573,0.10572,0.1057,0.10569,0.10568,0.10592,0.10593,0.10594,0.10595,0.10596,0.10599,0.106,0.10601,0.10602,0.10603,1376,1636,505,52,1985,1673,1449,250,505,975,52,4847,505,1192,52,505,52,505,1137,505
211,0.10596,0.10595,0.10593,0.10589,0.10587,0.10586,0.10585,0.10584,0.1058,0.10578,0.106,0.10604,0.10605,0.10607,0.10608,0.10609,0.10612,0.10614,0.10616,0.10617,1443,505,1673,2063,505,3118,1433,52,16143,505,52,52,505,1538,52,505,1866,505,2095,63
212,0.10581,0.1058,0.10577,0.10576,0.10575,0.10574,0.10573,0.10572,0.1057,0.10569,0.10585,0.10588,0.10589,0.10592,0.10595,0.10596,0.10598,0.10599,0.106,0.10602,428,505,1358,1818,505,1359,505,1179,1864,590,4129,52,505,2128,1699,52,1643,13732,52,505
213,0.10581,0.10576,0.10573,0.10572,0.10571,0.1057,0.10569,0.10568,0.10566,0.10565,0.10587,0.10588,0.10589,0.10591,0.10592,0.10595,0.10596,0.10597,0.10599,0.106,505,1883,1711,1260,1358,505,590,558,909,505,2071,52,505,851,1524,505,1248,505,13795,52
214,0.1059,0.10589,0.10588,0.10587,0.10586,0.10584,0.10581,0.1058,0.10578,0.10577,0.10596,0.10597,0.10599,0.10604,0.10605,0.10607,0.10608,0.1061,0.10612,0.10614,1043,505,1308,3007,505,1813,1675,1913,1356,1761,505,505,1761,1714,505,1662,557,1662,52,2167
215,0.10594,0.10592,0.1059,0.10588,0.10587,0.10586,0.10584,0.1058,0.10578,0.10577,0.10598,0.106,0.10603,0.10604,0.10605,0.10607,0.10608,0.10609,0.1061,0.10612,959,557,1656,1335,403,505,1835,2261,1355,1783,505,1339,1383,1283,505,1184,557,1259,13732,557
216,0.10603,0.10602,0.10601,0.10598,0.10596,0.10594,0.10592,0.10591,0.1059,0.10589,0.1061,0.10612,0.10613,0.10615,0.10616,0.10617,0.10619,0.1062,0.10623,0.10624,505,831,505,2301,557,966,1011,1265,505,1354,505,841,505,1369,52,505,1712,13784,505,52
217,0.10616,0.10612,0.1061,0.10608,0.10606,0.10604,0.10603,0.10602,0.10601,0.106,0.10619,0.1062,0.10621,0.10622,0.10623,0.10624,0.10628,0.10631,0.10632,0.10635,52,1302,1254,1324,1272,819,1166,1352,2023,52,505,655,754,505,28154,505,52,64,13279,505
218,0.10657,0.10656,0.10653,0.1065,0.10648,0.10646,0.10645,0.10644,0.10642,0.10641,0.10663,0.10665,0.10666,0.10668,0.10669,0.10671,0.10672,0.10673,0.10674,0.10678,505,52,1969,1733,1186,1739,1345,505,2146,1228,825,505,986,505,1232,505,1280,4099,13732,505
219,0.10714,0.10711,0.10707,0.10706,0.10705,0.10704,0.10702,0.10701,0.107,0.10698,0.1072,0.10724,0.10726,0.10728,0.1073,0.10731,0.10732,0.10735,0.10736,0.10737,1562,804,1726,13227,505,52,1303,505,52,1783,52,1437,505,2048,1405,4967,557,1777,52,1302
220,0.1075,0.10748,0.10746,0.10745,0.10744,0.1074,0.10739,0.10738,0.10734,0.10733,0.10756,0.10757,0.1076,0.10762,0.10764,0.10766,0.10768,0.10769,0.1077,0.10771,1897,1168,505,1010,1330,1140,13732,594,505,1210,52,1068,720,505,1966,505,1979,1057,1308,2130
221,0.10741,0.1074,0.10737,0.10736,0.10734,0.10732,0.1073,0.10729,0.10728,0.10727,0.1075,0.10751,0.10753,0.10756,0.10758,0.1076,0.10761,0.10762,0.10763,0.10764,2134,1042,1028,52,2217,1587,13227,505,52,505,2850,505,505,1532,1495,557,855,4019,13227,557
222,0.10692,0.10688,0.10687,0.10685,0.10684,0.10683,0.10682,0.10681,0.1068,0.10679,0.107,0.10701,0.10704,0.10705,0.10706,0.10708,0.10711,0.10712,0.10713,0.10714,52,891,1435,1521,52,505,1120,505,52,1520,1785,1015,505,926,1709,557,1418,5013,13227,505
223,0.10674,0.10673,0.10672,0.1067,0.10668,0.10666,0.10664,0.10663,0.10662,0.10661,0.10686,0.10687,0.10688,0.1069,0.10692,0.10693,0.10694,0.10695,0.10696,0.10699,1001,1170,557,505,2407,1440,1944,505,89,2866,1529,1840,52,505,557,901,3274,13732,52,505
224,0.10683,0.1068,0.10679,0.10678,0.10677,0.10676,0.10673,0.10672,0.10671,0.1067,0.10692,0.10696,0.10699,0.107,0.10702,0.10703,0.10704,0.10707,0.10708,0.10711,2748,1549,974,937,505,5632,505,52,89,1378,541,1847,1549,52,1549,4115,13784,757,557,505
225,0.10672,0.10668,0.10666,0.10665,0.10664,0.10661,0.1066,0.10659,0.10658,0.10657,0.10679,0.1068,0.10682,0.10684,0.10687,0.10688,0.10691,0.10692,0.10693,0.10694,52,1477,1440,884,1494,1424,52,1578,1794,505,1533,505,1578,1355,1576,1007,505,3585,13227,505
226,0.1067,0.10666,0.10664,0.10662,0.1066,0.10659,0.10658,0.10657,0.10656,0.10655,0.1068,0.10682,0.10683,0.10684,0.10686,0.10688,0.10691,0.10692,0.10693,0.10694,505,902,989,1661,1042,505,577,1566,1269,4453,1650,938,505,52,1561,52,2273,52,1150,4144
227,0.10672,0.1067,0.10668,0.10665,0.10664,0.10662,0.1066,0.10659,0.10658,0.10657,0.10677,0.10681,0.10682,0.10683,0.10687,0.10688,0.1069,0.10692,0.10693,0.10694,52,505,557,1579,989,1579,52,1544,569,1722,505,1937,1429,642,1602,52,1577,1720,4471,13732
228,0.10678,0.10677,0.10671,0.10669,0.10668,0.10667,0.10665,0.10664,0.10663,0.10661,0.10684,0.10686,0.10688,0.1069,0.10691,0.10692,0.10693,0.10694,0.10696,0.10699,505,1004,1084,955,557,571,981,10480,14949,2419,52,1595,1579,505,901,557,4099,13732,557,594
229,0.10654,0.10653,0.10652,0.1065,0.10648,0.10646,0.10645,0.10644,0.10642,0.10641,0.10661,0.10662,0.10664,0.10665,0.10666,0.10668,0.10669,0.10671,0.10672,0.10673,505,996,52,3580,557,505,581,557,505,6752,505,1099,505,1354,1488,52,505,1614,52,505
230,0.1064,0.10638,0.10636,0.10634,0.10632,0.1063,0.10628,0.10626,0.10625,0.10624,0.10644,0.10645,0.10648,0.10649,0.1065,0.10652,0.10654,0.10655,0.10656,0.10657,52,575,853,505,1901,505,1897,505,1005,19892,505,801,505,1345,3505,557,505,1125,4505,13227
231,0.10648,0.10647,0.10646,0.10642,0.10641,0.1064,0.10638,0.10636,0.10634,0.10632,0.10654,0.10656,0.1066,0.10662,0.10663,0.10664,0.10665,0.10666,0.10667,0.10668,1280,1283,505,1440,1254,1036,505,627,1821,557,505,557,1410,1175,669,795,4453,13227,505,52
232,0.1063,0.10629,0.10628,0.10626,0.10624,0.10623,0.10622,0.1062,0.10616,0.10615,0.10637,0.10641,0.10643,0.10644,0.10645,0.10647,0.10648,0.1065,0.10651,0.10652,962,949,557,1296,1470,572,6057,557,557,3119,505,1204,1398,52,505,673,557,1447,4052,13279
233,0.10639,0.10637,0.10636,0.10634,0.10632,0.1063,0.10628,0.10627,0.10626,0.10625,0.10644,0.10645,0.10648,0.1065,0.10652,0.10653,0.10656,0.10658,0.10659,0.1066,567,1047,594,1099,1151,1099,639,505,1041,533,5281,505,557,505,654,505,1751,603,1196,4000
234,0.1064,0.10636,0.10634,0.10633,0.10632,0.10629,0.10628,0.10626,0.10625,0.10624,0.10642,0.10643,0.10644,0.10645,0.10647,0.10648,0.1065,0.10651,0.10652,0.10654,52,557,505,553,1126,7118,52,505,8024,557,505,547,505,589,1087,883,505,589,557,589
235,0.10641,0.1064,0.10638,0.10636,0.10632,0.10629,0.10628,0.10627,0.10626,0.10624,0.10648,0.10649,0.1065,0.10652,0.10655,0.10656,0.10657,0.10658,0.10659,0.1066,505,505,2418,557,2962,1390,29,889,1080,620,505,1223,505,557,1393,52,505,614,13227,557
236,0.10648,0.10646,0.10645,0.10644,0.10641,0.1064,0.10637,0.10636,0.10633,0.10632,0.10659,0.1066,0.10661,0.10663,0.10664,0.10666,0.10667,0.10668,0.10671,0.10672,1344,904,6663,557,1220,557,1218,557,778,1497,1115,52,505,1211,557,1413,1280,13784,89,557
237,0.10664,0.10661,0.10659,0.10658,0.10656,0.10654,0.10652,0.10651,0.1065,0.10649,0.10672,0.10675,0.10676,0.10678,0.1068,0.10681,0.10683,0.10684,0.10685,0.10686,761,663,1906,1295,52,938,52,946,4378,13227,813,1079,557,1197,726,505,1425,52,4817,13227
238,0.10669,0.10667,0.10666,0.10664,0.10661,0.1066,0.10659,0.10658,0.10656,0.10652,0.10673,0.10677,0.10678,0.1068,0.10682,0.10683,0.10684,0.10685,0.10688,0.10689,505,871,1058,1306,505,727,3471,15566,52,52,805,1501,761,546,1152,136,52,1451,1453,2159
239,0.10657,0.10656,0.10655,0.10653,0.10652,0.10651,0.1065,0.10648,0.10644,0.10643,0.10664,0.10666,0.10667,0.10668,0.1067,0.10672,0.10675,0.10676,0.10677,0.1068,505,52,505,5647,557,555,505,557,1556,1461,655,1331,505,821,505,1803,505,52,1437,1211
240,0.10642,0.10641,0.10636,0.10632,0.1063,0.10629,0.10628,0.10627,0.10625,0.10624,0.10648,0.10651,0.10652,0.10653,0.10654,0.10656,0.10657,0.10658,0.10659,0.1066,505,985,2205,1744,1020,13227,52,505,90,557,52,1529,52,1027,505,52,1539,966,4115,13784
241,0.10658,0.10656,0.10654,0.10653,0.10652,0.10651,0.10648,0.10646,0.10645,0.10644,0.10664,0.10667,0.1067,0.10671,0.10672,0.10673,0.10674,0.10675,0.10676,0.10677,505,557,809,1405,1966,505,1765,1029,2542,52,150,1367,1532,1029,52,505,4156,13732,52,505
242,0.10649,0.10648,0.10645,0.10642,0.10641,0.1064,0.10638,0.10636,0.10635,0.10633,0.10655,0.1066,0.10661,0.10662,0.10663,0.10664,0.10665,0.10668,0.1067,0.10672,505,868,1567,1021,505,52,1480,557,1374,823,505,2260,1021,505,982,13279,505,557,505,52
243,0.10597,0.10593,0.10591,0.10588,0.10587,0.10586,0.10585,0.10584,0.10582,0.1058,0.106,0.10603,0.10604,0.10605,0.10607,0.10608,0.10609,0.1061,0.10611,0.10612,505,1492,505,1632,1494,4099,13227,52,941,1097,52,1334,52,505,1824,52,505,989,505,1039
244,0.10589,0.10588,0.10586,0.10584,0.10583,0.10582,0.1058,0.10578,0.10577,0.10576,0.10597,0.10598,0.106,0.10601,0.10603,0.10604,0.10605,0.10607,0.10608,0.10609,406,457,1499,52,1496,848,557,1499,4145,13885,1436,389,980,505,1417,52,505,1313,52,505
245,0.1062,0.10617,0.10616,0.10614,0.10612,0.10611,0.10609,0.10608,0.10606,0.10605,0.10631,0.10632,0.10635,0.10636,0.10638,0.10639,0.1064,0.10641,0.10644,0.10646,1733,1538,52,1459,52,790,1446,52,89,1466,2292,557,505,52,4099,13732,52,1178,557,505
246,0.10572,0.10569,0.10568,0.10566,0.10565,0.10564,0.10562,0.10561,0.1056,0.10558,0.10582,0.10585,0.10587,0.10588,0.10589,0.10592,0.10594,0.10596,0.10598,0.10599,1436,1754,53,1384,89,1432,13227,505,53,505,1306,1384,505,831,1439,52,505,1796,5382,13227
247,0.1055,0.10548,0.10545,0.10544,0.10543,0.10542,0.1054,0.10539,0.10538,0.10537,0.1056,0.10563,0.10564,0.10565,0.10568,0.10569,0.1057,0.10571,0.10572,0.10573,1342,1342,884,53,837,505,645,814,594,992,558,1342,53,505,1116,505,677,1347,888,13227
248,0.10575,0.10574,0.10569,0.10568,0.10566,0.10565,0.10564,0.10563,0.10561,0.1056,0.10581,0.10584,0.10586,0.10589,0.10592,0.10595,0.10596,0.10597,0.10598,0.10599,505,1117,1342,53,1340,13227,53,505,89,53,388,52,505,1901,1340,964,52,1340,3948,13227
249,0.10602,0.10599,0.10596,0.10593,0.10592,0.1059,0.10588,0.10587,0.10586,0.10584,0.10608,0.10612,0.10614,0.10616,0.10617,0.10618,0.1062,0.10622,0.10624,0.10625,505,847,1825,736,1406,505,52,931,13732,141,202,1536,505,1447,4099,13732,1217,505,2612,5586
250,0.10559,0.10556,0.10553,0.10552,0.1055,0.10548,0.10547,0.10546,0.10545,0.10544,0.10568,0.10572,0.10573,0.10575,0.10576,0.10579,0.1058,0.10581,0.10582,0.10583,1306,1395,1263,53,1549,647,1116,13227,884,53,53,1449,505,1249,781,505,52,505,1119,1302
251,0.10514,0.10511,0.1051,0.10509,0.10508,0.10506,0.10504,0.10503,0.10502,0.10501,0.10523,0.10526,0.10528,0.10531,0.10532,0.10535,0.10536,0.10537,0.1054,0.10541,1354,1269,1371,522,558,1586,558,13227,505,89,1209,1366,1403,505,13280,505,53,505,1863,13873
252,0.10482,0.1048,0.10477,0.10476,0.10475,0.10474,0.10473,0.10472,0.1047,0.10468,0.10491,0.10492,0.10494,0.10496,0.10497,0.10499,0.105,0.10501,0.10502,0.10503,722,505,1977,53,883,505,4555,558,505,648,1346,856,505,53,1315,505,934,881,4865,13732
253,0.10452,0.10448,0.10446,0.10444,0.10442,0.10441,0.1044,0.10438,0.10437,0.10436,0.1046,0.10462,0.10464,0.10467,0.10468,0.10469,0.1047,0.10472,0.10474,0.10476,53,929,505,918,505,1243,1487,505,1237,13785,1084,505,1637,1434,558,505,1434,15857,505,53
254,0.10452,0.10448,0.10446,0.10444,0.10443,0.10441,0.1044,0.10438,0.10437,0.10436,0.10463,0.10465,0.10467,0.10468,0.10469,0.1047,0.10471,0.10472,0.10474,0.10475,53,2085,912,558,914,505,1470,505,916,558,1296,505,2908,505,1309,5268,13227,558,505,1309
255,0.10336,0.10333,0.10332,0.1033,0.10329,0.10328,0.10327,0.10326,0.10324,0.10323,0.10343,0.10345,0.10347,0.10348,0.10349,0.10351,0.10352,0.10355,0.10356,0.10358,54,696,54,827,732,559,3850,505,1091,361,747,505,1332,275,961,505,881,14465,54,505
256,0.10312,0.1031,0.10308,0.10306,0.10305,0.10304,0.10302,0.103,0.10298,0.10296,0.10328,0.10332,0.10335,0.10336,0.10337,0.10338,0.1034,0.10343,0.10344,0.10346,1752,505,2170,1495,7777,13558,505,1676,505,559,1570,740,992,559,13227,505,559,505,54,1503
257,0.10291,0.10287,0.10283,0.10281,0.1028,0.10279,0.10278,0.10277,0.10276,0.10274,0.103,0.10304,0.10307,0.10308,0.10309,0.1031,0.10311,0.10312,0.10313,0.10316,932,999,717,505,54,1377,840,505,54,3752,200,770,566,1490,931,90,6120,13281,505,54
258,0.10279,0.10276,0.10272,0.10271,0.10269,0.10268,0.10267,0.10264,0.10262,0.1026,0.10286,0.1029,0.10293,0.10294,0.10295,0.10296,0.10297,0.10298,0.103,0.10301,775,54,1054,505,1404,54,505,1490,505,1490,320,752,931,13227,505,648,505,719,54,505
259,0.10328,0.10323,0.10322,0.10315,0.10313,0.10312,0.10311,0.1031,0.10309,0.10308,0.1034,0.10344,0.10348,0.10349,0.10351,0.10352,0.10353,0.10354,0.10355,0.10356,896,858,1348,505,1439,3948,13289,1281,942,54,54,54,5244,13227,1825,54,505,1320,505,54
260,0.10344,0.1034,0.10336,0.10334,0.10333,0.10332,0.10328,0.10325,0.10324,0.10323,0.10355,0.10357,0.10359,0.10361,0.10362,0.10363,0.10364,0.10366,0.10368,0.10369,54,875,1380,821,596,13281,559,1388,4002,13227,617,505,1310,669,1318,1522,559,1181,4401,13227
261,0.1032,0.10318,0.10316,0.10313,0.10312,0.10311,0.1031,0.10309,0.10308,0.10306,0.10334,0.10336,0.10338,0.10339,0.1034,0.10341,0.10342,0.10343,0.10344,0.10346,1274,505,1368,1207,145,5261,13227,423,54,62,898,559,1515,1256,559,689,13227,505,559,505
262,0.10267,0.10266,0.10265,0.10264,0.1026,0.10259,0.10258,0.10257,0.10254,0.10251,0.1028,0.10281,0.10282,0.10286,0.10288,0.10289,0.10291,0.10292,0.10293,0.10294,505,1264,505,505,1151,1310,4221,14142,505,1265,803,678,505,1511,54,1308,596,5889,1770,803
263,0.1024,0.10238,0.10236,0.10234,0.10233,0.10232,0.1023,0.10229,0.10228,0.10226,0.10248,0.10253,0.10254,0.10256,0.10257,0.10258,0.10259,0.1026,0.10262,0.10263,609,505,1392,673,5247,11638,505,4115,13786,505,320,688,505,54,1338,1363,505,54,1192,681
264,0.10244,0.10242,0.1024,0.10239,0.10237,0.10236,0.10235,0.10234,0.10232,0.10229,0.10259,0.10261,0.10263,0.10264,0.10265,0.10266,0.10267,0.10268,0.10269,0.10271,1255,505,1433,505,879,4780,14142,505,559,1267,1258,1357,505,772,505,4001,14647,54,1259,505
265,0.1024,0.10238,0.10236,0.10234,0.10233,0.10232,0.1023,0.10229,0.10228,0.10227,0.10253,0.10257,0.1026,0.10264,0.10265,0.10266,0.10267,0.10268,0.10271,0.10272,944,1147,559,670,505,54,505,6402,14196,61,895,1210,1835,1270,985,14142,1165,54,505,559
266,0.10273,0.10272,0.10271,0.10269,0.10268,0.10267,0.10264,0.10262,0.1026,0.10259,0.10283,0.10286,0.10287,0.10288,0.1029,0.10292,0.10294,0.10295,0.10296,0.10298,1121,1046,4865,505,559,155,858,1237,4367,4221,655,1165,1629,54,505,1327,14142,505,559,505
267,0.10273,0.10271,0.1027,0.10268,0.10267,0.10264,0.10262,0.1026,0.10259,0.10256,0.1028,0.10284,0.10285,0.10287,0.10288,0.1029,0.10292,0.10294,0.10295,0.10296,3862,4865,505,559,155,184,1227,4799,14142,54,54,1374,993,1263,54,1272,1325,14790,505,559
268,0.10282,0.1028,0.10278,0.10277,0.10276,0.10275,0.10274,0.10273,0.10272,0.10271,0.10289,0.1029,0.10297,0.10298,0.10299,0.103,0.10301,0.10302,0.10303,0.10304,757,839,505,505,559,1171,713,4112,54,4865,505,11564,505,505,505,559,394,198,14647,54
269,0.10202,0.102,0.10198,0.10197,0.10196,0.10195,0.10194,0.10193,0.10192,0.10191,0.10212,0.10215,0.10216,0.10219,0.1022,0.10222,0.10224,0.10226,0.10227,0.10228,505,1164,505,658,13764,505,505,505,559,1068,3204,505,559,1370,559,1173,1227,505,92,2221
270,0.10312,0.1031,0.10309,0.10308,0.10306,0.10304,0.10303,0.10302,0.10301,0.103,0.10323,0.10328,0.10329,0.10332,0.10334,0.10336,0.10337,0.10338,0.1034,0.10342,1142,669,1133,125,1136,54,1136,4570,14271,559,505,893,505,1398,1137,559,4930,13710,559,505
271,0.10328,0.10324,0.10323,0.10322,0.10321,0.1032,0.10319,0.10318,0.10317,0.10316,0.10337,0.10338,0.10339,0.10342,0.10343,0.10344,0.10345,0.10346,0.10347,0.10348,54,1139,505,612,505,654,931,817,2457,559,505,1080,1117,505,1117,54,505,1093,505,54
272,0.10286,0.10283,0.1028,0.10278,0.10277,0.10276,0.10275,0.10272,0.10271,0.1027,0.10296,0.10301,0.10302,0.10304,0.10306,0.10308,0.1031,0.10311,0.10312,0.10314,550,609,1158,505,605,54,505,1575,13181,505,505,1217,609,559,505,867,769,3753,12626,505
273,0.1025,0.10248,0.10246,0.10244,0.10242,0.10241,0.1024,0.10239,0.10237,0.10236,0.10263,0.10264,0.10265,0.10267,0.10268,0.1027,0.10272,0.10273,0.10274,0.10275,839,559,1042,54,1396,668,17031,11576,505,54,1076,54,505,1144,54,1169,455,885,12665,505
274,0.10248,0.10246,0.10244,0.10242,0.1024,0.10239,0.10236,0.10232,0.10231,0.1023,0.10259,0.10261,0.10264,0.10268,0.10271,0.10272,0.10273,0.10276,0.10279,0.1028,637,622,54,673,54,1207,724,1011,4681,12572,587,667,54,943,579,921,12572,54,760,943
275,0.10285,0.1028,0.10279,0.10278,0.10276,0.10272,0.1027,0.10268,0.10264,0.10261,0.103,0.10302,0.10304,0.10308,0.10311,0.10312,0.10316,0.10319,0.1032,0.10321,654,709,5169,12572,54,54,64,12626,54,94,835,667,54,941,4662,12626,54,673,5447,12572
276,0.10301,0.103,0.10292,0.10289,0.10288,0.10286,0.10285,0.10284,0.10283,0.10282,0.10312,0.10316,0.10319,0.1032,0.10324,0.10328,0.10329,0.10332,0.10336,0.10337,833,748,733,1375,900,95,1377,687,3613,7485,54,834,844,13618,54,4746,13564,54,54,879
277,0.10324,0.1032,0.10319,0.10316,0.10313,0.10312,0.10311,0.1031,0.10308,0.10307,0.10336,0.1034,0.10344,0.10345,0.10348,0.10351,0.10352,0.10356,0.1036,0.10364,1215,903,621,54,826,574,6271,13564,54,65,204,54,903,14413,54,879,54,12626,54,54
278,0.10324,0.10323,0.1032,0.10316,0.10315,0.10313,0.10312,0.10311,0.1031,0.10308,0.10332,0.10335,0.10336,0.10339,0.1034,0.10344,0.10346,0.10347,0.10348,0.10352,890,212,715,904,850,1504,574,95,2357,5607,54,164,54,851,903,778,851,13564,54,54
279,0.1034,0.10336,0.10332,0.10329,0.10328,0.10327,0.10326,0.10324,0.1032,0.10318,0.10348,0.10352,0.10356,0.1036,0.10364,0.10368,0.1037,0.10371,0.10372,0.10374,54,683,1258,616,898,5011,13564,54,1620,4049,70,898,898,898,14467,54,440,601,691,12572
280,0.10365,0.10364,0.10359,0.10358,0.10357,0.10356,0.10355,0.10352,0.10351,0.1035,0.1038,0.10384,0.10388,0.1039,0.10392,0.10393,0.10394,0.10396,0.104,0.10402,900,4610,1367,659,3963,13618,484,54,65,3900,688,898,899,846,53,14004,200,53,53,13564
281,0.104,0.10396,0.10392,0.10389,0.10388,0.10387,0.10386,0.10384,0.10381,0.1038,0.10416,0.1042,0.10424,0.10426,0.10428,0.10432,0.10436,0.1044,0.10443,0.10444,687,694,858,95,850,3662,13564,53,66,53,1101,691,858,14369,53,643,13617,53,4824,5764
282,0.10408,0.10404,0.104,0.10396,0.10395,0.10392,0.1039,0.10388,0.10387,0.10386,0.10416,0.1042,0.10421,0.10424,0.10425,0.10426,0.10428,0.10432,0.10436,0.10437,53,53,840,3131,13564,53,94,1705,2282,13629,980,792,577,697,4671,13564,53,53,2330,13564
283,0.10423,0.10419,0.10416,0.10415,0.10414,0.10413,0.10412,0.10409,0.10408,0.10405,0.10432,0.10436,0.1044,0.10444,0.10445,0.10446,0.10448,0.10452,0.10454,0.10455,786,762,53,789,1179,13564,53,94,53,1659,293,53,841,841,3240,13564,53,4611,4049,13564
284,0.10396,0.10392,0.10388,0.10384,0.10383,0.10382,0.1038,0.10379,0.10378,0.10377,0.10405,0.10406,0.10407,0.10412,0.10413,0.10416,0.10417,0.10418,0.10419,0.1042,53,53,667,758,474,94,2474,759,5709,13564,681,397,4502,966,694,53,793,4049,13564,53
285,0.10377,0.10372,0.10371,0.1037,0.10368,0.10367,0.10364,0.10361,0.1036,0.10359,0.10389,0.1039,0.10392,0.10396,0.10397,0.10399,0.104,0.10404,0.10405,0.10406,1159,759,3544,16333,4247,14452,54,1353,3714,1353,390,3000,53,973,803,4330,14505,53,93,65
286,0.10312,0.10311,0.10309,0.10308,0.10307,0.10304,0.10301,0.103,0.10296,0.10293,0.10328,0.10332,0.10336,0.10339,0.1034,0.10343,0.10344,0.10346,0.10347,0.10348,1025,545,14452,54,557,54,1362,18406,54,1363,672,717,726,793,3054,1134,847,63,1042,847
287,0.10312,0.10311,0.10308,0.10307,0.10304,0.10301,0.103,0.10299,0.10298,0.10296,0.10328,0.10329,0.10332,0.10336,0.10339,0.1034,0.10341,0.10344,0.10346,0.10347,1349,400,5105,14452,54,1363,54,4440,14452,54,51,762,748,768,799,4368,14452,54,91,1042
288,0.10312,0.10309,0.10308,0.10306,0.10304,0.10302,0.103,0.10299,0.10296,0.10292,0.10328,0.10332,0.10336,0.10339,0.1034,0.10344,0.10347,0.10348,0.10349,0.1035,788,787,14506,549,54,1362,2201,14452,54,54,1034,836,842,788,54,839,63,915,785,15296
289,0.10336,0.10335,0.10334,0.10332,0.10328,0.10325,0.10324,0.10321,0.1032,0.10319,0.1035,0.10352,0.10353,0.10354,0.10355,0.10356,0.1036,0.10362,0.10363,0.10364,1465,1546,14452,54,54,14452,54,1285,3954,1278,3090,164,240,2448,8201,54,54,154,1285,54
290,0.10332,0.10328,0.10324,0.1032,0.10318,0.10317,0.10316,0.10315,0.10312,0.1031,0.10337,0.10339,0.1034,0.10347,0.10348,0.1035,0.10351,0.10352,0.10353,0.10356,54,54,54,881,1007,5738,54,14452,54,5185,320,3515,3117,1771,54,241,1285,1218,240,54
291,0.10299,0.10294,0.10288,0.10287,0.10284,0.10282,0.1028,0.10278,0.10277,0.10276,0.10313,0.10316,0.1032,0.10321,0.10324,0.10328,0.10329,0.1033,0.10331,0.10332,1600,797,2567,14452,54,2395,7372,14452,6288,54,100,3561,867,940,54,54,151,2521,4330,14506
292,0.10318,0.10315,0.10312,0.10311,0.10309,0.10308,0.10304,0.10303,0.103,0.10299,0.10328,0.10332,0.10335,0.10336,0.10339,0.1034,0.10341,0.10344,0.10348,0.10349,561,49,1478,7289,644,14506,54,653,3954,14452,496,54,822,54,152,1110,14452,54,1743,5206
293,0.10294,0.10292,0.10289,0.10288,0.10285,0.10284,0.10281,0.1028,0.10279,0.10278,0.10309,0.1031,0.10312,0.10318,0.10319,0.1032,0.10324,0.10327,0.10328,0.10329,557,54,1141,3995,1032,54,1019,13658,970,20193,835,150,417,1127,1285,14452,1098,2347,54,5794
294,0.10309,0.10306,0.103,0.10299,0.10298,0.10296,0.10294,0.10292,0.1029,0.10289,0.10323,0.10324,0.10328,0.10329,0.1033,0.10331,0.10332,0.10336,0.10339,0.1034,558,49,1260,1238,14452,54,6278,54,650,14561,1445,1082,54,874,152,1238,14506,54,863,5849
295,0.10291,0.1029,0.10288,0.10286,0.10284,0.1028,0.10279,0.10278,0.10276,0.10275,0.10307,0.10312,0.10313,0.10315,0.10316,0.1032,0.10322,0.10323,0.10324,0.10326,1338,1240,2957,165,1074,7372,14452,5741,54,320,1224,896,1489,219,54,54,5550,14452,54,89
296,0.10321,0.10318,0.10317,0.10313,0.10312,0.10311,0.10309,0.10308,0.10304,0.10301,0.10332,0.10336,0.1034,0.10344,0.10347,0.10348,0.10349,0.1035,0.10352,0.10353,912,79,552,1023,902,7291,14452,54,54,651,54,54,969,966,152,1535,5334,14452,54,240
297,0.1036,0.10355,0.10354,0.10352,0.10348,0.10347,0.10346,0.10344,0.10343,0.1034,0.10372,0.10376,0.1038,0.10381,0.10382,0.10384,0.10388,0.1039,0.10391,0.10392,1074,77,935,4382,1007,924,1284,2241,7326,3954,444,54,1245,1074,14452,53,53,482,1283,5366
298,0.10353,0.10352,0.1035,0.10348,0.10345,0.10344,0.10343,0.10341,0.1034,0.10338,0.10371,0.10372,0.10375,0.10376,0.10379,0.1038,0.10383,0.10384,0.10388,0.10389,2013,6743,612,54,1088,2268,7418,735,3954,735,1511,953,14452,54,175,53,5513,14505,53,1929
299,0.1035,0.10347,0.10346,0.10345,0.10341,0.1034,0.10337,0.10336,0.10333,0.10332,0.10368,0.1037,0.10372,0.10374,0.10376,0.10379,0.1038,0.10382,0.10383,0.10384,857,1120,4314,14452,92,54,4394,14506,174,54,1751,3000,54,1374,54,2332,53,1120,5704,14505
300,0.10428,0.10424,0.1042,0.10419,0.10418,0.10417,0.10416,0.10413,0.10412,0.1041,0.10432,0.10447,0.10449,0.10455,0.10456,0.10458,0.10459,0.1046,0.10464,0.10467,53,53,53,1066,4409,14452,53,535,53,3900,17642,1551,480,824,1773,2598,14452,53,53,53
301,0.10388,0.10387,0.10384,0.1038,0.10378,0.10377,0.10376,0.10373,0.10372,0.10371,0.10402,0.10409,0.1041,0.10412,0.10414,0.10416,0.10418,0.10419,0.1042,0.10423,5968,14452,53,45,4314,14452,54,64,54,1416,640,1075,3000,53,1071,53,916,1210,14505,2391
302,0.10409,0.10408,0.10407,0.10406,0.10404,0.104,0.10399,0.10398,0.10396,0.10392,0.10432,0.10436,0.10437,0.1044,0.10441,0.10442,0.10443,0.10444,0.10446,0.10447,1234,6119,14452,537,53,3953,5153,12599,53,53,1473,1152,3562,1372,14452,93,5680,53,4612,3540
303,0.10436,0.10432,0.10428,0.10427,0.10426,0.10425,0.10424,0.10423,0.10421,0.1042,0.10446,0.10451,0.10456,0.10457,0.1046,0.10462,0.10464,0.10465,0.10466,0.10467,67,484,1243,1142,4314,14452,53,544,1407,4018,53,1142,1186,3626,53,1687,53,824,1134,4363
304,0.10432,0.10428,0.10426,0.10424,0.10422,0.1042,0.10419,0.10418,0.10417,0.10416,0.1044,0.10448,0.10452,0.10456,0.10457,0.10458,0.10459,0.1046,0.10461,0.10462,575,53,1210,53,1152,53,1960,1217,6019,14505,51,980,53,1569,3626,1975,14452,53,824,461
305,0.10452,0.10448,0.10446,0.10445,0.10444,0.10443,0.1044,0.10437,0.10436,0.10435,0.10463,0.10467,0.10468,0.10472,0.10476,0.10478,0.10479,0.1048,0.10482,0.10484,53,53,1623,1360,4367,14452,53,1406,2708,13008,585,2475,4966,53,1032,1887,5788,53,14452,53
306,0.10454,0.10453,0.10452,0.10448,0.10445,0.10444,0.1044,0.10437,0.10436,0.10435,0.10466,0.10468,0.10471,0.10472,0.10476,0.1048,0.10483,0.10484,0.10486,0.10487,1125,14452,53,53,4330,17442,3953,65,53,4314,433,53,1096,53,1429,53,1962,53,1147,6590
307,0.10456,0.10455,0.10454,0.10453,0.10452,0.10448,0.10446,0.10445,0.10444,0.10442,0.10477,0.1048,0.10484,0.10485,0.10486,0.10487,0.10488,0.10492,0.10496,0.105,1016,1294,4314,14452,53,53,557,4330,14570,2940,1349,53,1041,824,1610,7414,2574,14505,6331,1019
308,0.10452,0.10448,0.10444,0.1044,0.10437,0.10436,0.10433,0.10432,0.10431,0.10428,0.10462,0.10464,0.10468,0.10472,0.10473,0.10474,0.10476,0.10477,0.10478,0.1048,53,53,53,1184,4667,14505,320,53,65,1458,1941,417,1411,53,94,2121,877,2398,14452,53
309,0.10469,0.1046,0.10456,0.10455,0.10448,0.10447,0.10446,0.10445,0.10444,0.10441,0.10472,0.10474,0.10475,0.10476,0.1048,0.10484,0.10485,0.10486,0.10487,0.10488,150,1648,1105,14452,1336,1405,4222,15857,118,1405,53,162,403,53,1716,53,1368,2791,6684,2480
310,0.10449,0.10442,0.10441,0.1044,0.10436,0.10435,0.10432,0.10429,0.10428,0.10427,0.1046,0.10464,0.10466,0.10467,0.10468,0.10472,0.10473,0.10474,0.10475,0.10476,1165,1629,1006,53,4367,14452,53,3035,742,1162,53,2480,3935,3050,53,147,2554,14452,6278,53
311,0.10421,0.1042,0.10416,0.10412,0.10411,0.10409,0.10408,0.10407,0.10404,0.10402,0.10442,0.10443,0.10444,0.10445,0.10446,0.10447,0.10448,0.10452,0.10454,0.10455,1126,3020,1175,1531,975,1392,4367,14452,53,557,3887,14452,53,3584,3477,396,53,53,824,14452
312,0.104,0.10396,0.10393,0.10392,0.10391,0.10388,0.10387,0.10384,0.1038,0.10378,0.10411,0.10417,0.10419,0.1042,0.10422,0.10425,0.10428,0.10429,0.10432,0.10435,53,53,2734,1283,92,53,19940,373,3945,606,981,2677,1113,2597,14452,2169,53,2427,53,1644
313,0.10437,0.1043,0.10428,0.10422,0.10416,0.10412,0.10411,0.1041,0.10409,0.10408,0.10448,0.10452,0.10456,0.10457,0.10458,0.1046,0.10464,0.10466,0.10467,0.10468,322,996,53,3080,4673,53,540,5349,14452,7262,53,53,1140,5494,14452,53,53,5589,14452,53
314,0.10448,0.10444,0.10442,0.1044,0.10439,0.10438,0.10437,0.10436,0.10435,0.10434,0.10468,0.1047,0.10472,0.10475,0.10476,0.1048,0.10484,0.10488,0.10489,0.10492,1970,53,1395,53,1145,550,1076,6684,14452,64,1335,14452,53,2567,53,14505,53,1364,14452,53
315,0.10432,0.10428,0.10425,0.10424,0.1042,0.10416,0.10415,0.10413,0.10412,0.1041,0.10449,0.1045,0.10451,0.10457,0.10459,0.1046,0.10461,0.10462,0.10464,0.10468,53,53,1363,14505,53,117,14452,320,53,3900,2547,1095,436,1309,1309,53,1030,14452,53,1629
316,0.10398,0.10395,0.10394,0.10383,0.10382,0.1038,0.10379,0.10373,0.10371,0.1037,0.10415,0.10417,0.10424,0.10425,0.10426,0.10431,0.10433,0.10435,0.10436,0.1044,1042,1231,14452,1572,1789,8242,14452,1158,4314,14452,8608,6278,240,1313,14452,846,258,14452,320,4430
317,0.10404,0.10401,0.104,0.10396,0.10392,0.10391,0.1039,0.10388,0.10384,0.10381,0.10423,0.10424,0.10427,0.10428,0.10432,0.10434,0.10435,0.10436,0.10437,0.10438,53,1486,53,53,53,64,4815,14505,373,93,313,53,14452,1131,53,1506,1579,14505,1385,6278
318,0.1042,0.10416,0.10412,0.10408,0.10406,0.10404,0.104,0.10398,0.10397,0.10396,0.10428,0.10429,0.10432,0.10433,0.10434,0.10435,0.10436,0.10442,0.10444,0.10446,53,53,53,1529,14452,53,53,6036,14452,53,1237,434,53,1384,1139,2558,14452,1384,53,14452
319,0.10419,0.10418,0.1041,0.10408,0.10406,0.10404,0.104,0.10399,0.10398,0.10397,0.10427,0.10428,0.10432,0.10436,0.10439,0.1044,0.10444,0.10445,0.10446,0.10448,522,31931,3900,53,14452,53,53,64,4314,14452,431,6331,53,53,3128,53,1295,1245,14452,53
320,0.10427,0.10422,0.10418,0.10417,0.10415,0.1041,0.10409,0.10408,0.10404,0.10401,0.10438,0.1044,0.10444,0.10448,0.10452,0.10453,0.10454,0.10455,0.10456,0.10459,1078,1176,1254,14546,1250,3344,6800,14452,53,1596,431,53,53,53,1608,1276,1756,14452,53,846
321,0.10424,0.1042,0.10419,0.10416,0.10412,0.10411,0.1041,0.10408,0.10405,0.10404,0.10441,0.10444,0.10448,0.10449,0.1045,0.10452,0.10453,0.10456,0.10457,0.10458,53,1538,14452,53,53,2351,18416,53,847,53,1706,53,1309,13220,324,53,1331,53,2511,14452
322,0.10428,0.10424,0.1042,0.10419,0.10416,0.10412,0.1041,0.10408,0.10407,0.10405,0.1044,0.10441,0.10444,0.10446,0.10447,0.10448,0.1045,0.10452,0.10453,0.10456,53,53,1538,14452,53,1327,18352,53,525,320,1139,429,53,1728,14452,53,324,53,94,53
323,0.10428,0.10426,0.10425,0.10424,0.1042,0.10418,0.10417,0.10416,0.10415,0.10412,0.10447,0.10448,0.1045,0.10452,0.10454,0.10456,0.10457,0.10458,0.1046,0.10463,1103,1701,4330,14505,53,526,1274,4431,14452,53,1266,3352,324,53,1816,53,94,14452,53,1274
324,0.10488,0.10484,0.1048,0.10478,0.10477,0.10476,0.10472,0.10469,0.10468,0.10467,0.10494,0.10501,0.10504,0.10505,0.10508,0.10512,0.10514,0.10515,0.10516,0.1052,15,53,1160,1405,4330,14505,1865,65,4367,14452,89,2127,53,1188,53,2014,1265,5179,14505,53
325,0.10483,0.10482,0.10481,0.1048,0.10476,0.10475,0.10474,0.10473,0.10472,0.1047,0.10499,0.10505,0.10508,0.10509,0.10512,0.10514,0.10515,0.10516,0.10517,0.1052,162,5239,14452,53,53,562,65,4330,14505,7585,977,1140,53,1277,53,1781,1533,1414,14548,53
326,0.10524,0.1052,0.10516,0.10515,0.10514,0.10513,0.10512,0.10509,0.10508,0.10506,0.10536,0.1054,0.10544,0.10547,0.10548,0.1055,0.10551,0.10552,0.10553,0.10554,53,53,2110,1084,4314,14452,53,564,53,65,1096,1355,53,1359,1763,97,1359,53,1538,14452
327,0.10573,0.10572,0.10568,0.10567,0.10564,0.10562,0.10561,0.1056,0.10559,0.10558,0.10585,0.10587,0.10588,0.10589,0.1059,0.10591,0.10592,0.10594,0.10596,0.10598,494,53,1108,1495,547,1056,6788,53,1558,14517,494,1575,52,494,1356,494,52,2071,546,399
328,0.10707,0.10706,0.10705,0.10704,0.10697,0.10696,0.10695,0.10694,0.10692,0.1069,0.10716,0.10718,0.1072,0.10724,0.10726,0.10728,0.1073,0.10732,0.10734,0.10735,494,927,1084,494,98,1865,14452,494,5343,259,52,413,1069,1670,494,1496,494,1578,494,1133
329,0.10695,0.10692,0.10689,0.10688,0.10687,0.10685,0.10684,0.10681,0.1068,0.10677,0.10704,0.10707,0.10709,0.1071,0.10712,0.10713,0.10715,0.10716,0.10718,0.1072,875,1674,14946,52,5429,494,52,494,18404,494,202,407,64,494,52,1602,494,975,494,1069
330,0.10684,0.10683,0.10681,0.1068,0.10676,0.10673,0.10672,0.10671,0.1067,0.10668,0.10697,0.10701,0.10703,0.10706,0.10707,0.10708,0.10709,0.10711,0.10712,0.10713,10,494,14946,52,546,494,52,16133,4394,52,1156,1156,494,1939,1734,52,494,494,52,1189
331,0.10735,0.10734,0.10733,0.10729,0.10722,0.10721,0.10719,0.10715,0.10714,0.10713,0.1075,0.10752,0.10753,0.10754,0.10756,0.10757,0.10758,0.1076,0.10764,0.10768,1186,1020,494,494,14452,494,1058,1680,1613,1160,7218,546,276,494,546,928,494,709,546,52
332,0.10764,0.10762,0.10761,0.1076,0.10758,0.10757,0.10756,0.10754,0.10752,0.1075,0.10778,0.1078,0.10784,0.10786,0.10788,0.10792,0.10794,0.10795,0.10796,0.10798,1178,1384,215,1717,494,1077,14998,494,546,3742,1196,1433,546,1431,545,1631,494,1170,15089,494
333,0.10684,0.10682,0.10681,0.1068,0.10679,0.10677,0.10676,0.10674,0.10672,0.10671,0.10698,0.107,0.10704,0.10707,0.10708,0.10711,0.10712,0.10713,0.10714,0.10715,846,494,1634,52,15808,494,52,494,52,494,494,1364,1359,870,52,1504,1459,1504,494,1158
334,0.10664,0.1066,0.10658,0.10656,0.10654,0.10652,0.10651,0.1065,0.10648,0.10645,0.10671,0.10672,0.10673,0.10675,0.10676,0.10679,0.1068,0.10686,0.10687,0.10688,52,546,494,1653,494,1653,14452,3593,546,320,225,277,920,494,831,494,1108,1325,829,494
335,0.1066,0.10658,0.10656,0.10654,0.10652,0.10651,0.1065,0.10648,0.10644,0.10642,0.10671,0.10672,0.10673,0.10675,0.10676,0.10679,0.1068,0.10682,0.10684,0.10685,52,494,1182,494,1698,15604,494,546,546,494,1358,52,897,1469,52,1357,52,1294,52,1357
336,0.10608,0.10604,0.10603,0.106,0.10598,0.10596,0.10592,0.1059,0.10588,0.10587,0.10622,0.10624,0.10625,0.10626,0.10627,0.10628,0.1063,0.10631,0.10632,0.10633,909,1302,494,1796,494,1796,1796,814,1796,14452,1350,143,1431,398,64,989,494,1036,1286,937
337,0.10644,0.10641,0.1064,0.10639,0.10638,0.10637,0.10636,0.10634,0.10632,0.1063,0.10648,0.10652,0.10654,0.10656,0.1066,0.10662,0.10663,0.10664,0.10666,0.10668,798,879,103,494,1299,14452,52,494,546,97,202,52,494,1574,1324,494,1372,546,1468,1846
338,0.10636,0.10634,0.10632,0.10629,0.10628,0.10626,0.10625,0.10624,0.10623,0.1062,0.10651,0.10652,0.10653,0.10656,0.10657,0.1066,0.10662,0.10664,0.10665,0.10667,995,494,2108,1438,52,1041,1753,52,14517,546,1590,996,494,1098,494,1805,494,1344,14452,893
339,0.10665,0.10664,0.10663,0.1066,0.10658,0.10657,0.10654,0.10653,0.10652,0.1065,0.10668,0.10672,0.10676,0.10677,0.10679,0.1068,0.10681,0.10682,0.10684,0.10685,494,907,494,1213,1331,494,1334,14452,494,3300,52,52,902,1404,494,842,1141,494,962,494
340,0.10716,0.10712,0.10708,0.10705,0.10704,0.10703,0.10702,0.107,0.10697,0.10696,0.10721,0.10724,0.10726,0.10727,0.10729,0.10731,0.10732,0.10733,0.10735,0.10736,52,546,1702,1418,52,1023,14946,52,494,699,1479,1217,494,924,494,1596,974,494,924,546
341,0.10704,0.10701,0.107,0.10698,0.10696,0.10693,0.10692,0.10688,0.10687,0.10686,0.10714,0.10716,0.10719,0.1072,0.10721,0.10722,0.10723,0.10724,0.10726,0.10728,52,776,546,1468,15952,494,52,645,14452,7460,1610,1018,494,52,690,396,494,1028,494,1532
342,0.10769,0.10768,0.10765,0.10764,0.10762,0.10759,0.10758,0.10756,0.10754,0.1075,0.10776,0.1078,0.10782,0.10784,0.10786,0.10788,0.1079,0.10792,0.10793,0.10794,571,494,1694,952,494,1167,15958,494,494,560,52,607,494,1353,494,1256,494,1750,1205,14452
343,0.10938,0.10936,0.10935,0.10934,0.10932,0.1093,0.10928,0.10926,0.10925,0.10924,0.10948,0.10952,0.10956,0.10957,0.10958,0.10959,0.1096,0.10961,0.10964,0.10966,576,494,576,494,602,494,1253,594,14337,545,51,51,51,494,461,957,51,494,1506,1071
344,0.10966,0.10963,0.1096,0.10959,0.10957,0.10956,0.10953,0.10952,0.10951,0.10949,0.10976,0.1098,0.10984,0.10988,0.10992,0.10994,0.10996,0.10997,0.10998,0.11,509,897,509,494,14683,51,494,154,494,562,51,669,734,734,734,494,1228,13760,958,126
345,0.10868,0.10865,0.10864,0.10861,0.1086,0.10859,0.10858,0.10857,0.10856,0.10852,0.10878,0.10881,0.10885,0.10886,0.10888,0.10889,0.10892,0.10895,0.10896,0.10898,51,494,51,1150,51,494,718,14254,51,545,539,539,868,156,590,535,520,540,51,494
346,0.10912,0.1091,0.10908,0.10907,0.10906,0.10904,0.10901,0.109,0.10898,0.10896,0.10924,0.10928,0.10931,0.10932,0.10936,0.10939,0.1094,0.10942,0.10944,0.10946,484,555,51,13760,494,51,646,545,13760,51,51,561,555,620,545,726,1396,14685,545,494
347,0.10926,0.10923,0.1092,0.10919,0.10918,0.10916,0.10914,0.10912,0.1091,0.10909,0.10936,0.1094,0.10944,0.10946,0.10947,0.10948,0.1095,0.10951,0.10952,0.10954,395,538,1083,718,494,51,494,1278,549,13760,51,911,631,494,709,545,1032,13760,545,494
348,0.10925,0.10922,0.10919,0.10916,0.10915,0.10912,0.1091,0.10909,0.10908,0.10907,0.10932,0.10936,0.10938,0.10939,0.1094,0.10941,0.10944,0.10946,0.10948,0.1095,414,412,485,14355,494,545,494,607,545,13760,51,514,494,502,51,1038,545,494,1339,1140
349,0.10881,0.1088,0.10876,0.10875,0.10873,0.10872,0.10871,0.10868,0.10867,0.10865,0.10891,0.10894,0.10897,0.109,0.10903,0.10904,0.10905,0.10906,0.10907,0.10908,607,51,899,494,1044,51,494,1393,13760,494,551,551,1045,435,1222,617,494,68,1094,475
350,0.10853,0.10852,0.10851,0.1085,0.10849,0.10848,0.10845,0.10844,0.10843,0.10842,0.10866,0.1087,0.10871,0.10873,0.10875,0.10876,0.10879,0.1088,0.10881,0.10884,494,51,494,602,494,13811,494,51,67,494,406,1230,884,494,494,486,895,51,1020,987
351,0.10888,0.10884,0.10883,0.10882,0.10881,0.1088,0.10879,0.10878,0.10877,0.10876,0.10892,0.10895,0.10897,0.10898,0.10899,0.109,0.10901,0.10905,0.10907,0.10908,51,51,494,5441,494,51,494,597,494,51,556,575,494,575,1069,3035,494,907,67,1069
352,0.10916,0.10912,0.10908,0.10906,0.10904,0.10903,0.109,0.10896,0.10895,0.10894,0.10922,0.10923,0.10924,0.10926,0.10929,0.1093,0.10931,0.10934,0.10935,0.10936,51,545,1120,494,1307,14522,545,1302,170,1061,308,139,494,1065,1256,952,494,494,571,494
353,0.10926,0.10924,0.1092,0.10918,0.10916,0.10915,0.10912,0.10909,0.10908,0.10907,0.10938,0.1094,0.10943,0.10944,0.10945,0.10948,0.1095,0.10951,0.10952,0.10954,1085,51,1328,494,1495,13760,51,494,51,494,644,545,1284,802,494,999,494,427,545,1032
354,0.10912,0.10909,0.10908,0.10906,0.10904,0.10901,0.109,0.10899,0.10896,0.10895,0.10916,0.10917,0.10918,0.1092,0.10923,0.10924,0.10925,0.10927,0.10928,0.1093,51,276,51,950,1101,1127,51,494,1473,13760,494,537,869,915,1130,51,494,844,545,1023
355,0.10903,0.109,0.10899,0.10896,0.10894,0.10893,0.10892,0.1089,0.10888,0.10886,0.10911,0.10912,0.10913,0.10915,0.10916,0.10917,0.10919,0.1092,0.10921,0.10924,429,695,494,981,1149,13760,545,494,545,494,494,51,494,1355,705,494,869,51,1148,13811
356,0.10876,0.10872,0.10868,0.10866,0.10864,0.1086,0.10856,0.10855,0.10853,0.10852,0.1088,0.10882,0.10885,0.10888,0.1089,0.10892,0.10895,0.10896,0.10898,0.109,51,51,992,494,15222,545,51,14847,494,51,688,494,1527,1232,686,545,1180,51,1217,545
357,0.10909,0.10907,0.10905,0.10904,0.10903,0.10902,0.10901,0.109,0.10898,0.10896,0.1092,0.10922,0.10924,0.10926,0.10928,0.10929,0.1093,0.10931,0.10932,0.10934,1029,993,993,51,993,499,13760,545,494,51,644,1023,1043,992,1043,498,1245,376,1173,991
358,0.10889,0.10888,0.10887,0.10885,0.10883,0.10882,0.10881,0.1088,0.10879,0.10878,0.1089,0.10892,0.10896,0.10898,0.10899,0.109,0.10903,0.10904,0.10905,0.10908,51,216,496,1028,534,494,534,545,534,534,58,51,545,446,989,37155,494,217,494,545
359,0.10896,0.10893,0.1089,0.10888,0.10886,0.10884,0.10883,0.10882,0.1088,0.10877,0.10904,0.10907,0.10908,0.10909,0.1091,0.10911,0.10912,0.10913,0.10914,0.10916,1283,1016,1019,990,990,1073,13760,494,545,494,545,1658,51,525,494,525,545,518,1249,545
360,0.10861,0.1086,0.10858,0.10857,0.10856,0.10853,0.10852,0.10851,0.10849,0.10848,0.10872,0.10875,0.10876,0.10877,0.10879,0.1088,0.10882,0.10883,0.10884,0.10885,1132,425,494,912,51,494,51,923,952,716,494,949,51,494,1031,1023,494,66,644,893
361,0.10841,0.1084,0.10838,0.10837,0.10836,0.10834,0.10832,0.1083,0.10829,0.10828,0.1085,0.10853,0.10856,0.10858,0.1086,0.10861,0.10863,0.10864,0.10865,0.10867,404,490,494,456,545,14742,1145,5454,494,51,982,893,1120,983,457,954,976,51,975,913
362,0.10852,0.1085,0.10848,0.10847,0.10846,0.10845,0.10844,0.10843,0.10842,0.10841,0.10857,0.10861,0.10864,0.10866,0.10868,0.10869,0.1087,0.10872,0.10873,0.10874,51,479,972,487,494,484,51,988,477,494,494,488,981,967,1031,14217,659,545,376,494
363,0.1079,0.10788,0.10787,0.10785,0.10784,0.10781,0.1078,0.10778,0.10777,0.10776,0.10796,0.10798,0.108,0.10801,0.10803,0.10804,0.10806,0.10808,0.10811,0.10812,611,453,494,876,52,1296,607,1195,65,1013,494,457,962,468,494,493,494,1012,966,13811
364,0.10786,0.10784,0.10782,0.1078,0.10778,0.10776,0.10775,0.10774,0.10772,0.1077,0.10793,0.10794,0.10795,0.10796,0.10798,0.10799,0.108,0.10801,0.10802,0.10804,480,480,974,1581,974,1018,480,494,1028,1038,494,149,372,545,946,466,545,487,494,1025
365,0.10724,0.10722,0.1072,0.10718,0.10716,0.10714,0.10712,0.10711,0.1071,0.10709,0.10732,0.10734,0.10735,0.10739,0.1074,0.10742,0.10744,0.10746,0.10747,0.10748,426,454,1133,1176,949,951,1003,4255,14254,595,454,866,457,903,52,1179,988,947,13760,546
366,0.10782,0.1078,0.10778,0.10777,0.10776,0.10774,0.10772,0.1077,0.10769,0.10768,0.10791,0.10792,0.10796,0.10797,0.10798,0.10799,0.108,0.10802,0.10804,0.10806,354,436,417,3683,494,1222,978,327,821,52,494,51,545,378,931,13760,545,494,545,494
367,0.1076,0.10758,0.10756,0.10755,0.10754,0.10753,0.10752,0.10748,0.10746,0.10744,0.1077,0.10771,0.10772,0.10773,0.10776,0.10777,0.10778,0.10779,0.1078,0.10781,536,410,956,205,404,2302,7712,52,589,52,379,494,459,494,1169,410,494,615,13812,6002
368,0.10712,0.1071,0.10708,0.10706,0.10704,0.10703,0.10702,0.10701,0.107,0.10698,0.10722,0.10723,0.10724,0.10727,0.10728,0.1073,0.10732,0.10733,0.10735,0.10736,365,859,911,863,5759,161,4601,13760,546,494,494,733,494,861,421,494,421,14254,494,52
369,0.10712,0.10711,0.1071,0.10707,0.10706,0.10705,0.10704,0.10703,0.107,0.10698,0.1072,0.10721,0.10724,0.10728,0.10731,0.10732,0.10733,0.10734,0.10735,0.10736,491,173,424,494,335,898,52,494,445,494,530,494,887,1218,998,52,494,14613,494,52
370,0.1074,0.10737,0.10734,0.10732,0.10731,0.1073,0.10728,0.10725,0.10724,0.10722,0.10751,0.10752,0.10753,0.10755,0.10756,0.10757,0.10758,0.1076,0.10762,0.10764,1000,1175,827,52,943,13760,52,494,52,494,380,52,494,1177,52,494,700,546,1176,546
371,0.10778,0.10776,0.10774,0.10772,0.1077,0.10768,0.10767,0.10765,0.10764,0.10763,0.1078,0.10784,0.10786,0.10788,0.10789,0.10791,0.10792,0.10793,0.10796,0.10797,494,840,842,842,842,894,435,494,391,500,52,52,350,401,826,844,51,844,1071,350
372,0.10772,0.10768,0.10766,0.10764,0.10762,0.10761,0.1076,0.10759,0.10758,0.10757,0.10777,0.10779,0.1078,0.10782,0.10784,0.10787,0.10788,0.10789,0.1079,0.10791,52,52,360,906,360,494,412,1020,4368,14254,494,854,68,902,854,2596,903,380,1561,855
373,0.10656,0.10653,0.10651,0.1065,0.10649,0.10647,0.10645,0.10641,0.1064,0.10639,0.10665,0.10666,0.10667,0.10669,0.10671,0.10672,0.10674,0.10676,0.10677,0.10678,494,988,168,1178,800,805,1152,1174,499,970,494,416,413,94,494,1713,880,494,65,355
374,0.10723,0.10722,0.1072,0.10719,0.10716,0.10714,0.10712,0.10709,0.10708,0.10705,0.10732,0.10734,0.10736,0.10739,0.1074,0.10741,0.10742,0.10743,0.10744,0.10745,947,475,52,494,1227,14271,52,494,52,494,52,494,1075,1005,52,494,354,559,546,510
375,0.10737,0.10735,0.10733,0.1073,0.10728,0.10725,0.10723,0.10722,0.10721,0.10719,0.10746,0.10748,0.1075,0.10752,0.10754,0.10756,0.10757,0.10759,0.1076,0.10762,796,511,542,530,438,494,990,389,1123,3440,95,52,832,546,861,1042,14040,494,52,280
376,0.1072,0.10717,0.10716,0.10715,0.10713,0.10712,0.10709,0.10708,0.10705,0.10704,0.10724,0.10725,0.10726,0.10729,0.10732,0.10733,0.10734,0.10737,0.10738,0.10739,52,494,52,494,494,52,494,52,13760,546,158,158,474,341,1020,805,494,858,365,494
377,0.108,0.10798,0.10796,0.10794,0.10792,0.10791,0.10789,0.10788,0.10787,0.10786,0.10808,0.10809,0.1081,0.10811,0.10812,0.10814,0.10816,0.10817,0.10819,0.1082,389,840,869,850,412,853,494,4685,13760,494,463,362,494,346,545,856,412,494,808,406
378,0.10785,0.10784,0.10782,0.1078,0.10778,0.10777,0.10776,0.10775,0.10774,0.10772,0.10795,0.10797,0.10798,0.10801,0.10803,0.10805,0.10807,0.10808,0.10809,0.1081,4830,16286,494,546,494,1807,4720,13760,494,546,340,813,376,836,833,830,830,51,336,494
379,0.10811,0.10808,0.10806,0.10804,0.10802,0.10801,0.108,0.10798,0.10796,0.10795,0.10825,0.10828,0.10831,0.10832,0.10834,0.10835,0.10836,0.10839,0.1084,0.10842,963,893,854,545,5070,13760,545,494,545,1705,494,885,963,51,963,13760,494,494,51,169
380,0.10875,0.10874,0.10872,0.10871,0.1087,0.10868,0.10867,0.10866,0.10864,0.10861,0.10886,0.10888,0.1089,0.10891,0.10893,0.10895,0.10896,0.10897,0.10899,0.109,300,306,545,305,494,956,548,14254,545,494,646,494,1042,53,867,494,462,494,905,400
381,0.10937,0.10935,0.10934,0.10932,0.10931,0.10929,0.10928,0.10926,0.10925,0.10924,0.10948,0.1095,0.10953,0.10957,0.10959,0.10963,0.10965,0.10966,0.10967,0.10968,296,494,401,494,401,494,452,976,13760,51,201,27703,494,13760,494,494,163,13760,494,51
382,0.10982,0.10981,0.10978,0.10976,0.10972,0.10969,0.10968,0.10967,0.10966,0.10965,0.11,0.11003,0.11004,0.11005,0.11007,0.11009,0.11015,0.11016,0.11017,0.11023,1084,874,494,874,374,874,788,174,13760,494,295,874,13760,494,494,494,13760,50,494,494
383,0.10961,0.10958,0.10955,0.10954,0.10953,0.10951,0.10948,0.10944,0.10943,0.10941,0.10968,0.10972,0.10976,0.10978,0.1098,0.10984,0.10986,0.10987,0.10988,0.1099,376,376,869,501,13760,494,494,13760,494,494,51,51,837,494,1045,1045,1043,13760,51,494
384,0.10873,0.10872,0.10867,0.10865,0.10864,0.10863,0.1086,0.10859,0.10858,0.10857,0.10882,0.10885,0.10887,0.10888,0.10891,0.10892,0.10895,0.10896,0.10898,0.109,178,51,923,494,371,494,366,494,320,4708,320,321,166,840,814,14134,494,51,494,545
385,0.10944,0.10942,0.1094,0.10939,0.10938,0.10936,0.10934,0.10933,0.10932,0.10931,0.10954,0.10956,0.1096,0.10963,0.10964,0.10965,0.10967,0.10968,0.10969,0.10972,822,805,494,336,336,51,494,336,1053,66813,485,337,359,763,499,494,494,13811,494,127
386,0.10958,0.10956,0.10954,0.10953,0.10952,0.1095,0.10948,0.10946,0.10944,0.10942,0.10968,0.10972,0.10973,0.10975,0.10976,0.10978,0.10979,0.1098,0.10981,0.10984,836,392,494,339,545,833,545,946,812,494,51,406,70,446,545,391,14254,51,5920,545
387,0.109,0.10899,0.10898,0.10894,0.10893,0.10892,0.10888,0.10887,0.10884,0.10883,0.10914,0.10915,0.10916,0.10917,0.10918,0.1092,0.10921,0.10922,0.10924,0.10928,590,342,346,494,14100,29866,51,494,51,494,1062,340,51,494,340,494,456,13760,545,545
388,0.10812,0.10808,0.10804,0.10802,0.10801,0.108,0.10799,0.10798,0.10796,0.10793,0.10816,0.10819,0.1082,0.10822,0.10823,0.10827,0.10828,0.10832,0.10834,0.10836,51,51,545,494,9243,29747,4107,13760,545,163,346,310,494,838,419,494,399,439,348,51
389,0.1084,0.10838,0.10837,0.10834,0.10833,0.10832,0.10831,0.10829,0.10828,0.10827,0.10848,0.10852,0.10856,0.10859,0.1086,0.10862,0.10864,0.10867,0.10868,0.1087,315,494,373,373,373,14254,1005,494,51,494,201,51,453,783,51,867,545,992,51,537
390,0.10833,0.1083,0.10828,0.10825,0.10824,0.10823,0.10821,0.1082,0.10817,0.10816,0.10844,0.10847,0.10848,0.10851,0.10852,0.10854,0.10856,0.10857,0.10858,0.10859,374,837,545,624,51,801,14254,51,494,51,51,494,51,812,51,868,51,868,165,494
391,0.10833,0.10832,0.1083,0.10828,0.10826,0.10825,0.10824,0.10821,0.1082,0.10817,0.10844,0.10847,0.10848,0.10851,0.10852,0.10854,0.10856,0.10859,0.1086,0.10861,511,354,494,382,494,379,545,14759,51,494,545,494,51,812,423,494,51,1125,593,4601
392,0.1085,0.10846,0.10845,0.10844,0.1084,0.10838,0.10836,0.10834,0.10832,0.1083,0.10856,0.1086,0.10864,0.10867,0.10868,0.1087,0.10871,0.10872,0.10873,0.10874,494,1126,298,837,13811,494,51,494,1684,14254,51,51,907,881,51,387,494,51,4772,14420
393,0.10839,0.10837,0.10834,0.10832,0.1083,0.10828,0.10826,0.10824,0.10821,0.1082,0.10844,0.10848,0.10849,0.10851,0.10852,0.10853,0.10856,0.10859,0.1086,0.10861,494,373,494,1684,867,545,992,1043,14254,51,201,347,494,992,424,494,545,857,51,494
394,0.10835,0.10832,0.10829,0.10828,0.10825,0.10824,0.10822,0.10821,0.1082,0.10816,0.10845,0.10846,0.10848,0.10852,0.10853,0.10854,0.10856,0.10859,0.1086,0.10863,494,364,1088,384,494,51,460,14254,10034,545,859,363,545,1030,437,14254,545,494,51,494
395,0.10832,0.1083,0.10828,0.10826,0.10825,0.10824,0.10821,0.1082,0.10816,0.10815,0.10835,0.10839,0.10841,0.10843,0.10844,0.10846,0.10847,0.10848,0.10849,0.10851,51,494,545,854,12985,51,545,51,643,12985,390,494,851,1058,51,314,494,51,494,853
396,0.10862,0.10859,0.10856,0.10853,0.10852,0.10851,0.1085,0.10848,0.10846,0.10844,0.10875,0.10876,0.10878,0.1088,0.10882,0.10884,0.10886,0.10888,0.10891,0.10892,787,896,453,996,453,13813,494,51,494,545,494,421,494,683,494,1081,494,1081,965,587
397,0.10865,0.10862,0.10859,0.10856,0.10855,0.10852,0.1085,0.10849,0.10848,0.10846,0.10872,0.10876,0.10878,0.1088,0.10881,0.10884,0.10885,0.10888,0.1089,0.10891,813,808,888,832,339,14741,494,100,3058,494,201,888,891,51,891,13864,494,545,69,494
398,0.10842,0.10839,0.10836,0.10832,0.10829,0.10828,0.10826,0.10825,0.10824,0.10821,0.10851,0.10852,0.10853,0.10856,0.10857,0.10859,0.1086,0.10862,0.10864,0.10865,865,865,916,978,866,51,866,13813,545,494,494,51,494,410,494,865,51,865,545,471
399,0.10891,0.10887,0.10885,0.10884,0.10883,0.10882,0.10881,0.1088,0.10879,0.10878,0.10903,0.10904,0.10905,0.10907,0.10908,0.10909,0.10912,0.10913,0.10915,0.10916,844,347,1002,51,494,450,494,51,833,13813,494,51,494,877,51,494,557,494,876,51
400,0.10924,0.1092,0.10916,0.10915,0.10914,0.10912,0.1091,0.10908,0.10906,0.10904,0.10928,0.10929,0.10932,0.10935,0.10936,0.10937,0.10939,0.1094,0.10941,0.10943,51,51,545,13813,494,51,494,545,13813,545,494,323,920,569,545,329,494,194,311,494
