timestamp,bid_price_0,bid_price_1,bid_price_2,bid_price_3,bid_price_4,bid_price_5,bid_price_6,bid_price_7,bid_price_8,bid_price_9,ask_price_0,ask_price_1,ask_price_2,ask_price_3,ask_price_4,ask_price_5,ask_price_6,ask_price_7,ask_price_8,ask_price_9,bid_size_0,bid_size_1,bid_size_2,bid_size_3,bid_size_4,bid_size_5,bid_size_6,bid_size_7,bid_size_8,bid_size_9,ask_size_0,ask_size_1,ask_size_2,ask_size_3,ask_size_4,ask_size_5,ask_size_6,ask_size_7,ask_size_8,ask_size_9
0,0.10286,0.10285,0.10283,0.10282,0.10281,0.10279,0.10278,0.10277,0.10275,0.10273,0.10295,0.10296,0.10297,0.10298,0.103,0.10302,0.10304,0.10305,0.10307,0.10308,2190,422,505,5907,2042,505,1523,4684,2042,13975,505,1885,818,1519,559,2549,2092,13975,505,1064
1,0.10322,0.10321,0.10319,0.10316,0.10315,0.10314,0.10313,0.10312,0.1031,0.10309,0.10329,0.10332,0.10333,0.10336,0.10339,0.1034,0.10341,0.10343,0.10344,0.10345,496,1556,4063,1965,284,2463,3769,54,5943,505,550,1522,505,2517,1975,54,3853,2466,54,1973
2,0.10324,0.1032,0.10319,0.10318,0.10316,0.10315,0.10314,0.10313,0.10312,0.10311,0.10327,0.10328,0.10331,0.10333,0.10334,0.10335,0.10336,0.10338,0.10339,0.1034,54,54,3558,505,2475,283,1943,3851,559,943,491,1924,1017,505,1500,1060,559,1939,505,1488
3,0.10324,0.10321,0.1032,0.10319,0.10317,0.10316,0.10315,0.10314,0.10313,0.10312,0.10333,0.10335,0.10336,0.10337,0.10338,0.10339,0.1034,0.10341,0.10343,0.10344,1656,1931,1022,505,1781,54,587,1296,3851,1501,642,505,970,505,1411,505,54,1916,2602,1465
4,0.10327,0.10326,0.10322,0.10321,0.1032,0.10319,0.10318,0.10316,0.10314,0.10313,0.10332,0.10333,0.10336,0.10339,0.1034,0.10341,0.10343,0.10344,0.10345,0.10347,1621,1146,505,1996,559,3648,505,2528,1957,3969,54,150,54,1957,54,505,2441,4086,14480,505
5,0.1034,0.10339,0.10337,0.10335,0.10334,0.10333,0.10332,0.10331,0.1033,0.10329,0.10348,0.10351,0.10352,0.10354,0.10356,0.10357,0.10359,0.1036,0.10361,0.10362,2805,505,992,1488,3772,505,1788,13975,505,82,54,2403,54,1987,54,1987,1987,2046,1987,2094
6,0.10336,0.10335,0.10333,0.10332,0.1033,0.10329,0.10328,0.10327,0.10326,0.10325,0.1034,0.10343,0.10344,0.10346,0.10348,0.10351,0.10352,0.10353,0.10354,0.10355,2065,505,934,1557,505,1553,559,1553,588,2440,54,2472,559,505,1509,1886,54,1039,1557,2095
7,0.10373,0.10372,0.10371,0.1037,0.10369,0.10368,0.10367,0.10366,0.10365,0.10364,0.10377,0.10381,0.10384,0.10385,0.10387,0.10388,0.1039,0.10392,0.10393,0.10394,505,54,1561,505,1566,1115,505,1566,505,1620,470,1902,1370,1061,655,505,1411,1622,5552,13975
8,0.10391,0.1039,0.10389,0.10386,0.10384,0.10383,0.10381,0.1038,0.10379,0.10378,0.10396,0.104,0.10401,0.10402,0.10403,0.10404,0.10406,0.10407,0.10408,0.1041,505,1287,1511,1006,1511,1006,505,5260,83,5654,53,558,1633,1006,505,53,2122,115,1564,1511
9,0.10329,0.10328,0.10327,0.10325,0.10324,0.10322,0.10321,0.1032,0.10319,0.10318,0.10339,0.1034,0.10342,0.10343,0.10344,0.10345,0.10347,0.10348,0.10349,0.1035,1477,1070,505,1347,559,1969,2682,1461,971,14480,1423,1539,958,505,1026,1968,505,559,953,1620
10,0.10375,0.10374,0.10373,0.10372,0.10371,0.1037,0.10368,0.10366,0.10364,0.10363,0.10384,0.10385,0.10386,0.10388,0.1039,0.10391,0.10392,0.10393,0.10394,0.10395,1701,1420,505,505,505,505,1476,855,969,917,659,243,505,2071,1422,650,558,2706,13975,505
11,0.10392,0.10391,0.1039,0.10389,0.10387,0.10386,0.10385,0.10384,0.10382,0.1038,0.10396,0.10397,0.104,0.10403,0.10404,0.10405,0.10406,0.10407,0.10408,0.10409,505,1283,1353,505,814,1405,505,53,1352,5366,150,649,53,1855,53,2003,3597,505,53,6227
12,0.10396,0.10395,0.10393,0.10392,0.10391,0.10389,0.10386,0.10385,0.10384,0.10382,0.10404,0.10405,0.10408,0.1041,0.10412,0.10413,0.10415,0.10416,0.10417,0.10419,1274,377,2169,53,753,1404,1672,4776,14480,899,804,505,2868,1404,952,3982,4886,53,505,505
13,0.10383,0.10381,0.1038,0.10378,0.10377,0.10376,0.10375,0.10374,0.10373,0.10372,0.10391,0.10392,0.10393,0.10395,0.10396,0.10397,0.10399,0.104,0.10403,0.10404,505,1421,505,968,1331,559,5099,14480,505,54,433,53,1428,1885,53,1414,1409,53,2269,53
14,0.10388,0.10385,0.10384,0.10383,0.10382,0.10381,0.1038,0.10378,0.10377,0.10376,0.10393,0.10394,0.10396,0.10397,0.10399,0.104,0.10403,0.10404,0.10405,0.10407,137,1626,1482,505,1309,505,558,1424,2126,559,423,505,1429,505,761,1477,2049,972,505,1002
15,0.10368,0.10367,0.10366,0.10364,0.10363,0.10362,0.10361,0.1036,0.10358,0.10356,0.10377,0.10378,0.10379,0.1038,0.10381,0.10383,0.10384,0.10385,0.10387,0.10388,968,911,505,965,505,1138,2129,559,1439,4731,1327,505,1409,558,150,1861,2017,505,1409,53
16,0.10377,0.10376,0.10375,0.10374,0.10373,0.10372,0.10371,0.10369,0.10368,0.10366,0.1038,0.10383,0.10384,0.10386,0.10388,0.10389,0.1039,0.10391,0.10392,0.10394,409,505,505,505,1383,1367,505,1376,1432,1191,53,1381,1184,1382,1435,5052,13975,505,53,505
17,0.10375,0.10374,0.10373,0.10372,0.10369,0.10368,0.10367,0.10366,0.10364,0.10363,0.10381,0.10383,0.10385,0.10386,0.10387,0.10389,0.1039,0.10391,0.10392,0.10393,505,1150,505,1394,1823,4731,13975,505,54,505,911,1246,914,800,505,2364,819,505,53,819
18,0.10388,0.10387,0.10386,0.10385,0.10384,0.10383,0.10382,0.10381,0.1038,0.10378,0.10391,0.10392,0.10395,0.10396,0.10398,0.104,0.10402,0.10403,0.10404,0.10405,1209,1144,505,505,1324,1121,625,505,874,1072,519,53,1663,558,1958,1379,1158,505,859,1324
19,0.10387,0.10386,0.10385,0.10384,0.10383,0.10382,0.10379,0.10378,0.10377,0.10376,0.10388,0.1039,0.10392,0.10395,0.10396,0.10398,0.10399,0.104,0.10402,0.10403,505,505,505,505,505,505,1593,1050,505,846,582,505,1309,1617,558,1112,4723,14660,505,83
20,0.10397,0.10396,0.10394,0.10392,0.10391,0.10389,0.10388,0.10385,0.10384,0.10382,0.10401,0.10402,0.10403,0.10405,0.10408,0.1041,0.10411,0.10412,0.10413,0.10415,505,53,1299,845,505,1296,53,1204,558,3759,389,1299,1804,1060,1216,1294,791,558,4272,4699
21,0.104,0.10397,0.10396,0.10395,0.10392,0.10391,0.10389,0.10388,0.10387,0.10386,0.10404,0.10405,0.10407,0.10408,0.1041,0.10412,0.10413,0.10414,0.10415,0.10416,505,1285,505,1283,1648,1282,505,53,5607,14565,391,637,1014,558,1595,1648,3938,505,3823,558
22,0.10397,0.10396,0.10395,0.10393,0.10392,0.1039,0.10389,0.10388,0.10387,0.10386,0.10403,0.10405,0.10406,0.10407,0.10408,0.10409,0.1041,0.10411,0.10412,0.10413,1343,891,505,1339,558,1665,505,1655,3381,5164,625,924,580,505,589,505,1343,505,1400,4770
23,0.10397,0.10396,0.10395,0.10394,0.10393,0.10392,0.10389,0.10388,0.10387,0.10386,0.10401,0.10402,0.10403,0.10404,0.10406,0.10407,0.10408,0.10409,0.10411,0.10412,1291,558,573,1476,505,3398,505,821,2629,5164,505,966,1710,505,1963,505,920,505,1360,863
24,0.10434,0.10433,0.10432,0.1043,0.10429,0.10428,0.10427,0.10426,0.10425,0.10424,0.1044,0.10442,0.10444,0.10445,0.10446,0.10448,0.10449,0.1045,0.10451,0.10452,505,790,868,1238,505,1488,505,2117,1216,2170,1435,1204,1363,505,1300,1326,1435,505,6787,14533
25,0.10416,0.10412,0.10411,0.10408,0.10407,0.10405,0.10404,0.10403,0.10401,0.104,0.10417,0.10418,0.10421,0.10423,0.10424,0.10426,0.10427,0.10428,0.1043,0.10432,53,732,1418,1430,1297,693,4105,505,1426,760,895,505,1290,1425,700,1109,921,558,1101,514
26,0.10399,0.10397,0.10396,0.10394,0.10392,0.10391,0.1039,0.10389,0.10388,0.10387,0.10405,0.10406,0.10407,0.10408,0.10409,0.1041,0.10411,0.10412,0.10413,0.10415,1434,1434,1604,505,1478,2124,1509,917,1518,13975,892,769,566,1182,1090,1322,505,1378,505,1268
27,0.10392,0.10391,0.1039,0.10388,0.10387,0.10386,0.10385,0.10384,0.10382,0.10381,0.10395,0.10396,0.10397,0.104,0.10402,0.10403,0.10404,0.10405,0.10407,0.10408,505,1719,505,1109,567,647,505,912,1281,86,536,53,505,1172,1376,505,818,505,1719,558
28,0.10388,0.10387,0.10386,0.10385,0.10384,0.10382,0.10381,0.1038,0.10379,0.10378,0.10395,0.10396,0.10398,0.10399,0.104,0.10402,0.10404,0.10405,0.10406,0.10407,883,505,1302,505,1148,1071,505,801,1234,4546,505,558,1321,147,1374,1325,1128,831,4787,505
29,0.10372,0.10371,0.10369,0.10368,0.10367,0.10365,0.10364,0.10362,0.1036,0.10359,0.10378,0.10379,0.1038,0.10382,0.10383,0.10384,0.10386,0.10388,0.10389,0.10391,885,1278,505,773,14480,505,54,505,559,2130,773,505,1330,1083,16,1163,1281,609,505,815
30,0.10388,0.10387,0.10386,0.10385,0.10383,0.10381,0.1038,0.10379,0.10378,0.10377,0.10394,0.10396,0.10397,0.10398,0.10399,0.104,0.10402,0.10404,0.10405,0.10406,881,505,1092,505,1713,1737,558,1338,3759,14480,1098,1388,646,505,147,1398,1335,1390,842,4177
31,0.10378,0.10377,0.10376,0.10375,0.10374,0.10373,0.10372,0.10371,0.1037,0.10368,0.10384,0.10385,0.10387,0.10388,0.1039,0.10391,0.10392,0.10394,0.10396,0.10397,1283,718,559,645,505,1383,559,1095,505,3611,521,1247,1801,1389,879,1253,1189,1384,1437,1384
32,0.10411,0.1041,0.10408,0.10407,0.10406,0.10405,0.10404,0.10402,0.10401,0.104,0.10418,0.10419,0.1042,0.10421,0.10423,0.10424,0.10425,0.10427,0.10428,0.10429,1408,892,505,1755,4677,13975,558,505,1755,558,1738,505,53,1399,505,53,1395,1385,53,1158
33,0.104,0.10397,0.10396,0.10395,0.10393,0.10392,0.10389,0.10388,0.10387,0.10386,0.10401,0.10402,0.10403,0.10405,0.10407,0.10408,0.10409,0.10411,0.10412,0.10415,53,505,53,505,1391,53,2019,53,1330,1396,367,505,1214,1203,891,505,1396,1314,837,1218
34,0.10331,0.1033,0.10328,0.10326,0.10325,0.10324,0.10323,0.10322,0.10321,0.1032,0.10339,0.1034,0.10342,0.10343,0.10346,0.10347,0.10348,0.1035,0.10352,0.10353,2298,505,1143,820,505,14732,505,1406,1706,1963,365,789,505,1610,1442,1416,5049,505,559,686
35,0.1032,0.10318,0.10317,0.10316,0.10314,0.10312,0.1031,0.10308,0.10305,0.10304,0.10325,0.10329,0.10331,0.10332,0.10333,0.10334,0.10336,0.10338,0.10339,0.1034,420,1707,1234,54,15399,559,505,54,505,14591,373,1620,1140,505,1511,5530,54,505,1708,559
36,0.10322,0.10321,0.1032,0.10317,0.10315,0.10313,0.10312,0.1031,0.10309,0.10308,0.1033,0.10332,0.10333,0.10334,0.10336,0.10337,0.1034,0.10341,0.10342,0.10343,379,1706,559,2053,1520,13975,559,505,6518,559,1438,559,1076,5530,54,505,1675,1114,505,4122
37,0.10325,0.10324,0.10321,0.10319,0.10316,0.10315,0.10313,0.10312,0.1031,0.10309,0.1033,0.10331,0.10334,0.10335,0.10336,0.10337,0.10339,0.1034,0.10341,0.10342,1706,54,2036,1655,1746,13975,505,54,3900,505,379,1148,808,1918,54,505,1155,559,725,505
38,0.10332,0.1033,0.10328,0.10326,0.10325,0.10324,0.10323,0.10321,0.1032,0.10319,0.1034,0.10342,0.10344,0.10346,0.10348,0.1035,0.10352,0.10354,0.10355,0.10356,1132,505,1555,1548,2211,1514,13975,505,54,505,1271,1845,3213,505,2012,505,1514,1965,84,1159
39,0.1029,0.10289,0.10288,0.10286,0.10285,0.10284,0.10283,0.10282,0.1028,0.10277,0.10296,0.10297,0.10298,0.10299,0.10301,0.10302,0.10303,0.10304,0.10305,0.10307,376,874,54,758,505,559,1026,14480,559,505,376,505,857,799,505,1330,505,1080,505,505
40,0.10261,0.1026,0.10258,0.10257,0.10254,0.10252,0.1025,0.10249,0.10248,0.10246,0.10271,0.10272,0.10274,0.10276,0.10279,0.1028,0.10282,0.10283,0.10284,0.10285,1358,951,505,988,3210,54,505,897,14029,505,1358,901,505,1877,1308,54,1493,864,1992,4322
41,0.10242,0.1024,0.10239,0.10237,0.10236,0.10235,0.10234,0.10233,0.10232,0.10231,0.1025,0.10252,0.10254,0.10255,0.10256,0.10257,0.10258,0.1026,0.10262,0.10263,2041,54,1309,505,1022,505,406,1473,54,1830,375,505,971,1673,559,505,505,1117,505,1314
42,0.10246,0.10245,0.1024,0.10237,0.10236,0.10235,0.10233,0.10232,0.10231,0.1023,0.10253,0.10256,0.10259,0.1026,0.10264,0.10266,0.10267,0.10268,0.10272,0.10274,376,988,1042,1493,4634,505,1545,54,1494,912,505,1469,1093,231,1701,1493,412,16182,559,587
43,0.10249,0.10248,0.10247,0.10246,0.10244,0.10243,0.10241,0.1024,0.10238,0.10237,0.10259,0.10262,0.10264,0.10266,0.10267,0.10268,0.10271,0.10272,0.10274,0.10275,505,1051,1718,505,1109,505,1184,559,1556,15383,889,2057,1912,505,1560,14029,94,559,82,505
44,0.10256,0.10252,0.10251,0.10249,0.10248,0.10246,0.10244,0.10243,0.10241,0.1024,0.10262,0.10263,0.10264,0.10265,0.10266,0.10267,0.10268,0.10272,0.10273,0.10274,54,974,505,1924,54,1571,54,1569,1942,559,1310,505,1434,505,505,505,1626,1374,582,1146
45,0.10256,0.10255,0.10254,0.10253,0.10251,0.10249,0.10248,0.10246,0.10244,0.10243,0.10264,0.10268,0.1027,0.10272,0.10273,0.10274,0.10276,0.10277,0.10278,0.10279,372,505,505,1586,505,1615,1639,505,54,1290,559,1692,505,1495,1946,13975,559,82,505,1646
46,0.10254,0.10253,0.10249,0.10248,0.10246,0.10244,0.10242,0.10241,0.1024,0.10237,0.10263,0.10264,0.10267,0.10268,0.10269,0.1027,0.10271,0.10272,0.10273,0.10274,2183,505,1545,1650,505,1965,505,1554,4459,14480,505,559,1702,54,505,1542,505,1701,505,13975
47,0.1028,0.10279,0.10277,0.10276,0.10274,0.10273,0.1027,0.10268,0.10267,0.10265,0.10287,0.10288,0.1029,0.10291,0.10292,0.10293,0.10295,0.10296,0.10297,0.10299,505,1047,505,1581,505,1751,5708,862,15014,505,505,54,1662,505,54,505,1102,1183,505,505
48,0.10258,0.10252,0.10251,0.10249,0.10248,0.10245,0.10244,0.10241,0.1024,0.10239,0.10261,0.10263,0.10264,0.10265,0.10267,0.10268,0.10269,0.1027,0.10271,0.10272,505,505,1638,505,1787,505,559,505,3954,505,505,941,883,505,505,1032,505,505,1647,1787
49,0.10194,0.10193,0.10192,0.10191,0.1019,0.10186,0.10185,0.10184,0.10182,0.10181,0.102,0.10203,0.10204,0.10205,0.10208,0.10211,0.10212,0.10213,0.10214,0.10215,505,505,1817,505,1817,909,505,560,2254,15285,54,1798,559,505,2377,3189,559,1314,4620,15285
50,0.10292,0.10288,0.10287,0.10285,0.10284,0.10283,0.10281,0.1028,0.10277,0.10276,0.10297,0.10298,0.103,0.10302,0.10304,0.10306,0.10307,0.10308,0.10309,0.1031,54,1352,505,1675,54,505,915,1458,84,2102,357,686,505,1412,1503,505,1672,559,4917,14780
51,0.10287,0.10286,0.10284,0.10282,0.1028,0.10278,0.10277,0.10276,0.10275,0.10274,0.10296,0.10298,0.10299,0.103,0.10304,0.10305,0.10307,0.10308,0.10309,0.1031,506,505,1018,505,1702,1194,84,559,1193,5404,1613,505,1122,1228,1645,1405,505,1255,4563,15285
52,0.1024,0.10237,0.10236,0.10235,0.10234,0.10233,0.10232,0.1023,0.10228,0.10226,0.10246,0.10247,0.10251,0.10252,0.10253,0.10255,0.10256,0.10257,0.10258,0.10259,54,1725,54,505,806,1369,54,1755,559,938,1160,642,1961,832,505,1836,1293,505,4471,18870
53,0.10258,0.10256,0.10253,0.10251,0.10249,0.10248,0.10245,0.10244,0.10243,0.10241,0.10264,0.10267,0.10268,0.10269,0.1027,0.10271,0.10272,0.10275,0.10276,0.10277,1194,505,2258,1554,1606,54,1830,54,3317,16417,54,847,54,505,1189,505,54,2150,1832,15285
54,0.10348,0.10347,0.10345,0.1034,0.10339,0.10338,0.10337,0.10336,0.10335,0.10333,0.10356,0.10358,0.1036,0.10363,0.10364,0.10365,0.10366,0.10368,0.10369,0.1037,352,505,505,1317,1583,505,505,505,359,1137,911,505,1845,1078,879,5641,15285,897,505,505
55,0.10316,0.10312,0.10311,0.10309,0.10308,0.10306,0.10304,0.10302,0.10301,0.103,0.10325,0.10326,0.10327,0.10328,0.10329,0.10332,0.10334,0.10336,0.10338,0.10339,1015,1644,505,1498,559,1494,1548,505,1384,1043,352,150,905,850,505,1423,1165,1968,994,4933
56,0.10312,0.10311,0.1031,0.10309,0.10308,0.10306,0.10304,0.10302,0.103,0.10299,0.10322,0.10323,0.10324,0.10327,0.10328,0.10329,0.10332,0.10334,0.10335,0.10336,349,1298,505,505,54,1602,892,505,1071,505,1417,505,54,1881,4923,15285,559,505,1476,559
57,0.10321,0.1032,0.10319,0.10317,0.10316,0.10315,0.10313,0.10312,0.10309,0.10308,0.10331,0.10332,0.10333,0.10335,0.10336,0.10337,0.10338,0.10339,0.1034,0.10344,505,54,505,1901,1101,505,1552,54,1553,54,1082,2029,505,505,559,1047,505,5043,559,559
58,0.10321,0.1032,0.10317,0.10316,0.10315,0.10313,0.10312,0.1031,0.10309,0.10308,0.10328,0.10331,0.10332,0.10333,0.10335,0.10336,0.10338,0.10339,0.1034,0.10343,1375,505,1587,1022,505,505,54,1383,1770,54,54,505,54,505,1532,1582,2567,6909,15339,84
59,0.10264,0.10261,0.1026,0.10259,0.10257,0.10256,0.10255,0.10253,0.10252,0.10251,0.10267,0.10268,0.1027,0.10271,0.10272,0.10278,0.10279,0.1028,0.10281,0.10283,54,505,54,505,1808,54,505,1914,54,1561,354,352,505,1557,1561,1908,4837,10466,4412,639
60,0.10209,0.10208,0.10207,0.10204,0.10201,0.102,0.10198,0.10197,0.10196,0.10195,0.10221,0.10222,0.10225,0.10227,0.10228,0.1023,0.10232,0.10234,0.10236,0.10237,1645,1558,505,697,1558,559,505,1424,5670,14780,1714,1558,505,505,54,2063,1709,505,2116,1460
61,0.10239,0.10238,0.10236,0.10235,0.10232,0.10228,0.10226,0.10225,0.10224,0.10223,0.10247,0.10248,0.10251,0.10252,0.10254,0.10255,0.10256,0.10257,0.10259,0.1026,1604,505,2576,505,16805,642,2026,505,4971,14780,656,54,505,559,505,2791,559,8031,505,559
62,0.10269,0.10268,0.10267,0.10266,0.10264,0.10263,0.10262,0.10261,0.1026,0.10256,0.10278,0.10279,0.10283,0.10284,0.10285,0.10288,0.1029,0.10291,0.10292,0.10293,360,505,505,505,1433,5452,14780,505,54,54,359,647,1712,1409,505,4443,505,1265,2044,1265
63,0.10264,0.1026,0.10256,0.10255,0.10254,0.10253,0.10252,0.10248,0.10245,0.10244,0.1027,0.10271,0.10272,0.10273,0.10277,0.10279,0.1028,0.10281,0.10282,0.10284,54,54,1554,1208,3948,14780,559,54,588,14834,1501,505,150,505,2548,2348,54,1265,505,2061
64,0.10241,0.1024,0.10237,0.10236,0.10235,0.10234,0.10233,0.10232,0.1023,0.10229,0.10252,0.10254,0.10255,0.10256,0.10257,0.10259,0.1026,0.10261,0.10263,0.10264,361,1927,505,1535,3828,14780,505,54,505,83,2245,505,505,505,4038,505,1540,1704,1151,2486
65,0.10276,0.10274,0.10272,0.10269,0.10268,0.10267,0.10266,0.10265,0.10264,0.10263,0.10286,0.10287,0.10288,0.10291,0.10292,0.10293,0.10294,0.10296,0.10297,0.10298,412,505,1537,505,1567,505,1380,5167,15339,505,2573,1145,4349,1173,559,1210,505,559,1174,505
66,0.10267,0.10266,0.10265,0.10264,0.10262,0.1026,0.10257,0.10256,0.10255,0.10253,0.10274,0.10276,0.10278,0.10279,0.1028,0.10283,0.10284,0.10285,0.10286,0.10287,241,505,1638,1190,505,559,1513,6540,14780,505,724,1152,1678,6119,20054,505,54,3540,505,15285
67,0.10251,0.1025,0.10249,0.10248,0.10247,0.10246,0.10245,0.10243,0.10242,0.1024,0.10255,0.10256,0.10258,0.1026,0.10262,0.10264,0.10267,0.10268,0.10271,0.10272,856,505,505,1578,1058,505,1748,505,1746,1802,150,54,505,559,1995,1941,505,1684,1758,54
68,0.10256,0.10254,0.10253,0.10252,0.10249,0.10248,0.10246,0.10245,0.10244,0.10243,0.10262,0.10263,0.10265,0.10266,0.10267,0.10268,0.1027,0.10271,0.10272,0.10273,54,1825,505,559,2705,559,1320,505,4127,14780,505,952,505,1149,505,54,2265,6491,20054,505
69,0.1026,0.10256,0.10254,0.10253,0.10252,0.10251,0.10249,0.10248,0.10246,0.10245,0.10261,0.10263,0.10266,0.10269,0.1027,0.10271,0.10272,0.10273,0.10274,0.10276,54,559,1266,505,559,724,2104,54,1531,505,869,505,2554,1172,505,654,1807,1100,505,7351
70,0.10248,0.10244,0.10242,0.1024,0.10237,0.10236,0.10235,0.10234,0.10233,0.10232,0.10249,0.1025,0.10251,0.10253,0.10254,0.10255,0.10256,0.10257,0.10259,0.1026,54,54,1595,1713,2236,1208,3962,15189,12170,54,1066,505,1037,1659,3751,505,1078,4110,505,54
71,0.10252,0.1025,0.10248,0.10246,0.10245,0.10244,0.10242,0.1024,0.10238,0.10237,0.10255,0.10256,0.10257,0.10258,0.10259,0.1026,0.10261,0.10264,0.10265,0.10266,505,1651,1555,1651,505,1705,1703,1708,1225,1660,630,54,62,2258,505,1204,505,2096,1143,4917
72,0.10243,0.10242,0.1024,0.10239,0.10238,0.10237,0.10236,0.10235,0.10234,0.10233,0.10247,0.10248,0.10249,0.1025,0.10252,0.10254,0.10255,0.10256,0.10257,0.10258,869,1720,1291,505,1742,825,1291,1237,11581,12087,91,505,1584,991,2409,5267,150,559,3788,1162
73,0.10244,0.10243,0.1024,0.10238,0.10237,0.10236,0.10235,0.10234,0.10233,0.10232,0.10247,0.10248,0.10249,0.10251,0.10252,0.10253,0.10254,0.10255,0.10256,0.10257,54,505,1811,1254,1537,1298,2964,26361,12170,802,371,505,1761,1479,1257,505,5338,505,559,3891
74,0.10252,0.10251,0.1025,0.10248,0.10247,0.10246,0.10245,0.10244,0.10242,0.10241,0.10255,0.10256,0.10258,0.1026,0.10262,0.10264,0.10266,0.10267,0.10268,0.1027,566,566,1685,373,2365,505,1560,505,1745,1409,505,559,505,559,505,1733,5267,14780,559,505
75,0.10256,0.10254,0.10253,0.10252,0.10251,0.10249,0.10248,0.10246,0.10245,0.10244,0.10258,0.10259,0.1026,0.10267,0.10268,0.1027,0.10271,0.10272,0.10274,0.10276,54,505,1185,54,505,2512,54,2512,100,1392,505,655,29082,505,559,505,698,559,505,6094
76,0.10245,0.10244,0.10243,0.10242,0.10241,0.1024,0.10239,0.10238,0.10237,0.10236,0.10249,0.1025,0.10251,0.10252,0.10253,0.10254,0.10255,0.10256,0.10258,0.10259,387,1041,505,1029,505,54,1943,1271,816,1192,505,54,1639,559,1954,1272,1954,54,2709,7390
77,0.10228,0.10226,0.10225,0.10224,0.10223,0.10222,0.10221,0.1022,0.10218,0.10216,0.10229,0.1023,0.10232,0.10234,0.10235,0.10236,0.10238,0.10239,0.1024,0.10241,54,54,505,2026,1450,559,11596,559,559,2026,885,505,2134,1899,505,1907,2017,1150,2843,505
78,0.10237,0.10236,0.10234,0.10232,0.10231,0.1023,0.10229,0.10228,0.10227,0.10226,0.10242,0.10243,0.10244,0.10245,0.10246,0.10248,0.10249,0.1025,0.10251,0.10252,2532,1583,2076,1625,505,1625,505,1222,505,2505,374,1601,505,1689,4308,1522,2338,1084,505,2130
79,0.1026,0.10258,0.10256,0.10255,0.10254,0.10253,0.10252,0.1025,0.10249,0.10248,0.10261,0.10262,0.10263,0.10265,0.10266,0.10267,0.10268,0.1027,0.10271,0.10272,54,54,1632,505,1632,505,1580,1535,505,1595,1642,655,1518,1585,858,1317,559,2361,2053,559
80,0.1026,0.10259,0.10258,0.10257,0.10256,0.10254,0.10253,0.10252,0.10251,0.1025,0.10264,0.10265,0.10266,0.10267,0.10268,0.1027,0.10271,0.10272,0.10274,0.10276,367,1923,1216,505,1647,1531,2062,1553,505,2116,1159,505,2478,212,2128,2110,505,2108,1886,1321
81,0.10248,0.10246,0.10245,0.10244,0.10242,0.1024,0.10238,0.10236,0.10235,0.10234,0.10252,0.10253,0.10254,0.10255,0.10256,0.10257,0.10258,0.10259,0.1026,0.10261,1501,2483,994,1707,1700,2103,2143,1438,2057,559,49,1535,851,1511,559,505,2098,505,1582,2044
82,0.10246,0.10244,0.10242,0.1024,0.10238,0.10236,0.10235,0.10234,0.10233,0.10232,0.10251,0.10252,0.10254,0.10255,0.10256,0.10257,0.10258,0.10259,0.1026,0.10261,966,1426,2011,1991,1480,1506,505,2011,1337,7003,2280,559,1465,505,1753,1421,54,1957,54,2731
83,0.10256,0.10255,0.10254,0.10252,0.1025,0.10248,0.10246,0.10245,0.10244,0.10243,0.1026,0.10262,0.10264,0.10266,0.10267,0.10268,0.10269,0.1027,0.10272,0.10273,505,1516,54,1945,1756,930,1708,1006,54,1351,577,559,1334,1131,505,1131,1201,92398,54,505
84,0.1026,0.10259,0.10258,0.10257,0.10256,0.10255,0.10254,0.10252,0.10251,0.1025,0.10264,0.10265,0.10266,0.10268,0.10269,0.1027,0.10272,0.10273,0.10274,0.10276,1155,1089,54,901,559,1406,1078,1192,926,2004,872,4126,559,559,505,93950,54,505,947,559
85,0.10253,0.10252,0.1025,0.10248,0.10246,0.10245,0.10244,0.10243,0.10242,0.10241,0.10257,0.10258,0.1026,0.10262,0.10263,0.10264,0.10265,0.10266,0.10267,0.10268,505,559,1861,1317,1448,505,952,770,54,1407,505,559,1865,2537,85,1454,895,559,10371,15339
86,0.10289,0.10288,0.10286,0.10284,0.10282,0.1028,0.10278,0.10277,0.10276,0.10274,0.10296,0.10297,0.10299,0.103,0.10302,0.10303,0.10304,0.10305,0.10306,0.10307,505,1515,1431,1525,1285,1370,1013,15285,54,559,1529,1308,760,559,1013,505,736,1246,559,1464
87,0.10356,0.10354,0.10352,0.1035,0.10349,0.10348,0.10347,0.10346,0.10345,0.10344,0.10357,0.10358,0.1036,0.10362,0.10364,0.10365,0.10366,0.10368,0.1037,0.10372,54,54,1487,1494,1427,559,505,559,505,559,542,258,1888,1480,1428,1037,1385,1475,1297,3178
88,0.10326,0.10324,0.10322,0.1032,0.10319,0.10318,0.10316,0.10314,0.10313,0.10312,0.1033,0.10332,0.10333,0.10334,0.10335,0.10336,0.10337,0.10338,0.10339,0.1034,584,940,1445,943,505,1448,1448,943,505,943,466,732,505,940,1394,54,846,1586,949,1311
89,0.10327,0.10326,0.10325,0.10324,0.10323,0.10322,0.10321,0.10319,0.10318,0.10316,0.10328,0.1033,0.10332,0.10334,0.10335,0.10336,0.10337,0.10338,0.10339,0.1034,1038,366,420,420,840,54,1256,1345,1755,14834,54,54,54,54,505,889,505,889,505,1478
90,0.10329,0.10328,0.10327,0.10326,0.10325,0.10323,0.10322,0.10321,0.10319,0.10318,0.1033,0.10331,0.10332,0.10334,0.10336,0.10337,0.10338,0.10339,0.1034,0.10342,499,919,1152,256,505,831,54,1188,1336,762,103,997,54,12,885,831,54,1340,559,1390
91,0.10319,0.10318,0.10316,0.10315,0.10314,0.10313,0.10312,0.1031,0.10309,0.10308,0.10325,0.10326,0.10327,0.10328,0.10329,0.1033,0.10331,0.10332,0.10333,0.10334,490,559,1174,505,804,505,1268,1271,505,1269,1058,54,1212,764,505,764,505,764,505,722
92,0.10309,0.10308,0.10306,0.10304,0.10302,0.103,0.10299,0.10298,0.10297,0.10296,0.10316,0.10318,0.1032,0.10321,0.10322,0.10324,0.10325,0.10326,0.10327,0.10328,1588,505,958,1217,1208,1154,668,54,505,1045,1115,1222,1227,1656,559,734,655,816,505,2338
93,0.10276,0.10274,0.10272,0.10271,0.1027,0.10269,0.10268,0.10267,0.10266,0.10265,0.1028,0.10281,0.10282,0.10283,0.10284,0.10286,0.10287,0.10288,0.10289,0.1029,518,559,735,505,682,1327,576,505,750,5140,997,505,729,1199,54,1530,1715,54,505,749
94,0.10268,0.10267,0.10266,0.10265,0.10264,0.10262,0.10261,0.1026,0.10259,0.10258,0.10273,0.10274,0.10276,0.10278,0.10279,0.1028,0.10281,0.10282,0.10283,0.10284,611,555,505,654,559,1656,505,556,505,785,992,269,1134,1069,589,559,505,784,964,3720
95,0.10324,0.10322,0.1032,0.10319,0.10318,0.10317,0.10316,0.10315,0.10314,0.10313,0.10328,0.1033,0.10332,0.10333,0.10334,0.10335,0.10336,0.10337,0.10338,0.10339,1160,1272,820,505,1325,505,817,505,820,1121,204,1551,817,505,775,505,814,1239,3653,505
96,0.10328,0.10327,0.10326,0.10325,0.10324,0.10323,0.10322,0.10321,0.1032,0.10318,0.10332,0.10334,0.10336,0.10337,0.10338,0.10339,0.1034,0.10341,0.10342,0.10343,634,759,54,1264,54,767,54,1150,580,1320,54,1184,815,505,815,505,5376,15285,54,505
97,0.1033,0.10329,0.10327,0.10326,0.10325,0.10324,0.10323,0.10322,0.10321,0.1032,0.10336,0.10337,0.10338,0.10339,0.1034,0.10341,0.10342,0.10344,0.10345,0.10346,438,535,1064,656,505,806,505,801,505,801,804,1130,54,1227,54,505,1098,4401,505,54
98,0.10392,0.10391,0.1039,0.10389,0.10388,0.10386,0.10385,0.10384,0.10383,0.10382,0.10397,0.10398,0.10399,0.104,0.10401,0.10402,0.10403,0.10404,0.10405,0.10406,428,505,1050,505,1167,767,505,768,505,765,428,53,1104,619,505,544,505,765,505,15551
99,0.10386,0.10385,0.10384,0.10382,0.1038,0.10379,0.10378,0.10377,0.10376,0.10374,0.10391,0.10394,0.10395,0.10396,0.10397,0.10398,0.10399,0.104,0.10401,0.10402,1108,542,53,1054,1243,1195,558,505,1250,1244,150,905,505,619,505,743,10507,22554,505,53
100,0.10388,0.10386,0.10384,0.10382,0.1038,0.10378,0.10376,0.10375,0.10374,0.10372,0.1039,0.10391,0.10394,0.10395,0.10396,0.10397,0.10398,0.10399,0.104,0.10401,53,53,651,985,1048,1050,1212,505,495,1229,412,738,811,505,830,505,584,8129,22554,505
101,0.1038,0.10378,0.10376,0.10375,0.10374,0.10372,0.1037,0.10369,0.10368,0.10366,0.10386,0.10387,0.10388,0.10389,0.1039,0.10391,0.10392,0.10393,0.10394,0.10395,556,649,739,505,740,1247,1245,667,559,1245,1011,538,635,593,528,505,1734,505,739,505
102,0.10393,0.10392,0.10391,0.1039,0.10389,0.10387,0.10386,0.10385,0.10384,0.10382,0.10394,0.10396,0.10397,0.10398,0.10399,0.104,0.10402,0.10404,0.10405,0.10406,1044,300,608,505,707,707,760,505,786,53,53,53,3750,53,505,16280,53,53,505,53
103,0.10392,0.10391,0.10389,0.10388,0.10387,0.10386,0.10384,0.10383,0.10382,0.10381,0.10397,0.10398,0.104,0.10402,0.10404,0.10405,0.10406,0.10407,0.10408,0.10409,896,1324,1315,53,1331,614,1090,505,1280,765,1040,14327,558,1609,53,3312,14833,4291,53,505
104,0.10374,0.10372,0.1037,0.10368,0.10366,0.10364,0.10362,0.10361,0.1036,0.10359,0.10378,0.10381,0.10382,0.10383,0.10384,0.10386,0.10388,0.10389,0.1039,0.10391,559,1309,967,967,2205,967,967,86,1611,5095,389,914,53,2400,1362,558,960,505,911,1418
105,0.10398,0.10396,0.10395,0.10394,0.10393,0.10392,0.10391,0.1039,0.10388,0.10387,0.10402,0.10403,0.10404,0.10405,0.10406,0.10407,0.10408,0.10409,0.1041,0.10411,53,1734,734,53,1322,53,505,53,2016,5297,235,505,505,1618,53,3986,53,505,558,1316
106,0.10401,0.10399,0.10397,0.10396,0.10394,0.10393,0.10392,0.10391,0.1039,0.10389,0.10402,0.10403,0.10404,0.10406,0.10407,0.10408,0.1041,0.10411,0.10412,0.10413,524,1584,505,1732,53,505,53,1674,53,1764,2751,71,53,558,3601,558,558,831,3822,2199
107,0.10388,0.10387,0.10385,0.10384,0.10382,0.10381,0.1038,0.10378,0.10377,0.10376,0.10393,0.10394,0.10395,0.10396,0.10397,0.10398,0.10399,0.104,0.10401,0.10402,378,867,505,1727,558,731,1736,558,1631,14604,655,53,505,1109,505,794,4128,53,522,1220
108,0.10381,0.10379,0.10378,0.10377,0.10376,0.10375,0.10374,0.10373,0.10372,0.10371,0.10384,0.10386,0.10388,0.10389,0.1039,0.10392,0.10394,0.10395,0.10396,0.10398,505,2039,558,505,1666,743,54,1672,140,1672,53,53,874,505,558,1910,558,1558,558,1381
109,0.10385,0.10384,0.10383,0.10382,0.10381,0.1038,0.10379,0.10378,0.10377,0.10376,0.1039,0.10392,0.10394,0.10396,0.10397,0.10398,0.10399,0.104,0.10401,0.10402,889,505,505,1040,1676,53,505,558,1676,14518,558,1657,1337,558,1170,1729,3546,558,17,558
110,0.10394,0.10391,0.1039,0.10388,0.10387,0.10386,0.10385,0.10384,0.10383,0.10382,0.10398,0.104,0.10401,0.10402,0.10404,0.10405,0.10406,0.10407,0.10408,0.10409,53,505,772,1424,1241,53,505,1223,4838,14517,1817,168,1046,558,1722,2298,1613,4024,53,505
111,0.1038,0.10379,0.10378,0.10377,0.10376,0.10374,0.10373,0.10372,0.10371,0.1037,0.10384,0.10385,0.10386,0.10387,0.10388,0.1039,0.10391,0.10392,0.10393,0.10394,505,1305,53,1593,559,1290,1762,4676,14464,559,655,694,505,1583,558,856,505,53,1683,53
112,0.10451,0.1045,0.10448,0.10446,0.10444,0.10443,0.10442,0.10441,0.1044,0.10439,0.10455,0.10456,0.10457,0.10458,0.10459,0.1046,0.10461,0.10464,0.10465,0.10466,505,864,1796,1383,1355,505,558,1330,558,505,367,412,505,412,1272,53,1330,1322,14784,53
113,0.10446,0.10445,0.10444,0.10443,0.10442,0.10441,0.1044,0.10439,0.10438,0.10437,0.10452,0.10453,0.10455,0.10456,0.10458,0.10459,0.1046,0.10461,0.10462,0.10464,510,505,53,1244,53,505,1239,505,558,1691,1290,833,505,2200,53,1691,53,505,15198,558
114,0.10479,0.10478,0.10475,0.10474,0.10473,0.10472,0.1047,0.10468,0.10467,0.10466,0.10484,0.10485,0.10486,0.10488,0.10489,0.1049,0.10491,0.10492,0.10493,0.10494,1249,558,1587,53,1585,558,844,53,505,53,53,852,558,558,505,53,1588,53,505,1131
115,0.1052,0.10518,0.10516,0.10514,0.10513,0.10512,0.1051,0.10508,0.10506,0.10505,0.10524,0.10525,0.10526,0.10527,0.10528,0.10529,0.1053,0.10532,0.10534,0.10535,53,53,53,558,1660,558,1607,1607,558,1399,1513,818,558,3795,53,505,53,1434,558,14900
116,0.10506,0.10504,0.10502,0.105,0.10498,0.10497,0.10496,0.10494,0.10493,0.10492,0.10512,0.10513,0.10514,0.10516,0.10518,0.10519,0.1052,0.10522,0.10523,0.10524,53,53,867,942,558,1086,558,1644,1086,14099,1398,1003,558,1652,53,1399,1498,1286,505,53
117,0.10483,0.10482,0.1048,0.10479,0.10478,0.10477,0.10476,0.10475,0.10474,0.10472,0.10489,0.1049,0.10493,0.10494,0.10495,0.10496,0.10497,0.10499,0.105,0.10501,457,53,943,1617,2629,505,53,505,1165,15601,1053,1307,505,961,4215,53,1611,505,14230,949
118,0.10462,0.1046,0.10459,0.10458,0.10457,0.10456,0.10455,0.10454,0.10452,0.10451,0.10471,0.10472,0.10474,0.10476,0.10477,0.10478,0.1048,0.10482,0.10484,0.10485,2219,53,1526,53,1548,53,505,53,1659,14150,3654,558,505,4236,1684,505,1528,1503,558,358
119,0.1048,0.10476,0.10475,0.10473,0.10472,0.1047,0.10468,0.10465,0.10464,0.10463,0.10482,0.10484,0.10486,0.10488,0.10489,0.1049,0.10491,0.10492,0.10493,0.10494,447,852,1109,505,1667,14464,558,505,558,1532,53,53,53,897,2187,53,1614,53,505,1293
120,0.10461,0.1046,0.10458,0.10456,0.10455,0.10454,0.10453,0.10452,0.10451,0.1045,0.1047,0.10471,0.10472,0.10474,0.10475,0.10476,0.10477,0.1048,0.10481,0.10482,1206,558,1660,53,1470,1586,959,2083,5594,15215,440,178,505,847,2189,53,1624,1673,1115,558
121,0.10454,0.10453,0.10452,0.1045,0.10448,0.10446,0.10445,0.10444,0.10442,0.10441,0.10461,0.10462,0.10463,0.10464,0.10466,0.10467,0.10468,0.10469,0.10471,0.10472,1678,505,53,2069,558,1705,1159,558,6191,14464,505,1786,505,53,896,1443,53,505,5101,558
122,0.10458,0.10457,0.10456,0.10453,0.10452,0.1045,0.10448,0.10447,0.10446,0.10445,0.10465,0.10466,0.10468,0.10469,0.10472,0.10473,0.10474,0.10475,0.10476,0.10477,1243,505,53,1719,1769,505,558,1902,2040,505,978,601,943,505,1462,5324,13959,505,53,505
123,0.10456,0.10455,0.10454,0.10453,0.10452,0.10451,0.10448,0.10447,0.10445,0.10444,0.1046,0.10461,0.10462,0.10463,0.10465,0.10466,0.10468,0.10469,0.1047,0.10471,466,505,1374,505,558,1422,558,745,1671,558,150,1374,505,505,1281,1431,53,1650,768,3484
124,0.10461,0.1046,0.10459,0.10457,0.10456,0.10455,0.10453,0.10452,0.10451,0.10448,0.10466,0.10467,0.10468,0.10469,0.1047,0.10472,0.10474,0.10475,0.10476,0.10477,505,1238,505,1443,558,505,1544,558,1579,2091,966,505,1192,753,505,1421,1441,505,53,1259
125,0.10472,0.10471,0.1047,0.10469,0.10468,0.10467,0.10466,0.10465,0.10464,0.10462,0.10476,0.10479,0.1048,0.10482,0.10484,0.10487,0.10488,0.10489,0.1049,0.10491,426,1177,505,1034,505,505,735,505,558,1362,558,770,558,1539,1945,505,53,1204,87,4672
126,0.1048,0.10478,0.10476,0.10474,0.10473,0.10472,0.10471,0.1047,0.10469,0.10468,0.10485,0.10488,0.10489,0.10491,0.10492,0.10493,0.10495,0.10496,0.10497,0.10498,2722,1225,558,723,505,1242,1128,1162,4183,14012,659,1349,505,1280,53,1174,1161,558,1189,1508
127,0.10488,0.10486,0.10484,0.10481,0.1048,0.10479,0.10478,0.10476,0.10474,0.10473,0.10489,0.10491,0.10493,0.10495,0.10497,0.10498,0.105,0.10501,0.10503,0.10504,53,505,558,1465,2722,505,720,558,1528,505,1191,505,1150,1137,645,1150,558,1150,4240,558
128,0.10522,0.10521,0.1052,0.10519,0.10517,0.10516,0.10514,0.10512,0.10511,0.1051,0.10524,0.10527,0.10528,0.1053,0.10531,0.10532,0.10534,0.10535,0.10536,0.10537,427,505,505,1159,505,1152,1160,1213,505,15117,53,505,53,1337,653,1408,505,3754,3916,11248
129,0.10513,0.10512,0.1051,0.10509,0.10508,0.10507,0.10505,0.10504,0.10503,0.10502,0.10516,0.10517,0.1052,0.10523,0.10524,0.10525,0.10526,0.10527,0.10528,0.10529,505,558,505,505,53,505,505,1129,505,5924,417,842,1588,1558,53,505,1943,6565,11311,1474
130,0.10504,0.105,0.10497,0.10496,0.10495,0.10493,0.10492,0.1049,0.10488,0.10487,0.10507,0.10508,0.1051,0.10511,0.10514,0.10515,0.10516,0.10517,0.10518,0.10519,53,2717,505,1018,505,505,53,1668,558,1551,505,4459,553,876,1324,505,558,741,505,271
131,0.10487,0.10486,0.10485,0.10484,0.10482,0.10481,0.1048,0.10478,0.10477,0.10476,0.10495,0.10496,0.10497,0.105,0.10502,0.10503,0.10504,0.10505,0.10506,0.10507,505,1295,505,1608,769,505,558,1440,14464,53,3770,53,505,1521,768,4006,53,505,874,1270
132,0.1048,0.10477,0.10476,0.10473,0.10472,0.10471,0.1047,0.10469,0.10468,0.10466,0.10483,0.10484,0.10485,0.10487,0.10488,0.1049,0.10491,0.10492,0.10494,0.10495,53,505,53,2130,53,1219,17464,139,558,2130,1218,408,408,1316,816,505,1225,116,1317,4912
133,0.10512,0.10511,0.10509,0.10508,0.10506,0.10504,0.10502,0.10501,0.105,0.10499,0.10519,0.1052,0.10524,0.10525,0.10526,0.10527,0.10528,0.10531,0.10532,0.10533,1428,505,505,1022,1730,558,2176,2016,6753,4167,1554,558,1560,505,1603,3700,558,13959,1865,505
134,0.10511,0.1051,0.10509,0.10508,0.10506,0.10504,0.10502,0.105,0.10499,0.10497,0.10519,0.1052,0.10521,0.10523,0.10524,0.10526,0.10527,0.10528,0.1053,0.10531,843,1508,505,18436,505,558,505,8469,13959,505,505,3790,11770,505,558,505,3589,558,4672,13959
135,0.10487,0.10486,0.10484,0.10481,0.1048,0.10477,0.10476,0.10475,0.10473,0.10472,0.10492,0.10494,0.10495,0.10497,0.10499,0.105,0.10501,0.10502,0.10503,0.10504,466,13855,53,505,53,505,53,505,1717,53,1689,278,2034,2337,505,3222,13959,505,3719,558
136,0.10488,0.10487,0.10486,0.10485,0.10483,0.10482,0.10481,0.1048,0.10479,0.10478,0.10492,0.10493,0.10494,0.10495,0.10496,0.10497,0.10499,0.105,0.10502,0.10503,474,1409,1040,164,505,870,505,53,1141,505,53,505,1475,505,1658,1680,505,558,1649,3806
137,0.10518,0.10517,0.10516,0.10515,0.10512,0.10509,0.10508,0.10507,0.10506,0.10504,0.10524,0.10525,0.10527,0.10528,0.1053,0.10532,0.10534,0.10535,0.10536,0.10538,1315,1363,505,505,1699,1699,1488,4167,15486,2765,505,929,4243,53,505,1631,818,3981,4124,505
138,0.10508,0.10504,0.10502,0.105,0.10499,0.10497,0.10496,0.10495,0.10494,0.10492,0.10514,0.10515,0.10516,0.10517,0.10518,0.1052,0.10521,0.10522,0.10524,0.10525,53,1505,1579,53,1720,505,53,1525,1666,1058,1227,8698,505,969,505,53,505,11769,53,505
139,0.10475,0.10473,0.10472,0.1047,0.10468,0.10466,0.10464,0.10463,0.10462,0.10461,0.10481,0.10484,0.10487,0.10488,0.10489,0.10491,0.10492,0.10494,0.10495,0.10496,505,904,558,1694,558,1695,662,1190,505,1531,1095,1748,1387,969,3049,505,1246,505,4612,558
140,0.10468,0.10464,0.10461,0.1046,0.10458,0.10457,0.10456,0.10454,0.10452,0.10451,0.10471,0.10472,0.10473,0.10475,0.10476,0.10479,0.1048,0.10481,0.10483,0.10484,53,558,1718,558,1718,731,558,2122,1771,3697,965,1213,505,1019,1356,8035,452,655,1683,558
141,0.10467,0.10465,0.10463,0.10462,0.10461,0.1046,0.10459,0.10458,0.10456,0.10454,0.10474,0.10475,0.10476,0.10477,0.10479,0.1048,0.10482,0.10484,0.10485,0.10487,663,505,1655,505,1243,558,1517,505,558,1745,2275,505,53,1386,505,1044,1666,53,1748,5318
142,0.10376,0.10375,0.10373,0.10372,0.10371,0.1037,0.10369,0.10368,0.10366,0.10364,0.10382,0.10383,0.10384,0.10385,0.10387,0.1039,0.10392,0.10394,0.10395,0.10396,54,505,1779,559,505,1029,713,559,1786,1827,1574,505,505,1531,505,2081,1251,14043,505,112
143,0.10355,0.10354,0.10351,0.10349,0.10348,0.10347,0.10346,0.10345,0.10344,0.10343,0.10363,0.10364,0.10366,0.10368,0.1037,0.10371,0.10372,0.10373,0.10375,0.10376,663,1059,1537,215,1261,1715,3882,1429,54,505,1859,823,1513,1529,1207,505,137,1769,505,1195
144,0.10356,0.10353,0.10352,0.10351,0.10349,0.10348,0.10347,0.10346,0.10344,0.10342,0.10364,0.10367,0.10368,0.10371,0.10372,0.10373,0.10375,0.10376,0.10377,0.10378,990,2233,1194,505,1651,559,1197,4008,559,4050,54,1035,54,2053,137,505,2169,4221,13959,505
145,0.10375,0.10374,0.10373,0.10371,0.10369,0.10367,0.10365,0.10364,0.10363,0.10361,0.10384,0.10388,0.1039,0.10392,0.10393,0.10394,0.10395,0.10396,0.10399,0.104,2592,2155,505,505,1458,1499,505,54,15626,505,53,53,1673,558,1701,5201,14464,53,505,53
146,0.10372,0.1037,0.10369,0.10368,0.10365,0.10364,0.10363,0.10362,0.10361,0.1036,0.10379,0.1038,0.10383,0.10384,0.10386,0.10388,0.10391,0.10392,0.10393,0.10394,527,1687,5285,559,505,54,505,1579,14464,6374,527,1170,1184,1201,505,1685,1833,53,589,2683
147,0.10377,0.10376,0.10373,0.10372,0.10371,0.1037,0.10369,0.10368,0.10365,0.10364,0.10388,0.1039,0.10392,0.10395,0.10396,0.10398,0.10399,0.104,0.10401,0.10402,2291,652,1083,559,1181,505,1216,559,2467,3384,1394,505,1876,1590,53,1781,1624,558,1564,1527
148,0.10381,0.1038,0.10378,0.10376,0.10373,0.10372,0.10371,0.1037,0.10369,0.10368,0.1039,0.10391,0.10392,0.10395,0.10396,0.10398,0.10399,0.104,0.10401,0.10402,1742,53,505,559,1127,1510,13959,505,1216,559,1016,505,558,2091,53,1694,84,617,1557,505
149,0.10393,0.10392,0.10389,0.10388,0.10384,0.10383,0.10382,0.10381,0.1038,0.10378,0.10397,0.10398,0.10399,0.104,0.10404,0.10406,0.10408,0.10411,0.10412,0.10413,123,53,1571,558,2412,704,505,1493,14517,505,494,505,505,505,1988,505,1570,1625,7933,14464
150,0.10404,0.10402,0.104,0.10399,0.10397,0.10396,0.10395,0.10392,0.10391,0.1039,0.10407,0.10408,0.10409,0.1041,0.10413,0.10414,0.10415,0.10416,0.10419,0.1042,53,57,53,505,1677,53,505,1795,505,929,488,505,505,505,2025,2776,505,558,1605,558
151,0.10392,0.10391,0.1039,0.10389,0.10388,0.10385,0.10384,0.10383,0.10382,0.10381,0.10399,0.104,0.10402,0.10403,0.10404,0.10406,0.10407,0.10408,0.10409,0.1041,505,1249,505,505,558,1722,558,505,1467,505,505,1755,505,505,558,1282,505,53,965,1398
152,0.10379,0.10377,0.10376,0.10374,0.10372,0.10371,0.1037,0.10369,0.10368,0.10366,0.10381,0.10386,0.10388,0.1039,0.10391,0.10392,0.10394,0.10395,0.10396,0.10397,9730,505,559,505,559,697,3000,505,559,977,189,1468,1557,505,505,558,5720,13959,558,143
153,0.10403,0.10401,0.104,0.10399,0.10397,0.10396,0.10393,0.10392,0.10391,0.1039,0.10404,0.10407,0.10408,0.1041,0.10412,0.10413,0.10414,0.10415,0.10416,0.10417,505,1277,1159,505,892,334,1275,505,1376,505,53,505,53,505,823,14464,85,505,558,60
154,0.10398,0.10397,0.10396,0.10395,0.10393,0.10392,0.10391,0.10389,0.10388,0.10385,0.10404,0.10405,0.10406,0.10407,0.10408,0.10409,0.10411,0.10412,0.10414,0.10416,1095,505,53,505,1193,558,1287,1265,53,1855,1626,505,1210,505,831,505,1287,558,1676,1419
155,0.10389,0.10388,0.10387,0.10385,0.10384,0.10381,0.1038,0.10378,0.10376,0.10375,0.10394,0.10395,0.10396,0.10399,0.104,0.10402,0.10403,0.10404,0.10405,0.10406,1296,4386,9914,505,558,505,558,505,559,7719,655,1347,558,1430,53,1333,505,892,1271,1276
156,0.10393,0.10392,0.10391,0.1039,0.10389,0.10388,0.10387,0.10385,0.10384,0.10383,0.10396,0.10398,0.10399,0.104,0.10401,0.10403,0.10404,0.10405,0.10406,0.10407,505,505,1487,505,1441,505,1486,1176,53,1461,53,1386,505,1008,505,505,53,1461,1276,1486
157,0.10395,0.10394,0.10392,0.10391,0.10389,0.10388,0.10387,0.10385,0.10384,0.10383,0.10399,0.104,0.10401,0.10403,0.10404,0.10405,0.10406,0.10407,0.10408,0.10409,505,1332,1455,1491,505,1543,505,1488,1059,1228,505,558,1475,1480,53,1480,1276,1480,53,1181
