timestamp,bid_price_0,bid_price_1,bid_price_2,bid_price_3,bid_price_4,bid_price_5,bid_price_6,bid_price_7,bid_price_8,bid_price_9,ask_price_0,ask_price_1,ask_price_2,ask_price_3,ask_price_4,ask_price_5,ask_price_6,ask_price_7,ask_price_8,ask_price_9,bid_size_0,bid_size_1,bid_size_2,bid_size_3,bid_size_4,bid_size_5,bid_size_6,bid_size_7,bid_size_8,bid_size_9,ask_size_0,ask_size_1,ask_size_2,ask_size_3,ask_size_4,ask_size_5,ask_size_6,ask_size_7,ask_size_8,ask_size_9
0,0.0004,0.000399,0.000398,0.000397,0.000396,0.000395,0.000394,0.000393,0.000392,0.000391,0.000401,0.000402,0.000403,0.000404,0.000405,0.000406,0.000407,0.000408,0.000409,0.00041,6434122,25088621,23917832,9275621,7522275,2376395,1319115,5996752,960847,216336,259997,10864873,9867576,7374714,8014475,775366,880598,914784,640880,2720553
1,0.0004,0.000399,0.000398,0.000397,0.000396,0.000395,0.000394,0.000393,0.000392,0.000391,0.000401,0.000402,0.000403,0.000404,0.000405,0.000406,0.000407,0.000408,0.000409,0.00041,11201603,25266746,23487718,7858476,7522275,3243533,1319115,5996752,960847,216336,59997,4030167,16845890,5367515,8014475,775366,880598,914784,640880,2720553
2,0.0004,0.000399,0.000398,0.000397,0.000396,0.000395,0.000394,0.000393,0.000392,0.000391,0.000401,0.000402,0.000403,0.000404,0.000405,0.000406,0.000407,0.000408,0.000409,0.00041,11233024,25266746,23423690,7984138,7954749,2809964,1319115,5996752,960847,216336,424585,7550766,16845890,5367515,8014475,775366,880598,1334538,222152,2720553
3,0.0004,0.000399,0.000398,0.000397,0.000396,0.000395,0.000394,0.000393,0.000392,0.000391,0.000401,0.000402,0.000403,0.000404,0.000405,0.000406,0.000407,0.000408,0.000409,0.00041,11293744,25195910,23467443,7940278,7522275,2809964,1753784,5996752,960847,216336,59997,7549792,16845890,5367515,8014475,775366,880598,1334538,222152,2720553
4,0.0004,0.000399,0.000398,0.000397,0.000396,0.000395,0.000394,0.000393,0.000392,0.000391,0.000402,0.000403,0.000404,0.000405,0.000406,0.000407,0.000408,0.000409,0.00041,0.000411,15603987,30095043,16917050,9007786,6435437,2376395,1753784,5996752,960847,216336,2718136,10087807,13831694,8012495,775366,880598,914784,993189,2720553,200000
5,0.0004,0.000399,0.000398,0.000397,0.000396,0.000395,0.000394,0.000393,0.000392,0.000391,0.000402,0.000403,0.000404,0.000405,0.000406,0.000407,0.000408,0.000409,0.00041,0.000411,17631258,32965817,16879277,8717302,6435437,2376395,1319115,5996752,960847,216336,2718136,8074842,15838893,8012495,775366,880598,914784,993189,2720553,200000
6,0.0004,0.000399,0.000398,0.000397,0.000396,0.000395,0.000394,0.000393,0.000392,0.000391,0.000402,0.000403,0.000404,0.000405,0.000406,0.000407,0.000408,0.000409,0.00041,0.000411,17631258,28911630,12742497,8285917,6002963,3243533,1319115,5996752,960847,216336,2718136,8074842,15838893,8012495,775366,880598,914784,993189,2720553,616690
7,0.0004,0.000399,0.000398,0.000397,0.000396,0.000395,0.000394,0.000393,0.000392,0.000391,0.000402,0.000403,0.000404,0.000405,0.000406,0.000407,0.000408,0.000409,0.00041,0.000411,17631258,29054593,12742497,9459846,5570489,3243533,1753784,5996752,960847,216336,2718136,14901026,9021210,8012495,775366,880598,914784,993189,2720553,616690
8,0.000401,0.0004,0.000399,0.000398,0.000397,0.000396,0.000395,0.000394,0.000393,0.000392,0.000402,0.000403,0.000404,0.000405,0.000406,0.000407,0.000408,0.000409,0.00041,0.000411,164588,16151751,21884346,13024419,7538868,5570489,3243533,1753784,5996752,960847,2718136,8074842,15838893,8012495,775366,880598,914784,993189,2720553,616690
9,0.000401,0.0004,0.000399,0.000398,0.000397,0.000396,0.000395,0.000394,0.000393,0.000392,0.000402,0.000403,0.000404,0.000405,0.000406,0.000407,0.000408,0.000409,0.00041,0.000411,164588,14588760,21741383,13788073,7048615,5570489,2376395,2623122,6432527,960847,2704623,8074842,15838893,8012495,775366,880598,914784,1411917,2720553,200000
10,0.0004,0.000399,0.000398,0.000397,0.000396,0.000395,0.000394,0.000393,0.000392,0.000391,0.000402,0.000403,0.000404,0.000405,0.000406,0.000407,0.000408,0.000409,0.00041,0.000411,14446154,21884346,13729353,9201659,5570489,1942826,2623122,6432527,960847,216336,2671801,8074842,15838893,8012495,775366,880598,914784,993189,2720553,616690
11,0.0004,0.000399,0.000398,0.000397,0.000396,0.000395,0.000394,0.000393,0.000392,0.000391,0.000402,0.000403,0.000404,0.000405,0.000406,0.000407,0.000408,0.000409,0.00041,0.000411,11725185,23916698,13687596,9245519,5570489,2809964,2188453,5996752,960847,216336,2671801,16913206,7014011,8012495,775366,880598,914784,993189,2720553,616690
12,0.0004,0.000399,0.000398,0.000397,0.000396,0.000395,0.000394,0.000393,0.000392,0.000391,0.000402,0.000403,0.000404,0.000405,0.000406,0.000407,0.000408,0.000409,0.00041,0.000411,11867791,20742544,13731346,9201659,5570489,2809964,2188453,5996752,960847,216336,3771801,16442531,7624876,6772305,775366,880598,914784,993189,3138260,200000
13,0.0004,0.000399,0.000398,0.000397,0.000396,0.000395,0.000394,0.000393,0.000392,0.000391,0.000401,0.000402,0.000403,0.000404,0.000405,0.000406,0.000407,0.000408,0.000409,0.00041,10038558,21113959,14825392,10148399,5637264,1942826,2623122,6432527,960847,216336,200000,4023942,16442531,7624876,6772305,775366,880598,914784,993189,3138260
14,0.0004,0.000399,0.000398,0.000397,0.000396,0.000395,0.000394,0.000393,0.000392,0.000391,0.000402,0.000403,0.000404,0.000405,0.000406,0.000407,0.000408,0.000409,0.00041,0.000411,14646709,22465691,10169657,11181447,5637264,2809964,2623122,5996752,960847,216336,2870306,15983194,7624876,6772305,775366,880598,914784,993189,3138260,200000
15,0.0004,0.000399,0.000398,0.000397,0.000396,0.000395,0.000394,0.000393,0.000392,0.000391,0.000401,0.000402,0.000403,0.000404,0.000405,0.000406,0.000407,0.000408,0.000409,0.00041,7195121,17011402,17913094,10270427,5637264,2376395,3057791,5996752,960847,216336,200000,8553932,15983194,6607705,6772305,775366,1301384,914784,993189,2720553
16,0.000399,0.000398,0.000397,0.000396,0.000395,0.000394,0.000393,0.000392,0.000391,0.00039,0.000401,0.000402,0.000403,0.000404,0.000405,0.000406,0.000407,0.000408,0.000409,0.00041,16856035,28423054,18398840,5804757,3106397,3057791,6432527,960847,216336,228058,2677296,15803682,8575682,7712650,5686059,775366,1301384,914784,993189,2720553
17,0.000397,0.000396,0.000395,0.000394,0.000393,0.000392,0.000391,0.00039,0.000389,0.000388,0.000398,0.000399,0.0004,0.000401,0.000402,0.000403,0.000404,0.000405,0.000406,0.000407,11729489,25337355,13413634,4389149,7954533,960847,1366506,228058,281633,200000,59450,24416911,18274016,6109190,9257631,3233646,1098767,3743878,775366,880598
18,0.000397,0.000396,0.000395,0.000394,0.000393,0.000392,0.000391,0.00039,0.000389,0.000388,0.000399,0.0004,0.000401,0.000402,0.000403,0.000404,0.000405,0.000406,0.000407,0.000408,18216181,30951907,13413645,5459570,7518758,2271508,1804510,228058,281633,200000,19231239,15289119,9840537,9257631,1221466,1098767,3321014,1197188,880598,914784
19,0.000397,0.000396,0.000395,0.000394,0.000393,0.000392,0.000391,0.00039,0.000389,0.000388,0.000399,0.0004,0.000401,0.000402,0.000403,0.000404,0.000405,0.000406,0.000407,0.000408,17662275,32723344,13108952,4916119,7082983,2708395,1804510,228058,281633,200000,18131628,16389119,9840537,9257631,1221466,1098767,3321014,1197188,880598,914784
20,0.000398,0.000397,0.000396,0.000395,0.000394,0.000393,0.000392,0.000391,0.00039,0.000389,0.000399,0.0004,0.000401,0.000402,0.000403,0.000404,0.000405,0.000406,0.000407,0.000408,6291721,27626228,32843192,5615696,2779537,5996752,2271508,654340,228058,281633,225659,8108099,20595184,9093452,1221466,1098767,7222230,1197188,880598,914784
21,0.000398,0.000397,0.000396,0.000395,0.000394,0.000393,0.000392,0.000391,0.00039,0.000389,0.000399,0.0004,0.000401,0.000402,0.000403,0.000404,0.000405,0.000406,0.000407,0.000408,4742893,30845959,28900468,5615696,2344868,7304077,1834621,216336,228058,281633,260246,7008099,21695184,9093452,1221466,1098767,7222230,1197188,880598,914784
22,0.000398,0.000397,0.000396,0.000395,0.000394,0.000393,0.000392,0.000391,0.00039,0.000389,0.000399,0.0004,0.000401,0.000402,0.000403,0.000404,0.000405,0.000406,0.000407,0.000408,8307187,31263902,21469281,5548741,3648875,6868302,960847,216336,228058,281633,259161,7008099,19668506,11115066,1221466,1098767,7222230,1197188,880598,914784
23,0.000399,0.000398,0.000397,0.000396,0.000395,0.000394,0.000393,0.000392,0.000391,0.00039,0.0004,0.000401,0.000402,0.000403,0.000404,0.000405,0.000406,0.000407,0.000408,0.000409,482191,16702606,34137752,14257004,5414352,4083544,6432527,960847,216336,228058,7494568,18402492,11115066,2461656,1098767,7222230,1197188,880598,914784,222152
24,0.000399,0.000398,0.000397,0.000396,0.000395,0.000394,0.000393,0.000392,0.000391,0.00039,0.0004,0.000401,0.000402,0.000403,0.000404,0.000405,0.000406,0.000407,0.000408,0.000409,482191,18743972,33578235,14197964,5847921,3648875,5996752,1397734,216336,228058,7494568,18402492,11115066,2461656,1098767,7222230,775366,1301384,914784,222152
25,0.000399,0.000398,0.000397,0.000396,0.000395,0.000394,0.000393,0.000392,0.000391,0.00039,0.0004,0.000401,0.000402,0.000403,0.000404,0.000405,0.000406,0.000407,0.000408,0.000409,482191,18743972,33559373,14197964,5847921,3648875,5996752,1397734,216336,228058,7494568,18402492,11115066,2461656,1098767,7222230,775366,1301384,914784,222152
26,0.0004,0.000399,0.000398,0.000397,0.000396,0.000395,0.000394,0.000393,0.000392,0.000391,0.000401,0.000402,0.000403,0.000404,0.000405,0.000406,0.000407,0.000408,0.000409,0.00041,425737,20869243,27472965,11251964,11621327,6952614,1690573,5996752,1397734,216336,3693507,19936825,5625531,2207482,7222230,775366,880598,1334538,222152,2720553
27,0.0004,0.000399,0.000398,0.000397,0.000396,0.000395,0.000394,0.000393,0.000392,0.000391,0.000401,0.000402,0.000403,0.000404,0.000405,0.000406,0.000407,0.000408,0.000409,0.00041,9432117,26965144,23005631,7009815,7779412,4290341,1255904,6432527,960847,216336,74059,10319870,18625610,7736950,8176697,775366,880598,1334538,222152,2720553
28,0.0004,0.000399,0.000398,0.000397,0.000396,0.000395,0.000394,0.000393,0.000392,0.000391,0.000401,0.000402,0.000403,0.000404,0.000405,0.000406,0.000407,0.000408,0.000409,0.00041,5462187,26975679,23057776,8432811,6391479,4290341,1255904,5996752,960847,216336,17829510,9524882,17891702,5371905,8190322,3140411,880598,1334538,222152,2720553
29,0.000401,0.0004,0.000399,0.000398,0.000397,0.000396,0.000395,0.000394,0.000393,0.000392,0.000402,0.000403,0.000404,0.000405,0.000406,0.000407,0.000408,0.000409,0.00041,0.000411,424735,14818025,35646801,12879914,6524955,7494174,2752079,1690573,5996752,960847,5934801,17277972,5895108,9430512,3140411,880598,914784,640880,2720553,971037
30,0.000401,0.0004,0.000399,0.000398,0.000397,0.000396,0.000395,0.000394,0.000393,0.000392,0.000402,0.000403,0.000404,0.000405,0.000406,0.000407,0.000408,0.000409,0.00041,0.000411,9585465,30118533,15639688,13378256,5138777,7926648,1884941,1690573,5996752,960847,1892222,15679298,10428512,8462420,4100535,880598,914784,222152,3138260,971037
31,0.0004,0.000399,0.000398,0.000397,0.000396,0.000395,0.000394,0.000393,0.000392,0.000391,0.000402,0.000403,0.000404,0.000405,0.000406,0.000407,0.000408,0.000409,0.00041,0.000411,9120528,29017174,24197343,7387885,7503202,1884941,1255904,5996752,960847,216336,6530749,14722874,8622028,8327344,3140411,880598,914784,222152,2720553,971037
32,0.0004,0.000399,0.000398,0.000397,0.000396,0.000395,0.000394,0.000393,0.000392,0.000391,0.000402,0.000403,0.000404,0.000405,0.000406,0.000407,0.000408,0.000409,0.00041,0.000411,10289931,27048494,22966117,7387885,7070728,1884941,1255904,5996752,960847,216336,6427878,14722874,8622028,8327344,3140411,880598,914784,222152,2720553,971037
33,0.0004,0.000399,0.000398,0.000397,0.000396,0.000395,0.000394,0.000393,0.000392,0.000391,0.000402,0.000403,0.000404,0.000405,0.000406,0.000407,0.000408,0.000409,0.00041,0.000411,9607179,28289961,21594906,6956500,7503202,1884941,1255904,5996752,960847,216336,6427878,14731375,8622028,8327344,3140411,880598,914784,222152,2720553,971037
34,0.0004,0.000399,0.000398,0.000397,0.000396,0.000395,0.000394,0.000393,0.000392,0.000391,0.000402,0.000403,0.000404,0.000405,0.000406,0.000407,0.000408,0.000409,0.00041,0.000411,10199656,26355317,21334421,8339717,7935676,1884941,1255904,5996752,960847,216336,4562990,14731375,10489027,8327344,3140411,880598,914784,222152,2720553,971037
35,0.0004,0.000399,0.000398,0.000397,0.000396,0.000395,0.000394,0.000393,0.000392,0.000391,0.000402,0.000403,0.000404,0.000405,0.000406,0.000407,0.000408,0.000409,0.00041,0.000411,9281099,25587442,23643530,7908332,7503202,2318510,1255904,5996752,960847,216336,4562990,14731375,10489027,8327344,3140411,880598,914784,222152,2720553,971037
36,0.0004,0.000399,0.000398,0.000397,0.000396,0.000395,0.000394,0.000393,0.000392,0.000391,0.000402,0.000403,0.000404,0.000405,0.000406,0.000407,0.000408,0.000409,0.00041,0.000411,9523497,21727645,24192917,7908332,7935676,2318510,1255904,5996752,960847,216336,4562990,14731375,10489027,8327344,3140411,880598,914784,222152,2720553,971037
37,0.0004,0.000399,0.000398,0.000397,0.000396,0.000395,0.000394,0.000393,0.000392,0.000391,0.000402,0.000403,0.000404,0.000405,0.000406,0.000407,0.000408,0.000409,0.00041,0.000411,8839160,29693283,12259806,8654553,7503202,2752079,1255904,5996752,960847,216336,4562990,16746717,8479094,8327344,3140411,880598,914784,222152,2720553,971037
38,0.0004,0.000399,0.000398,0.000397,0.000396,0.000395,0.000394,0.000393,0.000392,0.000391,0.000402,0.000403,0.000404,0.000405,0.000406,0.000407,0.000408,0.000409,0.00041,0.000411,9586553,31774087,12259806,8654553,7070728,3185648,1255904,5996752,960847,216336,4562990,16746717,8479094,8327344,3140411,880598,914784,222152,2720553,971037
39,0.0004,0.000399,0.000398,0.000397,0.000396,0.000395,0.000394,0.000393,0.000392,0.000391,0.000402,0.000403,0.000404,0.000405,0.000406,0.000407,0.000408,0.000409,0.00041,0.000411,9436401,31775855,12259806,8654553,7503202,2752079,1255904,5996752,960847,216336,4605384,16746717,8479094,8327344,3140411,880598,914784,222152,2720553,971037
40,0.0004,0.000399,0.000398,0.000397,0.000396,0.000395,0.000394,0.000393,0.000392,0.000391,0.000402,0.000403,0.000404,0.000405,0.000406,0.000407,0.000408,0.000409,0.00041,0.000411,9545044,31775847,11829505,9085938,7070728,3185648,1255904,5996752,960847,216336,3505384,17846717,8479094,8327344,3140411,880598,914784,222152,2720553,1387727
