timestamp,bid_price_0,bid_price_1,bid_price_2,bid_price_3,bid_price_4,bid_price_5,bid_price_6,bid_price_7,bid_price_8,bid_price_9,ask_price_0,ask_price_1,ask_price_2,ask_price_3,ask_price_4,ask_price_5,ask_price_6,ask_price_7,ask_price_8,ask_price_9,bid_size_0,bid_size_1,bid_size_2,bid_size_3,bid_size_4,bid_size_5,bid_size_6,bid_size_7,bid_size_8,bid_size_9,ask_size_0,ask_size_1,ask_size_2,ask_size_3,ask_size_4,ask_size_5,ask_size_6,ask_size_7,ask_size_8,ask_size_9
0,0.0004,0.000399,0.000398,0.000397,0.000396,0.000395,0.000394,0.000393,0.000392,0.000391,0.000401,0.000402,0.000403,0.000404,0.000405,0.000406,0.000407,0.000408,0.000409,0.00041,6434122,25088621,23917832,9275621,7522275,2376395,1319115,5996752,960847,216336,259997,10864873,9867576,7374714,8014475,775366,880598,914784,640880,2720553
1,0.0004,0.000399,0.000398,0.000397,0.000396,0.000395,0.000394,0.000393,0.000392,0.000391,0.000401,0.000402,0.000403,0.000404,0.000405,0.000406,0.000407,0.000408,0.000409,0.00041,11201603,25266746,23487718,7858476,7522275,3243533,1319115,5996752,960847,216336,59997,4030167,16845890,5367515,8014475,775366,880598,914784,640880,2720553
2,0.0004,0.000399,0.000398,0.000397,0.000396,0.000395,0.000394,0.000393,0.000392,0.000391,0.000401,0.000402,0.000403,0.000404,0.000405,0.000406,0.000407,0.000408,0.000409,0.00041,11233024,25266746,23423690,7984138,7954749,2809964,1319115,5996752,960847,216336,424585,7550766,16845890,5367515,8014475,775366,880598,1334538,222152,2720553
3,0.0004,0.000399,0.000398,0.000397,0.000396,0.000395,0.000394,0.000393,0.000392,0.000391,0.000401,0.000402,0.000403,0.000404,0.000405,0.000406,0.000407,0.000408,0.000409,0.00041,11293744,25195910,23467443,7940278,7522275,2809964,1753784,5996752,960847,216336,59997,7549792,16845890,5367515,8014475,775366,880598,1334538,222152,2720553
4,0.0004,0.000399,0.000398,0.000397,0.000396,0.000395,0.000394,0.000393,0.000392,0.000391,0.000402,0.000403,0.000404,0.000405,0.000406,0.000407,0.000408,0.000409,0.00041,0.000411,15603987,30095043,16917050,9007786,6435437,2376395,1753784,5996752,960847,216336,2718136,10087807,13831694,8012495,775366,880598,914784,993189,2720553,200000
5,0.0004,0.000399,0.000398,0.000397,0.000396,0.000395,0.000394,0.000393,0.000392,0.000391,0.000402,0.000403,0.000404,0.000405,0.000406,0.000407,0.000408,0.000409,0.00041,0.000411,17631258,32965817,16879277,8717302,6435437,2376395,1319115,5996752,960847,216336,2718136,8074842,15838893,8012495,775366,880598,914784,993189,2720553,200000
6,0.0004,0.000399,0.000398,0.000397,0.000396,0.000395,0.000394,0.000393,0.000392,0.000391,0.000402,0.000403,0.000404,0.000405,0.000406,0.000407,0.000408,0.000409,0.00041,0.000411,17631258,28911630,12742497,8285917,6002963,3243533,1319115,5996752,960847,216336,2718136,8074842,15838893,8012495,775366,880598,914784,993189,2720553,616690
7,0.0004,0.000399,0.000398,0.000397,0.000396,0.000395,0.000394,0.000393,0.000392,0.000391,0.000402,0.000403,0.000404,0.000405,0.000406,0.000407,0.000408,0.000409,0.00041,0.000411,17631258,29054593,12742497,9459846,5570489,3243533,1753784,5996752,960847,216336,2718136,14901026,9021210,8012495,775366,880598,914784,993189,2720553,616690
8,0.000401,0.0004,0.000399,0.000398,0.000397,0.000396,0.000395,0.000394,0.000393,0.000392,0.000402,0.000403,0.000404,0.000405,0.000406,0.000407,0.000408,0.000409,0.00041,0.000411,164588,16151751,21884346,13024419,7538868,5570489,3243533,1753784,5996752,960847,2718136,8074842,15838893,8012495,775366,880598,914784,993189,2720553,616690
9,0.000401,0.0004,0.000399,0.000398,0.000397,0.000396,0.000395,0.000394,0.000393,0.000392,0.000402,0.000403,0.000404,0.000405,0.000406,0.000407,0.000408,0.000409,0.00041,0.000411,164588,14588760,21741383,13788073,7048615,5570489,2376395,2623122,6432527,960847,2704623,8074842,15838893,8012495,775366,880598,914784,1411917,2720553,200000
10,0.0004,0.000399,0.000398,0.000397,0.000396,0.000395,0.000394,0.000393,0.000392,0.000391,0.000402,0.000403,0.000404,0.000405,0.000406,0.000407,0.000408,0.000409,0.00041,0.000411,14446154,21884346,13729353,9201659,5570489,1942826,2623122,6432527,960847,216336,2671801,8074842,15838893,8012495,775366,880598,914784,993189,2720553,616690
11,0.0004,0.000399,0.000398,0.000397,0.000396,0.000395,0.000394,0.000393,0.000392,0.000391,0.000402,0.000403,0.000404,0.000405,0.000406,0.000407,0.000408,0.000409,0.00041,0.000411,11725185,23916698,13687596,9245519,5570489,2809964,2188453,5996752,960847,216336,2671801,16913206,7014011,8012495,775366,880598,914784,993189,2720553,616690
12,0.0004,0.000399,0.000398,0.000397,0.000396,0.000395,0.000394,0.000393,0.000392,0.000391,0.000402,0.000403,0.000404,0.000405,0.000406,0.000407,0.000408,0.000409,0.00041,0.000411,11867791,20742544,13731346,9201659,5570489,2809964,2188453,5996752,960847,216336,3771801,16442531,7624876,6772305,775366,880598,914784,993189,3138260,200000
13,0.0004,0.000399,0.000398,0.000397,0.000396,0.000395,0.000394,0.000393,0.000392,0.000391,0.000401,0.000402,0.000403,0.000404,0.000405,0.000406,0.000407,0.000408,0.000409,0.00041,10038558,21113959,14825392,10148399,5637264,1942826,2623122,6432527,960847,216336,200000,4023942,16442531,7624876,6772305,775366,880598,914784,993189,3138260
14,0.0004,0.000399,0.000398,0.000397,0.000396,0.000395,0.000394,0.000393,0.000392,0.000391,0.000402,0.000403,0.000404,0.000405,0.000406,0.000407,0.000408,0.000409,0.00041,0.000411,14646709,22465691,10169657,11181447,5637264,2809964,2623122,5996752,960847,216336,2870306,15983194,7624876,6772305,775366,880598,914784,993189,3138260,200000
15,0.0004,0.000399,0.000398,0.000397,0.000396,0.000395,0.000394,0.000393,0.000392,0.000391,0.000401,0.000402,0.000403,0.000404,0.000405,0.000406,0.000407,0.000408,0.000409,0.00041,7195121,17011402,17913094,10270427,5637264,2376395,3057791,5996752,960847,216336,200000,8553932,15983194,6607705,6772305,775366,1301384,914784,993189,2720553
16,0.000399,0.000398,0.000397,0.000396,0.000395,0.000394,0.000393,0.000392,0.000391,0.00039,0.000401,0.000402,0.000403,0.000404,0.000405,0.000406,0.000407,0.000408,0.000409,0.00041,16856035,28423054,18398840,5804757,3106397,3057791,6432527,960847,216336,228058,2677296,15803682,8575682,7712650,5686059,775366,1301384,914784,993189,2720553
17,0.000397,0.000396,0.000395,0.000394,0.000393,0.000392,0.000391,0.00039,0.000389,0.000388,0.000398,0.000399,0.0004,0.000401,0.000402,0.000403,0.000404,0.000405,0.000406,0.000407,11729489,25337355,13413634,4389149,7954533,960847,1366506,228058,281633,200000,59450,24416911,18274016,6109190,9257631,3233646,1098767,3743878,775366,880598
18,0.000397,0.000396,0.000395,0.000394,0.000393,0.000392,0.000391,0.00039,0.000389,0.000388,0.000399,0.0004,0.000401,0.000402,0.000403,0.000404,0.000405,0.000406,0.000407,0.000408,18216181,30951907,13413645,5459570,7518758,2271508,1804510,228058,281633,200000,19231239,15289119,9840537,9257631,1221466,1098767,3321014,1197188,880598,914784
19,0.000397,0.000396,0.000395,0.000394,0.000393,0.000392,0.000391,0.00039,0.000389,0.000388,0.000399,0.0004,0.000401,0.000402,0.000403,0.000404,0.000405,0.000406,0.000407,0.000408,17662275,32723344,13108952,4916119,7082983,2708395,1804510,228058,281633,200000,18131628,16389119,9840537,9257631,1221466,1098767,3321014,1197188,880598,914784
20,0.000398,0.000397,0.000396,0.000395,0.000394,0.000393,0.000392,0.000391,0.00039,0.000389,0.000399,0.0004,0.000401,0.000402,0.000403,0.000404,0.000405,0.000406,0.000407,0.000408,6291721,27626228,32843192,5615696,2779537,5996752,2271508,654340,228058,281633,225659,8108099,20595184,9093452,1221466,1098767,7222230,1197188,880598,914784
21,0.000398,0.000397,0.000396,0.000395,0.000394,0.000393,0.000392,0.000391,0.00039,0.000389,0.000399,0.0004,0.000401,0.000402,0.000403,0.000404,0.000405,0.000406,0.000407,0.000408,4742893,30845959,28900468,5615696,2344868,7304077,1834621,216336,228058,281633,260246,7008099,21695184,9093452,1221466,1098767,7222230,1197188,880598,914784
22,0.000398,0.000397,0.000396,0.000395,0.000394,0.000393,0.000392,0.000391,0.00039,0.000389,0.000399,0.0004,0.000401,0.000402,0.000403,0.000404,0.000405,0.000406,0.000407,0.000408,8307187,31263902,21469281,5548741,3648875,6868302,960847,216336,228058,281633,259161,7008099,19668506,11115066,1221466,1098767,7222230,1197188,880598,914784
23,0.000399,0.000398,0.000397,0.000396,0.000395,0.000394,0.000393,0.000392,0.000391,0.00039,0.0004,0.000401,0.000402,0.000403,0.000404,0.000405,0.000406,0.000407,0.000408,0.000409,482191,16702606,34137752,14257004,5414352,4083544,6432527,960847,216336,228058,7494568,18402492,11115066,2461656,1098767,7222230,1197188,880598,914784,222152
24,0.000399,0.000398,0.000397,0.000396,0.000395,0.000394,0.000393,0.000392,0.000391,0.00039,0.0004,0.000401,0.000402,0.000403,0.000404,0.000405,0.000406,0.000407,0.000408,0.000409,482191,18743972,33578235,14197964,5847921,3648875,5996752,1397734,216336,228058,7494568,18402492,11115066,2461656,1098767,7222230,775366,1301384,914784,222152
25,0.000399,0.000398,0.000397,0.000396,0.000395,0.000394,0.000393,0.000392,0.000391,0.00039,0.0004,0.000401,0.000402,0.000403,0.000404,0.000405,0.000406,0.000407,0.000408,0.000409,482191,18743972,33559373,14197964,5847921,3648875,5996752,1397734,216336,228058,7494568,18402492,11115066,2461656,1098767,7222230,775366,1301384,914784,222152
26,0.0004,0.000399,0.000398,0.000397,0.000396,0.000395,0.000394,0.000393,0.000392,0.000391,0.000401,0.000402,0.000403,0.000404,0.000405,0.000406,0.000407,0.000408,0.000409,0.00041,425737,20869243,27472965,11251964,11621327,6952614,1690573,5996752,1397734,216336,3693507,19936825,5625531,2207482,7222230,775366,880598,1334538,222152,2720553
27,0.0004,0.000399,0.000398,0.000397,0.000396,0.000395,0.000394,0.000393,0.000392,0.000391,0.000401,0.000402,0.000403,0.000404,0.000405,0.000406,0.000407,0.000408,0.000409,0.00041,9432117,26965144,23005631,7009815,7779412,4290341,1255904,6432527,960847,216336,74059,10319870,18625610,7736950,8176697,775366,880598,1334538,222152,2720553
28,0.0004,0.000399,0.000398,0.000397,0.000396,0.000395,0.000394,0.000393,0.000392,0.000391,0.000401,0.000402,0.000403,0.000404,0.000405,0.000406,0.000407,0.000408,0.000409,0.00041,5462187,26975679,23057776,8432811,6391479,4290341,1255904,5996752,960847,216336,17829510,9524882,17891702,5371905,8190322,3140411,880598,1334538,222152,2720553
29,0.000401,0.0004,0.000399,0.000398,0.000397,0.000396,0.000395,0.000394,0.000393,0.000392,0.000402,0.000403,0.000404,0.000405,0.000406,0.000407,0.000408,0.000409,0.00041,0.000411,424735,14818025,35646801,12879914,6524955,7494174,2752079,1690573,5996752,960847,5934801,17277972,5895108,9430512,3140411,880598,914784,640880,2720553,971037
30,0.000401,0.0004,0.000399,0.000398,0.000397,0.000396,0.000395,0.000394,0.000393,0.000392,0.000402,0.000403,0.000404,0.000405,0.000406,0.000407,0.000408,0.000409,0.00041,0.000411,9585465,30118533,15639688,13378256,5138777,7926648,1884941,1690573,5996752,960847,1892222,15679298,10428512,8462420,4100535,880598,914784,222152,3138260,971037
31,0.0004,0.000399,0.000398,0.000397,0.000396,0.000395,0.000394,0.000393,0.000392,0.000391,0.000402,0.000403,0.000404,0.000405,0.000406,0.000407,0.000408,0.000409,0.00041,0.000411,9120528,29017174,24197343,7387885,7503202,1884941,1255904,5996752,960847,216336,6530749,14722874,8622028,8327344,3140411,880598,914784,222152,2720553,971037
32,0.0004,0.000399,0.000398,0.000397,0.000396,0.000395,0.000394,0.000393,0.000392,0.000391,0.000402,0.000403,0.000404,0.000405,0.000406,0.000407,0.000408,0.000409,0.00041,0.000411,10289931,27048494,22966117,7387885,7070728,1884941,1255904,5996752,960847,216336,6427878,14722874,8622028,8327344,3140411,880598,914784,222152,2720553,971037
33,0.0004,0.000399,0.000398,0.000397,0.000396,0.000395,0.000394,0.000393,0.000392,0.000391,0.000402,0.000403,0.000404,0.000405,0.000406,0.000407,0.000408,0.000409,0.00041,0.000411,9607179,28289961,21594906,6956500,7503202,1884941,1255904,5996752,960847,216336,6427878,14731375,8622028,8327344,3140411,880598,914784,222152,2720553,971037
34,0.0004,0.000399,0.000398,0.000397,0.000396,0.000395,0.000394,0.000393,0.000392,0.000391,0.000402,0.000403,0.000404,0.000405,0.000406,0.000407,0.000408,0.000409,0.00041,0.000411,10199656,26355317,21334421,8339717,7935676,1884941,1255904,5996752,960847,216336,4562990,14731375,10489027,8327344,3140411,880598,914784,222152,2720553,971037
35,0.0004,0.000399,0.000398,0.000397,0.000396,0.000395,0.000394,0.000393,0.000392,0.000391,0.000402,0.000403,0.000404,0.000405,0.000406,0.000407,0.000408,0.000409,0.00041,0.000411,9281099,25587442,23643530,7908332,7503202,2318510,1255904,5996752,960847,216336,4562990,14731375,10489027,8327344,3140411,880598,914784,222152,2720553,971037
36,0.0004,0.000399,0.000398,0.000397,0.000396,0.000395,0.000394,0.000393,0.000392,0.000391,0.000402,0.000403,0.000404,0.000405,0.000406,0.000407,0.000408,0.000409,0.00041,0.000411,9523497,21727645,24192917,7908332,7935676,2318510,1255904,5996752,960847,216336,4562990,14731375,10489027,8327344,3140411,880598,914784,222152,2720553,971037
37,0.0004,0.000399,0.000398,0.000397,0.000396,0.000395,0.000394,0.000393,0.000392,0.000391,0.000402,0.000403,0.000404,0.000405,0.000406,0.000407,0.000408,0.000409,0.00041,0.000411,8839160,29693283,12259806,8654553,7503202,2752079,1255904,5996752,960847,216336,4562990,16746717,8479094,8327344,3140411,880598,914784,222152,2720553,971037
38,0.0004,0.000399,0.000398,0.000397,0.000396,0.000395,0.000394,0.000393,0.000392,0.000391,0.000402,0.000403,0.000404,0.000405,0.000406,0.000407,0.000408,0.000409,0.00041,0.000411,9586553,31774087,12259806,8654553,7070728,3185648,1255904,5996752,960847,216336,4562990,16746717,8479094,8327344,3140411,880598,914784,222152,2720553,971037
39,0.0004,0.000399,0.000398,0.000397,0.000396,0.000395,0.000394,0.000393,0.000392,0.000391,0.000402,0.000403,0.000404,0.000405,0.000406,0.000407,0.000408,0.000409,0.00041,0.000411,9436401,31775855,12259806,8654553,7503202,2752079,1255904,5996752,960847,216336,4605384,16746717,8479094,8327344,3140411,880598,914784,222152,2720553,971037
40,0.0004,0.000399,0.000398,0.000397,0.000396,0.000395,0.000394,0.000393,0.000392,0.000391,0.000402,0.000403,0.000404,0.000405,0.000406,0.000407,0.000408,0.000409,0.00041,0.000411,9545044,31775847,11829505,9085938,7070728,3185648,1255904,5996752,960847,216336,3505384,17846717,8479094,8327344,3140411,880598,914784,222152,2720553,1387727
41,0.0004,0.000399,0.000398,0.000397,0.000396,0.000395,0.000394,0.000393,0.000392,0.000391,0.000402,0.000403,0.000404,0.000405,0.000406,0.000407,0.000408,0.000409,0.00041,0.000411,9438732,31775838,11829505,9085938,6638254,2752079,2125242,5996752,960847,216336,3505384,17846717,8479094,8327344,3140411,880598,914784,222152,2720553,1387727
42,0.0004,0.000399,0.000398,0.000397,0.000396,0.000395,0.000394,0.000393,0.000392,0.000391,0.000402,0.000403,0.000404,0.000405,0.000406,0.000407,0.000408,0.000409,0.00041,0.000411,10141071,30675309,11770821,9144770,6638254,2752079,2125242,5996752,960847,216336,3505384,17846717,8479094,8327344,3140411,880598,914784,222152,2720553,1387727
43,0.000399,0.000398,0.000397,0.000396,0.000395,0.000394,0.000393,0.000392,0.000391,0.00039,0.000401,0.000402,0.000403,0.000404,0.000405,0.000406,0.000407,0.000408,0.000409,0.00041,26596506,24202724,17056013,6651080,3408511,2559911,5996752,960847,216336,228058,1772577,9502858,16143928,7713528,7222230,3140411,880598,914784,640880,2720553
44,0.000399,0.000398,0.000397,0.000396,0.000395,0.000394,0.000393,0.000392,0.000391,0.00039,0.000401,0.000402,0.000403,0.000404,0.000405,0.000406,0.000407,0.000408,0.000409,0.00041,24032720,25120959,18779607,5466585,3842080,2125242,5996752,960847,216336,228058,1887591,9502858,16143928,7713528,7222230,3140411,880598,914784,640880,2720553
45,0.000399,0.000398,0.000397,0.000396,0.000395,0.000394,0.000393,0.000392,0.000391,0.00039,0.000401,0.000402,0.000403,0.000404,0.000405,0.000406,0.000407,0.000408,0.000409,0.00041,23552743,25121285,18779607,5466585,3842080,2125242,5996752,960847,216336,228058,1772577,16346108,9317744,7713528,7222230,3140411,880598,914784,640880,2720553
46,0.000399,0.000398,0.000397,0.000396,0.000395,0.000394,0.000393,0.000392,0.000391,0.00039,0.000401,0.000402,0.000403,0.000404,0.000405,0.000406,0.000407,0.000408,0.000409,0.00041,22079534,23129707,13754526,6671072,3408511,2559911,5996752,960847,216336,228058,1772577,16346108,9317744,7713528,7222230,3140411,880598,1334538,222152,2720553
47,0.000399,0.000398,0.000397,0.000396,0.000395,0.000394,0.000393,0.000392,0.000391,0.00039,0.0004,0.000401,0.000402,0.000403,0.000404,0.000405,0.000406,0.000407,0.000408,0.000409,116778,18709832,24102562,7398626,2974942,2559911,5996752,1397734,216336,228058,1772839,9018403,16287963,5998363,5371905,7645094,3140411,880598,914784,222152
48,0.000399,0.000398,0.000397,0.000396,0.000395,0.000394,0.000393,0.000392,0.000391,0.00039,0.0004,0.000401,0.000402,0.000403,0.000404,0.000405,0.000406,0.000407,0.000408,0.000409,116778,18088492,27349361,7745433,2974942,1690573,5996752,2271508,654340,228058,563000,9018403,16287963,5998363,5371905,7645094,3140411,880598,914784,222152
49,0.000399,0.000398,0.000397,0.000396,0.000395,0.000394,0.000393,0.000392,0.000391,0.00039,0.0004,0.000401,0.000402,0.000403,0.000404,0.000405,0.000406,0.000407,0.000408,0.000409,116778,24128928,19915229,9568183,3041864,1255904,6432527,2271508,654340,228058,1829479,15870217,10197252,5998363,4619366,7645094,3140411,880598,914784,993189
50,0.000399,0.000398,0.000397,0.000396,0.000395,0.000394,0.000393,0.000392,0.000391,0.00039,0.0004,0.000401,0.000402,0.000403,0.000404,0.000405,0.000406,0.000407,0.000408,0.000409,116778,16885468,20893437,8596090,3041864,1255904,6868302,1834621,654340,228058,3782637,16883229,7320312,5998363,4619366,7645094,3140411,880598,914784,993189
51,0.000398,0.000397,0.000396,0.000395,0.000394,0.000393,0.000392,0.000391,0.00039,0.000389,0.000399,0.0004,0.000401,0.000402,0.000403,0.000404,0.000405,0.000406,0.000407,0.000408,14705484,21193485,10717451,5829349,1255904,6868302,1834621,216336,667186,281633,669203,9347026,15645964,7320312,8199637,1098767,7645094,775366,880598,914784
52,0.000398,0.000397,0.000396,0.000395,0.000394,0.000393,0.000392,0.000391,0.00039,0.000389,0.0004,0.000401,0.000402,0.000403,0.000404,0.000405,0.000406,0.000407,0.000408,0.000409,14266476,30207029,10271373,4107255,1255904,6432527,1397734,1530348,228058,281633,3950783,16292483,8569926,8199637,1522677,7222230,775366,880598,914784,993189
53,0.000398,0.000397,0.000396,0.000395,0.000394,0.000393,0.000392,0.000391,0.00039,0.000389,0.0004,0.000401,0.000402,0.000403,0.000404,0.000405,0.000406,0.000407,0.000408,0.000409,13016907,21146164,19469655,4611891,1690573,5996752,2708395,216336,228058,281633,3950783,16292483,8569926,8199637,1098767,7645094,775366,880598,914784,993189
54,0.000399,0.000398,0.000397,0.000396,0.000395,0.000394,0.000393,0.000392,0.000391,0.00039,0.0004,0.000401,0.000402,0.000403,0.000404,0.000405,0.000406,0.000407,0.000408,0.000409,1100000,10137562,19930452,19235308,4107256,1255904,6432527,1834621,1092344,228058,3337237,17295535,8569926,8199637,1098767,7645094,775366,880598,914784,993189
55,0.000399,0.000398,0.000397,0.000396,0.000395,0.000394,0.000393,0.000392,0.000391,0.00039,0.0004,0.000401,0.000402,0.000403,0.000404,0.000405,0.000406,0.000407,0.000408,0.000409,1100000,12178856,20735164,17131780,4107256,1255904,6432527,1834621,1092344,228058,5211023,17278341,6690987,8199637,1098767,7645094,775366,880598,914784,993189
56,0.000399,0.000398,0.000397,0.000396,0.000395,0.000394,0.000393,0.000392,0.000391,0.00039,0.0004,0.000401,0.000402,0.000403,0.000404,0.000405,0.000406,0.000407,0.000408,0.000409,1100000,15137201,29435270,10271379,4107287,1277931,6432527,1397734,1092344,667186,5211023,17278341,6690987,8199637,1098767,7645094,775366,880598,914784,993189
57,0.000399,0.000398,0.000397,0.000396,0.000395,0.000394,0.000393,0.000392,0.000391,0.00039,0.0004,0.000401,0.000402,0.000403,0.000404,0.000405,0.000406,0.000407,0.000408,0.000409,1100000,10656219,27908088,8907032,4107287,1277931,6432527,1834621,1092344,228058,5211023,16275289,6690987,8199637,1098767,7645094,775366,880598,914784,993189
58,0.000399,0.000398,0.000397,0.000396,0.000395,0.000394,0.000393,0.000392,0.000391,0.00039,0.0004,0.000401,0.000402,0.000403,0.000404,0.000405,0.000406,0.000407,0.000408,0.000409,1265413,19470603,27578006,10739391,3145033,1277931,6432527,1834621,1092344,228058,5211023,16275289,6690987,8199637,1098767,7645094,775366,880598,914784,993189
59,0.000399,0.000398,0.000397,0.000396,0.000395,0.000394,0.000393,0.000392,0.000391,0.00039,0.0004,0.000401,0.000402,0.000403,0.000404,0.000405,0.000406,0.000407,0.000408,0.000409,1100000,10653094,25969727,10133057,3145033,1276930,6432527,1397734,1530348,228058,5211023,16275289,6690987,8199637,1098767,7645094,775366,880598,914784,993189
60,0.000398,0.000397,0.000396,0.000395,0.000394,0.000393,0.000392,0.000391,0.00039,0.000389,0.0004,0.000401,0.000402,0.000403,0.000404,0.000405,0.000406,0.000407,0.000408,0.000409,17233439,23380479,7989622,3997826,1344039,6432527,2271508,654340,228058,281633,3367357,16275289,8564773,8199637,1098767,7222230,1197188,880598,914784,993189
61,0.000398,0.000397,0.000396,0.000395,0.000394,0.000393,0.000392,0.000391,0.00039,0.000389,0.0004,0.000401,0.000402,0.000403,0.000404,0.000405,0.000406,0.000407,0.000408,0.000409,8523196,33036459,7989622,3997826,1778708,5996752,2271508,654340,228058,281633,3367357,16283876,8564773,8199637,1098767,7222230,1197188,880598,914784,993189
62,0.000398,0.000397,0.000396,0.000395,0.000394,0.000393,0.000392,0.000391,0.00039,0.000389,0.0004,0.000401,0.000402,0.000403,0.000404,0.000405,0.000406,0.000407,0.000408,0.000409,8947099,33060403,7989622,3997826,1778734,5996752,2708395,216336,228058,281633,3367357,16283876,8564773,8199637,1098767,7222230,1197188,880598,914784,993189
63,0.000397,0.000396,0.000395,0.000394,0.000393,0.000392,0.000391,0.00039,0.000389,0.000388,0.000399,0.0004,0.000401,0.000402,0.000403,0.000404,0.000405,0.000406,0.000407,0.000408,23823332,25587888,13932840,3465100,7105646,2708395,1227486,667186,281633,200000,4788714,8295357,14587952,7610743,7107110,200000,7645094,775366,880598,914784
64,0.000397,0.000396,0.000395,0.000394,0.000393,0.000392,0.000391,0.00039,0.000389,0.000388,0.000399,0.0004,0.000401,0.000402,0.000403,0.000404,0.000405,0.000406,0.000407,0.000408,21167796,27640130,13829688,3568513,7541421,1397734,2541498,228058,281633,200000,4788714,17204714,6714539,7610743,7107110,200000,7645094,775366,880598,914784
65,0.000397,0.000396,0.000395,0.000394,0.000393,0.000392,0.000391,0.00039,0.000389,0.000388,0.000398,0.000399,0.0004,0.000401,0.000402,0.000403,0.000404,0.000405,0.000406,0.000407,14921121,28723728,14745056,3547461,7105646,1834621,2541498,228058,281633,200000,200000,9550159,17204714,4605071,7610743,4011473,200000,7222230,775366,880598
66,0.000397,0.000396,0.000395,0.000394,0.000393,0.000392,0.000391,0.00039,0.000389,0.000388,0.000398,0.000399,0.0004,0.000401,0.000402,0.000403,0.000404,0.000405,0.000406,0.000407,15476082,23112010,14806009,4402418,7172926,1397734,2103494,1106314,281633,200000,1437265,8312752,17927133,4605071,6858204,4011473,200000,7222230,775366,880598
67,0.000397,0.000396,0.000395,0.000394,0.000393,0.000392,0.000391,0.00039,0.000389,0.000388,0.000398,0.000399,0.0004,0.000401,0.000402,0.000403,0.000404,0.000405,0.000406,0.000407,15954329,23112010,14806009,4402418,7172926,1397734,1665490,1545442,281633,200000,1437265,8312752,17935784,4605071,6858204,4011473,200000,7222230,775366,880598
68,0.000397,0.000396,0.000395,0.000394,0.000393,0.000392,0.000391,0.00039,0.000389,0.000388,0.000398,0.000399,0.0004,0.000401,0.000402,0.000403,0.000404,0.000405,0.000406,0.000407,16010658,19244997,16863659,4402427,7172926,960847,1665490,1106314,1162145,200000,1437265,8313813,17935784,4605071,6858204,4011473,200000,7222230,775366,880598
69,0.000397,0.000396,0.000395,0.000394,0.000393,0.000392,0.000391,0.00039,0.000389,0.000388,0.000398,0.000399,0.0004,0.000401,0.000402,0.000403,0.000404,0.000405,0.000406,0.000407,15686780,18761293,16863659,4402427,7172926,960847,1665490,1106314,1162145,200000,1497174,8253770,17935784,4605071,6858204,4011473,200000,7222230,775366,880598
70,0.000397,0.000396,0.000395,0.000394,0.000393,0.000392,0.000391,0.00039,0.000389,0.000388,0.000398,0.000399,0.0004,0.000401,0.000402,0.000403,0.000404,0.000405,0.000406,0.000407,11365445,17345355,20738352,6227909,7172926,960847,1665490,1380539,1602401,200000,1662603,10295746,15923307,5718680,5774269,4011473,200000,7222230,775366,880598
71,0.000397,0.000396,0.000395,0.000394,0.000393,0.000392,0.000391,0.00039,0.000389,0.000388,0.000398,0.000399,0.0004,0.000401,0.000402,0.000403,0.000404,0.000405,0.000406,0.000407,1172729,13190345,28196095,7208955,7172926,960847,1665490,1380539,1602401,200000,6071438,10651336,12965793,5089355,5774269,4011473,200000,7222230,775366,880598
72,0.000396,0.000395,0.000394,0.000393,0.000392,0.000391,0.00039,0.000389,0.000388,0.000387,0.000397,0.000398,0.000399,0.0004,0.000401,0.000402,0.000403,0.000404,0.000405,0.000406,17212342,28966573,18172875,6049059,2064936,1227486,2258795,1162145,200000,1718559,200000,10313436,10502560,14205983,5089355,1439499,2616639,200000,7222230,775366
73,0.000396,0.000395,0.000394,0.000393,0.000392,0.000391,0.00039,0.000389,0.000388,0.000387,0.000397,0.000398,0.000399,0.0004,0.000401,0.000402,0.000403,0.000404,0.000405,0.000406,16777092,24750302,18232182,5989609,2064936,1227486,1819667,1602401,200000,1718559,245080,10313436,17406216,7319694,5089355,1439499,2616639,200000,7222230,775366
74,0.000396,0.000395,0.000394,0.000393,0.000392,0.000391,0.00039,0.000389,0.000388,0.000387,0.000397,0.000398,0.000399,0.0004,0.000401,0.000402,0.000403,0.000404,0.000405,0.000406,20902904,24297388,17191890,5989609,2064936,2103494,2258795,281633,200000,1718559,45080,10239776,17570328,7319694,5089355,1013480,3041601,200000,7222230,775366
75,0.000396,0.000395,0.000394,0.000393,0.000392,0.000391,0.00039,0.000389,0.000388,0.000387,0.000397,0.000398,0.000399,0.0004,0.000401,0.000402,0.000403,0.000404,0.000405,0.000406,22048546,24460208,18337472,6425384,2064936,2541498,1380539,281633,200000,1718559,245080,10239776,17570328,7319694,5089355,1013480,3041601,200000,7222230,775366
76,0.000396,0.000395,0.000394,0.000393,0.000392,0.000391,0.00039,0.000389,0.000388,0.000387,0.000397,0.000398,0.000399,0.0004,0.000401,0.000402,0.000403,0.000404,0.000405,0.000406,22624308,28319108,16358888,6250431,2938710,1665490,1819667,281633,200000,1718559,245080,17219017,10666672,7319694,5089355,1013480,3041601,200000,7222230,775366
77,0.000396,0.000395,0.000394,0.000393,0.000392,0.000391,0.00039,0.000388,0.000387,0.000386,0.000397,0.000398,0.000399,0.0004,0.000401,0.000402,0.000403,0.000404,0.000405,0.000406,22650076,27402715,17276672,6250431,2938710,1665490,1819667,482359,1718559,516548,245080,17218620,10666672,7319694,5089355,1013480,3041601,200000,7222230,775366
78,0.000396,0.000395,0.000394,0.000393,0.000392,0.000391,0.00039,0.000388,0.000387,0.000386,0.000397,0.000398,0.000399,0.0004,0.000401,0.000402,0.000403,0.000404,0.000405,0.000406,20278307,23663249,19615425,6250431,2938710,1665490,1819667,482359,1718559,516548,288704,17292280,10593012,7319694,5089355,1013480,3041601,200000,7222230,775366
79,0.000397,0.000396,0.000395,0.000394,0.000393,0.000392,0.000391,0.00039,0.000388,0.000387,0.000398,0.000399,0.0004,0.000401,0.000402,0.000403,0.000404,0.000405,0.000406,0.000407,9515825,27919843,14067603,9739393,7576078,960847,2103494,1819667,482359,1718559,181400,8990431,17791173,4891603,2113143,2670654,623910,7222230,822631,880598
80,0.000397,0.000396,0.000395,0.000394,0.000393,0.000392,0.000391,0.00039,0.000388,0.000387,0.000398,0.000399,0.0004,0.000401,0.000402,0.000403,0.000404,0.000405,0.000406,0.000407,15982488,23281027,18895808,9536803,8011853,1834621,1665490,941411,482359,1718559,15571,8990431,10904884,4891603,2113143,2670654,623910,7222230,822631,880598
81,0.000397,0.000396,0.000395,0.000394,0.000393,0.000392,0.000391,0.00039,0.000388,0.000387,0.000398,0.000399,0.0004,0.000401,0.000402,0.000403,0.000404,0.000405,0.000406,0.000407,14708856,20457105,19836363,11111715,8514923,1397734,1665490,941411,482359,1718559,1418665,9263313,19823110,4891603,2113143,2670654,623910,7222230,822631,880598
82,0.000396,0.000395,0.000394,0.000393,0.000392,0.000391,0.00039,0.000388,0.000387,0.000386,0.000398,0.000399,0.0004,0.000401,0.000402,0.000403,0.000404,0.000405,0.000406,0.000407,24516751,28667995,11111813,8514923,960847,1665490,1380539,482359,1718559,516548,5904559,9614052,16089198,6001997,1013480,2670654,200000,7645094,822631,880598
83,0.000396,0.000395,0.000394,0.000393,0.000392,0.000391,0.00039,0.000388,0.000387,0.000386,0.000398,0.000399,0.0004,0.000401,0.000402,0.000403,0.000404,0.000405,0.000406,0.000407,22424767,26217579,18441471,8079148,960847,2103494,941411,482359,1718559,516548,5904559,9614052,16089198,6001997,1013480,2670654,200000,7645094,822631,880598
84,0.000396,0.000395,0.000394,0.000393,0.000392,0.000391,0.00039,0.000388,0.000387,0.000386,0.000397,0.000398,0.000399,0.0004,0.000401,0.000402,0.000403,0.000404,0.000405,0.000406,24617996,25218258,18945500,7338449,1397734,1227486,1819667,482359,1718559,516548,1029815,10210366,16574001,7319694,6001997,1013480,3095616,200000,7222230,822631
85,0.000397,0.000396,0.000395,0.000394,0.000393,0.000392,0.000391,0.00039,0.000388,0.000387,0.000398,0.000399,0.0004,0.000401,0.000402,0.000403,0.000404,0.000405,0.000406,0.000407,10145275,24367215,25408975,11111880,7671475,1397734,1665490,1819667,482359,1718559,1477903,12423277,16705839,6001997,1013480,2670654,623910,7222230,822631,880598
86,0.000397,0.000396,0.000395,0.000394,0.000393,0.000392,0.000391,0.00039,0.000388,0.000387,0.000398,0.000399,0.0004,0.000401,0.000402,0.000403,0.000404,0.000405,0.000406,0.000407,11139205,24200543,26383848,10201653,7604180,1834621,1665490,1380539,482359,1718559,1477903,12423277,16705839,6001997,1013480,2670654,623910,7222230,822631,880598
87,0.000396,0.000395,0.000394,0.000393,0.000392,0.000391,0.00039,0.000388,0.000387,0.000386,0.000398,0.000399,0.0004,0.000401,0.000402,0.000403,0.000404,0.000405,0.000406,0.000407,24596311,20910104,19497691,8654884,1397734,1665490,1380539,482359,1718559,516548,5862148,9688558,16097871,6001997,1013480,2670654,200000,7222230,1244453,880598
88,0.000396,0.000395,0.000394,0.000393,0.000392,0.000391,0.00039,0.000388,0.000387,0.000386,0.000398,0.000399,0.0004,0.000401,0.000402,0.000403,0.000404,0.000405,0.000406,0.000407,22736089,22733582,20095766,8543025,960847,2103494,941411,482359,1718559,516548,5862148,16583520,9202909,6001997,1013480,2670654,200000,7222230,1244453,880598
89,0.000396,0.000395,0.000394,0.000393,0.000392,0.000391,0.00039,0.000388,0.000387,0.000386,0.000398,0.000399,0.0004,0.000401,0.000402,0.000403,0.000404,0.000405,0.000406,0.000407,22726500,24566100,18006838,8107250,1397734,2103494,941411,482359,1718559,516548,5862148,16583520,9202909,6001997,1013480,2670654,200000,7222230,1244453,880598
90,0.000397,0.000396,0.000395,0.000394,0.000393,0.000392,0.000391,0.00039,0.000389,0.000388,0.000398,0.000399,0.0004,0.000401,0.000402,0.000403,0.000404,0.000405,0.000406,0.000407,769269,22236077,27145120,11836869,7671475,1834621,1227486,1380539,440256,482359,3903910,18567710,9202909,6001997,1013480,2670654,623910,7222230,822631,880598
91,0.000397,0.000396,0.000395,0.000394,0.000393,0.000392,0.000391,0.00039,0.000388,0.000387,0.000398,0.000399,0.0004,0.000401,0.000402,0.000403,0.000404,0.000405,0.000406,0.000407,735515,25590562,23463165,11904014,7604180,1834621,1227486,1819667,482359,1718559,5787125,18559037,7319694,6001997,1013480,2670654,623910,7222230,822631,880598
92,0.000397,0.000396,0.000395,0.000394,0.000393,0.000392,0.000391,0.00039,0.000389,0.000388,0.000398,0.000399,0.0004,0.000401,0.000402,0.000403,0.000404,0.000405,0.000406,0.000407,935515,18507641,26766416,10050890,7168405,1397734,2103494,1380539,440256,482359,5787125,16522020,9351618,6001997,1013480,2670654,200000,7645094,822631,880598
93,0.000397,0.000396,0.000395,0.000394,0.000393,0.000392,0.000391,0.00039,0.000389,0.000388,0.000398,0.000399,0.0004,0.000401,0.000402,0.000403,0.000404,0.000405,0.000406,0.000407,935515,21753719,23732356,9128527,7168405,1834621,1665490,1380539,440256,482359,5787125,16522020,9351618,6001997,1013480,2670654,200000,7645094,822631,880598
94,0.000397,0.000396,0.000395,0.000394,0.000393,0.000392,0.000391,0.00039,0.000389,0.000388,0.000398,0.000399,0.0004,0.000401,0.000402,0.000403,0.000404,0.000405,0.000406,0.000407,769269,23881365,21815956,9084394,7168405,1397734,2103494,1380539,440256,482359,5787125,16522020,9351618,6001997,1013480,2670654,200000,7645094,822631,880598
95,0.000397,0.000396,0.000395,0.000394,0.000393,0.000392,0.000391,0.00039,0.000389,0.000388,0.000398,0.000399,0.0004,0.000401,0.000402,0.000403,0.000404,0.000405,0.000406,0.000407,769269,22070963,21819377,9042195,7168405,960847,2541498,1380539,440256,482359,5787125,16522020,9351618,6001997,1013480,2670654,200000,7645094,822631,880598
96,0.000397,0.000396,0.000395,0.000394,0.000393,0.000392,0.000391,0.00039,0.000389,0.000388,0.000398,0.000399,0.0004,0.000401,0.000402,0.000403,0.000404,0.000405,0.000406,0.000407,769269,22412094,22321233,10008691,7168405,1397734,2103494,1380539,440256,482359,5787125,16522020,9351618,6001997,1013480,2670654,200000,7645094,822631,880598
97,0.000397,0.000396,0.000395,0.000394,0.000393,0.000392,0.000391,0.00039,0.000389,0.000388,0.000398,0.000399,0.0004,0.000401,0.000402,0.000403,0.000404,0.000405,0.000406,0.000407,769269,23881889,18972037,11904026,7168405,960847,2541498,1380539,440256,482359,5787125,16522020,9351618,6001997,1013480,2670654,200000,7645094,822631,880598
98,0.000396,0.000395,0.000394,0.000393,0.000392,0.000391,0.00039,0.000389,0.000388,0.000387,0.000398,0.000399,0.0004,0.000401,0.000402,0.000403,0.000404,0.000405,0.000406,0.000407,29892581,20057935,11179118,7168405,960847,2541498,1380539,640256,482359,1718559,4939906,14537830,11234833,6001997,1013480,2670654,200000,7645094,822631,880598
99,0.000396,0.000395,0.000394,0.000393,0.000392,0.000391,0.00039,0.000389,0.000388,0.000387,0.000398,0.000399,0.0004,0.000401,0.000402,0.000403,0.000404,0.000405,0.000406,0.000407,27260325,12743538,10194027,7235700,960847,3417506,941411,200000,482359,1718559,6020985,16574847,9202909,6001997,1013480,2670654,200000,7222230,1244453,880598
100,0.000396,0.000395,0.000394,0.000393,0.000392,0.000391,0.00039,0.000389,0.000388,0.000387,0.000398,0.000399,0.0004,0.000401,0.000402,0.000403,0.000404,0.000405,0.000406,0.000407,20318849,22634259,11715378,7783334,1834621,2541498,941411,200000,482359,1718559,6020985,16583520,9202909,6001997,1013480,2670654,200000,7645094,822631,1651635
101,0.000396,0.000395,0.000394,0.000393,0.000392,0.000391,0.00039,0.000389,0.000388,0.000387,0.000398,0.000399,0.0004,0.000401,0.000402,0.000403,0.000404,0.000405,0.000406,0.000407,19816777,21023069,11111994,7783334,1834621,2541498,941411,200000,482359,1718559,6020985,16583520,9202909,6001997,1013480,2670654,200000,7222230,1244453,1651635
102,0.000396,0.000395,0.000394,0.000393,0.000392,0.000391,0.00039,0.000389,0.000388,0.000387,0.000397,0.000398,0.000399,0.0004,0.000401,0.000402,0.000403,0.000404,0.000405,0.000406,16075515,31451543,13365559,7073976,1397734,2103494,1380539,640256,482359,1718559,1547882,9270846,17262399,6567155,6001997,1013480,3095616,200000,7222230,822631
103,0.000396,0.000395,0.000394,0.000393,0.000392,0.000391,0.00039,0.000389,0.000388,0.000387,0.000397,0.000398,0.000399,0.0004,0.000401,0.000402,0.000403,0.000404,0.000405,0.000406,15065414,28221136,14842426,7073976,1834621,1665490,1380539,640256,482359,1718559,1547882,9271996,17271093,6567155,6001997,1013480,3095616,200000,7222230,822631
104,0.000396,0.000395,0.000394,0.000393,0.000392,0.000391,0.00039,0.000389,0.000388,0.000387,0.000398,0.000399,0.0004,0.000401,0.000402,0.000403,0.000404,0.000405,0.000406,0.000407,22608231,33263680,11981476,7014533,1397734,1665490,1380539,200000,482359,1718559,4128733,16518554,9208114,6001997,1013480,2670654,200000,7222230,822631,1301384
105,0.000396,0.000395,0.000394,0.000393,0.000392,0.000391,0.00039,0.000389,0.000388,0.000387,0.000398,0.000399,0.0004,0.000401,0.000402,0.000403,0.000404,0.000405,0.000406,0.000407,22508343,31774159,13777368,6466899,1397734,1665490,941411,200000,482359,1718559,4103455,16518554,9208114,6001997,1013480,2670654,200000,7222230,822631,1301384
106,0.000396,0.000395,0.000394,0.000393,0.000392,0.000391,0.00039,0.000389,0.000388,0.000387,0.000398,0.000399,0.0004,0.000401,0.000402,0.000403,0.000404,0.000405,0.000406,0.000407,22258165,25375163,14382937,7181241,1397734,1665490,941411,200000,482359,1718559,4103455,16509860,9208114,6001997,1013480,2670654,200000,7222230,822631,1301384
107,0.000396,0.000395,0.000394,0.000393,0.000392,0.000391,0.00039,0.000389,0.000388,0.000387,0.000398,0.000399,0.0004,0.000401,0.000402,0.000403,0.000404,0.000405,0.000406,0.000407,22258165,26116715,15859804,7181241,1397734,1665490,941411,200000,482359,1718559,4103455,17262399,8455575,6001997,1013480,2670654,200000,7222230,822631,1301384
108,0.000396,0.000395,0.000394,0.000393,0.000392,0.000391,0.00039,0.000389,0.000388,0.000387,0.000398,0.000399,0.0004,0.000401,0.000402,0.000403,0.000404,0.000405,0.000406,0.000407,23585628,31676841,13777368,6466899,1397734,1665490,941411,200000,482359,1718559,4103455,16509860,9208114,6001997,1013480,2670654,200000,7222230,822631,1301384
109,0.000396,0.000395,0.000394,0.000393,0.000392,0.000391,0.00039,0.000389,0.000388,0.000387,0.000397,0.000398,0.000399,0.0004,0.000401,0.000402,0.000403,0.000404,0.000405,0.000406,22258141,30972997,14719595,6466899,1397734,1665490,941411,200000,482359,1718559,293734,3809721,16509860,9208114,6001997,1013480,3095616,200000,7222230,822631
110,0.000396,0.000395,0.000394,0.000393,0.000392,0.000391,0.00039,0.000389,0.000388,0.000387,0.000398,0.000399,0.0004,0.000401,0.000402,0.000403,0.000404,0.000405,0.000406,0.000407,16840456,23864621,19995334,5920860,3382725,1665490,1380539,200000,482359,1718559,3714397,17275257,8455575,6001997,1013480,3095616,200000,7222230,822631,880598
111,0.000396,0.000395,0.000394,0.000393,0.000392,0.000391,0.00039,0.000389,0.000388,0.000387,0.000398,0.000399,0.0004,0.000401,0.000402,0.000403,0.000404,0.000405,0.000406,0.000407,15257244,26647089,19144472,7936058,2508951,1665490,941411,200000,482359,1718559,3714397,16522718,9208114,6001997,1013480,2670654,200000,7222230,822631,1301384
112,0.000396,0.000395,0.000394,0.000393,0.000392,0.000391,0.00039,0.000389,0.000388,0.000387,0.000398,0.000399,0.0004,0.000401,0.000402,0.000403,0.000404,0.000405,0.000406,0.000407,16531088,23191045,18608514,7064508,2508951,1665490,941411,200000,482359,1718559,3628237,16596378,9208114,6001997,1013480,2670654,200000,7222230,822631,1301384
113,0.000396,0.000395,0.000394,0.000393,0.000392,0.000391,0.00039,0.000389,0.000388,0.000387,0.000398,0.000399,0.0004,0.000401,0.000402,0.000403,0.000404,0.000405,0.000406,0.000407,17766879,22362296,12183660,6628733,2508951,1665490,941411,200000,482359,1718559,3628237,16596378,9208114,6001997,1013480,2670654,200000,7222230,822631,1301384
114,0.000396,0.000395,0.000394,0.000393,0.000392,0.000391,0.00039,0.000389,0.000388,0.000387,0.000398,0.000399,0.0004,0.000401,0.000402,0.000403,0.000404,0.000405,0.000406,0.000407,19117078,28361049,12139527,6628733,2508951,1665490,941411,200000,482359,1718559,3628237,16596378,9208114,6001997,1013480,2670654,200000,7222230,822631,1301384
115,0.000397,0.000396,0.000395,0.000394,0.000393,0.000392,0.000391,0.00039,0.000389,0.000388,0.000398,0.000399,0.0004,0.000401,0.000402,0.000403,0.000404,0.000405,0.000406,0.000407,240302,15949628,26664431,12623025,6516874,2072064,1227486,1819667,200000,482359,2719122,18593094,9208114,6001997,1013480,2670654,200000,7645094,822631,880598
116,0.000397,0.000396,0.000395,0.000394,0.000393,0.000392,0.000391,0.00039,0.000389,0.000388,0.000398,0.000399,0.0004,0.000401,0.000402,0.000403,0.000404,0.000405,0.000406,0.000407,240302,18644754,22539736,12277828,6952649,2072064,1227486,1819667,200000,482359,2719122,16556077,11240038,6001997,1013480,2670654,200000,7645094,822631,880598
117,0.000396,0.000395,0.000394,0.000393,0.000392,0.000391,0.00039,0.000389,0.000388,0.000387,0.000398,0.000399,0.0004,0.000401,0.000402,0.000403,0.000404,0.000405,0.000406,0.000407,17743036,29673641,12712675,6360217,2508951,1665490,941411,200000,482359,1718559,4724511,16587705,9205508,6001997,1013480,2670654,200000,7222230,822631,1301384
118,0.000396,0.000395,0.000394,0.000393,0.000392,0.000391,0.00039,0.000389,0.000388,0.000387,0.000398,0.000399,0.0004,0.000401,0.000402,0.000403,0.000404,0.000405,0.000406,0.000407,18241923,30398678,11543344,5305931,2508951,1665490,941411,200000,482359,1718559,4724511,16596378,9205508,6001997,1013480,2670654,200000,7222230,822631,880598
119,0.000397,0.000396,0.000395,0.000394,0.000393,0.000392,0.000391,0.00039,0.000389,0.000388,0.000398,0.000399,0.0004,0.000401,0.000402,0.000403,0.000404,0.000405,0.000406,0.000407,366246,18494074,27631749,11287074,6394733,2945838,1227486,1819667,200000,482359,2719122,18601767,9205508,6001997,1013480,2670654,200000,7222230,1244453,880598
120,0.000397,0.000396,0.000395,0.000394,0.000393,0.000392,0.000391,0.00039,0.000389,0.000388,0.000398,0.000399,0.0004,0.000401,0.000402,0.000403,0.000404,0.000405,0.000406,0.000407,366246,20078820,22541480,8897381,7266283,2508951,1227486,1819667,200000,482359,4602337,16564750,9351618,6001997,1013480,2670654,200000,7222230,1244453,880598
121,0.000397,0.000396,0.000395,0.000394,0.000393,0.000392,0.000391,0.00039,0.000389,0.000388,0.000399,0.0004,0.000401,0.000402,0.000403,0.000404,0.000405,0.000406,0.000407,0.000408,14011173,22163038,17835502,8416571,7943080,960847,1665490,1380539,200000,482359,4564178,11632857,13580956,3346004,2670654,200000,7222230,822631,880598,914784
122,0.000398,0.000397,0.000396,0.000395,0.000394,0.000393,0.000392,0.000391,0.00039,0.000389,0.000399,0.0004,0.000401,0.000402,0.000403,0.000404,0.000405,0.000406,0.000407,0.000408,165829,14011038,27227112,11702602,6807273,8378855,1397734,1227486,941411,200000,2486054,13711906,13580956,3346004,2670654,200000,7222230,822631,1301384,914784
123,0.000397,0.000396,0.000395,0.000394,0.000393,0.000392,0.000391,0.00039,0.000389,0.000388,0.000399,0.0004,0.000401,0.000402,0.000403,0.000404,0.000405,0.000406,0.000407,0.000408,16949234,29808973,11541521,8727061,7943080,960847,1665490,941411,200000,482359,4491443,11706517,13580956,3346004,2670654,200000,7222230,822631,880598,914784
124,0.000397,0.000396,0.000395,0.000394,0.000393,0.000392,0.000391,0.00039,0.000389,0.000388,0.000399,0.0004,0.000401,0.000402,0.000403,0.000404,0.000405,0.000406,0.000407,0.000408,14902379,21728997,9213044,9960986,8378855,960847,1227486,941411,200000,482359,4473164,18584155,5796091,3346004,3586511,200000,7222230,822631,880598,914784
125,0.000398,0.000397,0.000396,0.000395,0.000394,0.000393,0.000392,0.000391,0.00039,0.000389,0.000399,0.0004,0.000401,0.000402,0.000403,0.000404,0.000405,0.000406,0.000407,0.000408,365829,15766867,20088488,9808094,7977489,8378855,960847,1227486,941411,200000,2342462,20069305,6316330,3346004,3586511,200000,7222230,822631,880598,914784
126,0.000398,0.000397,0.000396,0.000395,0.000394,0.000393,0.000392,0.000391,0.00039,0.000389,0.000399,0.0004,0.000401,0.000402,0.000403,0.000404,0.000405,0.000406,0.000407,0.000408,365829,18928792,22756113,8762093,7108151,8378855,1397734,1665490,941411,200000,2342462,19316766,6316330,4098543,3586511,200000,7222230,822631,880598,1334538
127,0.000399,0.000398,0.000397,0.000396,0.000395,0.000394,0.000393,0.000392,0.000391,0.00039,0.0004,0.000401,0.000402,0.000403,0.000404,0.000405,0.000406,0.000407,0.000408,0.000409,1253132,14950495,27932329,18662339,5179920,6800453,6394733,1397734,654340,941411,2246371,11380494,15234426,4672338,1098767,7222230,822631,880598,1334538,993189
128,0.000398,0.000397,0.000396,0.000395,0.000394,0.000393,0.000392,0.000391,0.00039,0.000389,0.0004,0.000401,0.000402,0.000403,0.000404,0.000405,0.000406,0.000407,0.000408,0.000409,14365322,32021856,11806784,8313402,6365784,6394733,960847,216336,941411,200000,4207095,8361886,16239762,4672338,1098767,7222230,822631,880598,914784,993189
129,0.000398,0.000397,0.000396,0.000395,0.000394,0.000393,0.000392,0.000391,0.00039,0.000389,0.0004,0.000401,0.000402,0.000403,0.000404,0.000405,0.000406,0.000407,0.000408,0.000409,13418696,30510585,12283168,7446264,6800453,6394733,960847,216336,941411,200000,4144226,10178080,15229273,4672338,1098767,7222230,822631,880598,914784,993189
130,0.000398,0.000397,0.000396,0.000395,0.000394,0.000393,0.000392,0.000391,0.00039,0.000389,0.000399,0.0004,0.000401,0.000402,0.000403,0.000404,0.000405,0.000406,0.000407,0.000408,165829,20006964,21818477,9450649,6365784,6830508,1397734,1039660,941411,200000,8016001,12737223,6420497,7653289,3586511,1098767,7222230,822631,880598,1334538
131,0.000398,0.000397,0.000396,0.000395,0.000394,0.000393,0.000392,0.000391,0.00039,0.000389,0.000399,0.0004,0.000401,0.000402,0.000403,0.000404,0.000405,0.000406,0.000407,0.000408,165829,19150501,28229282,8583511,5931115,6830508,2271508,1039660,1380539,200000,8016001,12737223,6420497,7653289,3586511,1098767,7222230,822631,1301384,914784
132,0.000398,0.000397,0.000396,0.000395,0.000394,0.000393,0.000392,0.000391,0.00039,0.000389,0.000399,0.0004,0.000401,0.000402,0.000403,0.000404,0.000405,0.000406,0.000407,0.000408,165829,25173315,29151596,7608319,5931115,6830508,2271508,1039660,1380539,200000,8016001,13752975,5407383,7653289,3586511,1098767,7222230,822631,1301384,914784
133,0.000398,0.000397,0.000396,0.000395,0.000394,0.000393,0.000392,0.000391,0.00039,0.000389,0.000399,0.0004,0.000401,0.000402,0.000403,0.000404,0.000405,0.000406,0.000407,0.000408,165829,24703954,21190865,7608319,5931115,6830508,2271508,1039660,1380539,200000,8016001,12745830,6420602,7653289,3586511,1098767,7222230,822631,1301384,914784
134,0.000397,0.000396,0.000395,0.000394,0.000393,0.000392,0.000391,0.00039,0.000389,0.000388,0.000399,0.0004,0.000401,0.000402,0.000403,0.000404,0.000405,0.000406,0.000407,0.000408,29217305,23286421,9558588,6747322,7266283,1834621,1039660,1380539,200000,482359,4828190,10757175,8240947,7653289,3586511,1098767,7222230,822631,880598,914784
135,0.000397,0.000396,0.000395,0.000394,0.000393,0.000392,0.000391,0.00039,0.000389,0.000388,0.000399,0.0004,0.000401,0.000402,0.000403,0.000404,0.000405,0.000406,0.000407,0.000408,24949533,27050125,10478741,6747322,7702058,1834621,1039660,941411,200000,482359,4828190,10757175,8240947,7653289,3586511,1098767,7222230,822631,880598,914784
136,0.000397,0.000396,0.000395,0.000394,0.000393,0.000392,0.000391,0.00039,0.000389,0.000388,0.000399,0.0004,0.000401,0.000402,0.000403,0.000404,0.000405,0.000406,0.000407,0.000408,22454039,32665337,9516487,6747322,7266283,2271508,1039660,941411,200000,482359,4828190,15324377,7227728,7653289,3586511,1098767,7222230,822631,880598,914784
137,0.000397,0.000396,0.000395,0.000394,0.000393,0.000392,0.000391,0.00039,0.000388,0.000387,0.000399,0.0004,0.000401,0.000402,0.000403,0.000404,0.000405,0.000406,0.000407,0.000408,22454039,32621208,9560506,6747322,6830508,2708395,1039660,941411,200000,2001648,4828190,15324377,7227728,7653289,3586511,1098767,7222230,822631,880598,1334538
138,0.000397,0.000396,0.000395,0.000394,0.000393,0.000392,0.000391,0.00039,0.000388,0.000387,0.000399,0.0004,0.000401,0.000402,0.000403,0.000404,0.000405,0.000406,0.000407,0.000408,22454039,27034923,9493567,6814431,6830508,1397734,2353672,941411,200000,2001648,4828190,15324377,7227728,7653289,3586511,1098767,7222230,822631,880598,1334538
139,0.000397,0.000396,0.000395,0.000394,0.000393,0.000392,0.000391,0.00039,0.000388,0.000387,0.000399,0.0004,0.000401,0.000402,0.000403,0.000404,0.000405,0.000406,0.000407,0.000408,22454039,29056683,9493567,6814431,6830508,1834621,1915668,941411,200000,2001648,4828190,15324377,7227728,7653289,3586511,1098767,7222230,822631,880598,1334538
140,0.000397,0.000396,0.000395,0.000394,0.000393,0.000392,0.000391,0.00039,0.000388,0.000387,0.000398,0.000399,0.0004,0.000401,0.000402,0.000403,0.000404,0.000405,0.000406,0.000407,21558084,36852502,9493567,6814431,5741706,1397734,2353672,941411,200000,2001648,118614,3779966,15324377,7227728,7653289,3586511,1098767,7645094,822631,880598
141,0.000397,0.000396,0.000395,0.000394,0.000393,0.000392,0.000391,0.00039,0.000388,0.000387,0.000398,0.000399,0.0004,0.000401,0.000402,0.000403,0.000404,0.000405,0.000406,0.000407,21558084,36843459,9493820,6814431,5305931,2271508,1915668,941411,200000,2001648,200000,5604892,15324377,5407383,7653289,3586511,1098767,7645094,822631,880598
142,0.000397,0.000396,0.000395,0.000394,0.000393,0.000392,0.000391,0.00039,0.000388,0.000387,0.000398,0.000399,0.0004,0.000401,0.000402,0.000403,0.000404,0.000405,0.000406,0.000407,20039833,27169345,12266436,6873717,6091848,1397734,2791676,941411,200000,2001648,200000,5604892,16085567,5407383,6900750,3586511,1098767,7645094,822631,880598
143,0.000397,0.000396,0.000395,0.000394,0.000393,0.000392,0.000391,0.00039,0.000388,0.000387,0.000398,0.000399,0.0004,0.000401,0.000402,0.000403,0.000404,0.000405,0.000406,0.000407,20039833,36854397,10793057,6873717,6091848,1397734,2353672,1380539,200000,2001648,200000,5604892,16085567,5407383,6900750,3586511,1098767,7645094,822631,880598
144,0.000398,0.000397,0.000396,0.000395,0.000394,0.000393,0.000392,0.000391,0.00039,0.000389,0.000399,0.0004,0.000401,0.000402,0.000403,0.000404,0.000405,0.000406,0.000407,0.000408,365829,16707467,33994683,10456092,6095621,6091848,1397734,1477664,1819667,440256,4648325,18090956,5407383,6900750,3586511,1098767,7222230,1244453,880598,914784
145,0.000398,0.000397,0.000396,0.000395,0.000394,0.000393,0.000392,0.000391,0.00039,0.000388,0.000399,0.0004,0.000401,0.000402,0.000403,0.000404,0.000405,0.000406,0.000407,0.000408,9358655,28488641,19450523,10523032,6028512,6091848,1834621,1915668,1380539,200000,365413,10990138,15702146,5791938,4692084,1098767,7222230,822631,1301384,914784
146,0.000399,0.000398,0.000397,0.000396,0.000395,0.000394,0.000393,0.000392,0.000391,0.00039,0.0004,0.000401,0.000402,0.000403,0.000404,0.000405,0.000406,0.000407,0.000408,0.000409,6728170,14540916,24468364,14167814,7862955,6028512,6091848,2271508,654340,1380539,200000,9107720,16165704,5321409,1098767,7222230,822631,880598,1334538,993189
147,0.000399,0.000398,0.000397,0.000396,0.000395,0.000394,0.000393,0.000392,0.000391,0.00039,0.0004,0.000401,0.000402,0.000403,0.000404,0.000405,0.000406,0.000407,0.000408,0.000409,365413,14100374,22798161,16233688,7818936,6028512,6091848,1834621,654340,1819667,4088189,8616488,14292149,4692084,1098767,7222230,822631,880598,1334538,993189
148,0.000399,0.000398,0.000397,0.000396,0.000395,0.000394,0.000393,0.000392,0.000391,0.00039,0.0004,0.000401,0.000402,0.000403,0.000404,0.000405,0.000406,0.000407,0.000408,0.000409,165413,12486938,22761465,16154286,7818936,6028512,6091848,1834621,654340,1819667,4088189,8616488,14292149,4692084,1098767,7222230,822631,880598,1334538,993189
149,0.000399,0.000398,0.000397,0.000396,0.000395,0.000394,0.000393,0.000392,0.000391,0.00039,0.0004,0.000401,0.000402,0.000403,0.000404,0.000405,0.000406,0.000407,0.000408,0.000409,165413,14308748,27091136,9941026,7862955,6028512,6091848,1834621,654340,1819667,4328159,15227631,7431748,4692084,1098767,7222230,822631,880598,1334538,993189
150,0.000398,0.000397,0.000396,0.000395,0.000394,0.000393,0.000392,0.000391,0.00039,0.000388,0.0004,0.000401,0.000402,0.000403,0.000404,0.000405,0.000406,0.000407,0.000408,0.000409,11245721,28052183,8998468,10060815,6530290,6091848,1397734,1092344,1380539,200000,2756164,17253850,8239624,4692084,1098767,7222230,822631,880598,914784,993189
151,0.000398,0.000397,0.000396,0.000395,0.000394,0.000393,0.000392,0.000391,0.00039,0.000388,0.0004,0.000401,0.000402,0.000403,0.000404,0.000405,0.000406,0.000407,0.000408,0.000409,11245721,35155855,9912369,8421178,6530290,6091848,1834621,1092344,941411,200000,2756164,17253850,8239624,4692084,1098767,7222230,822631,880598,914784,993189
152,0.000398,0.000397,0.000396,0.000395,0.000394,0.000393,0.000392,0.000391,0.00039,0.000388,0.0004,0.000401,0.000402,0.000403,0.000404,0.000405,0.000406,0.000407,0.000408,0.000409,11245721,35240441,9912369,8421178,6530290,6091848,1834621,1092344,941411,200000,2756164,17262437,8239624,4692084,1098767,7222230,822631,880598,914784,993189
153,0.000398,0.000397,0.000396,0.000395,0.000394,0.000393,0.000392,0.000391,0.00039,0.000388,0.0004,0.000401,0.000402,0.000403,0.000404,0.000405,0.000406,0.000407,0.000408,0.000409,14779555,30421019,9156150,8488117,6463181,6091848,2271508,654340,941411,200000,2756164,17262437,8239624,4692084,1098767,7222230,822631,880598,914784,993189
154,0.000398,0.000397,0.000396,0.000395,0.000394,0.000393,0.000392,0.000391,0.00039,0.000388,0.0004,0.000401,0.000402,0.000403,0.000404,0.000405,0.000406,0.000407,0.000408,0.000409,14779555,35240106,8998468,9337393,6530290,6091848,2271508,654340,941411,200000,3771806,15236218,8239624,4692084,1098767,7222230,822631,880598,914784,1411917
155,0.000398,0.000397,0.000396,0.000395,0.000394,0.000393,0.000392,0.000391,0.00039,0.000388,0.0004,0.000401,0.000402,0.000403,0.000404,0.000405,0.000406,0.000407,0.000408,0.000409,14779555,33888366,10353393,9337393,6095621,6527623,1834621,1092344,941411,200000,3771806,15236218,8239624,4692084,1098767,7222230,822631,880598,914784,1411917
156,0.000398,0.000397,0.000396,0.000395,0.000394,0.000393,0.000392,0.000391,0.00039,0.000388,0.000399,0.0004,0.000401,0.000402,0.000403,0.000404,0.000405,0.000406,0.000407,0.000408,7707797,28351588,9344695,8314312,7121298,6091848,1834621,1092344,1380539,200000,661474,8220948,15236218,6421263,4692084,1098767,7222230,1244453,880598,914784
157,0.000398,0.000397,0.000396,0.000395,0.000394,0.000393,0.000392,0.000391,0.00039,0.000388,0.000399,0.0004,0.000401,0.000402,0.000403,0.000404,0.000405,0.000406,0.000407,0.000408,7426255,33072101,14014666,8314312,7121298,6091848,1397734,1092344,1819667,200000,14103,7205306,16249433,6421263,4692084,1098767,7222230,1244453,880598,914784
158,0.000399,0.000398,0.000397,0.000396,0.000395,0.000394,0.000393,0.000392,0.000391,0.00039,0.0004,0.000401,0.000402,0.000403,0.000404,0.000405,0.000406,0.000407,0.000408,0.000409,1142749,16010276,26656484,8998468,6593895,6095621,6091848,2271508,654340,1380539,4193124,8516080,14283663,4692084,1098767,7222230,822631,1301384,914784,993189
159,0.000399,0.000398,0.000397,0.000396,0.000395,0.000394,0.000393,0.000392,0.000391,0.00039,0.0004,0.000401,0.000402,0.000403,0.000404,0.000405,0.000406,0.000407,0.000408,0.000409,1142749,15364768,26358944,8998468,6442799,6095621,6091848,1397734,1530348,941411,4193124,8516080,14283663,4692084,1098767,7222230,822631,2072421,914784,222152
160,0.000399,0.000398,0.000397,0.000396,0.000395,0.000394,0.000393,0.000392,0.000391,0.00039,0.0004,0.000401,0.000402,0.000403,0.000404,0.000405,0.000406,0.000407,0.000408,0.000409,1142749,13827683,25421836,8998450,6442799,6095621,6091848,1397734,216336,1819667,4193124,9529185,13273077,4692084,1098767,7222230,822631,2072421,914784,222152
161,0.000399,0.000398,0.000397,0.000396,0.000395,0.000394,0.000393,0.000392,0.000391,0.00039,0.0004,0.000401,0.000402,0.000403,0.000404,0.000405,0.000406,0.000407,0.000408,0.000409,977336,13827683,27362691,8998450,6442799,6095621,6091848,960847,654340,2258795,4193124,16380999,6421263,4692084,1098767,7222230,822631,2072421,914784,222152
162,0.000399,0.000398,0.000397,0.000396,0.000395,0.000394,0.000393,0.000392,0.000391,0.00039,0.0004,0.000401,0.000402,0.000403,0.000404,0.000405,0.000406,0.000407,0.000408,0.000409,977336,13827683,29127061,8998450,5673969,7017882,6091848,960847,1092344,1819667,4193124,16380999,6421263,4692084,1098767,7222230,1244453,1651635,914784,222152
163,0.000399,0.000398,0.000397,0.000396,0.000395,0.000394,0.000393,0.000392,0.000391,0.00039,0.0004,0.000401,0.000402,0.000403,0.000404,0.000405,0.000406,0.000407,0.000408,0.000409,977336,17425057,25279019,8998450,5629950,7017882,6091848,960847,1530348,1380539,4193124,16380999,6421263,4692084,1098767,7222230,1244453,1651635,914784,222152
164,0.000399,0.000398,0.000397,0.000396,0.000395,0.000394,0.000393,0.000392,0.000391,0.00039,0.0004,0.000401,0.000402,0.000403,0.000404,0.000405,0.000406,0.000407,0.000408,0.000409,958696,13827683,24439242,11823914,6546164,7121298,6091848,960847,1092344,1819667,4193124,16380999,6421263,4692084,1098767,7222230,1244453,1651635,914784,222152
165,0.000399,0.000398,0.000397,0.000396,0.000395,0.000394,0.000393,0.000392,0.000391,0.00039,0.0004,0.000401,0.000402,0.000403,0.000404,0.000405,0.000406,0.000407,0.000408,0.000409,165413,12793564,23656786,11094379,7702728,7121298,6091848,960847,654340,2258795,4968158,16380999,6421263,4692084,1098767,7222230,822631,1651635,1334538,222152
166,0.000398,0.000397,0.000396,0.000395,0.000394,0.000393,0.000392,0.000391,0.00039,0.000389,0.000399,0.0004,0.000401,0.000402,0.000403,0.000404,0.000405,0.000406,0.000407,0.000408,13174367,24367930,10961417,9045445,7121482,6091848,1834621,654340,941411,880512,365413,4065700,16380999,6421263,4692084,1098767,7645094,822631,1651635,914784
167,0.000397,0.000396,0.000395,0.000394,0.000393,0.000392,0.000391,0.00039,0.000389,0.000388,0.000399,0.0004,0.000401,0.000402,0.000403,0.000404,0.000405,0.000406,0.000407,0.000408,21135206,17697077,15705758,6787910,7268701,960847,2123546,941411,1320768,200000,2532919,16193291,7313523,6803434,3586511,1522677,7222230,822631,1651635,914784
168,0.000398,0.000397,0.000396,0.000395,0.000394,0.000393,0.000392,0.000391,0.00039,0.000389,0.000399,0.0004,0.000401,0.000402,0.000403,0.000404,0.000405,0.000406,0.000407,0.000408,10011128,29158929,11664431,10744432,6680126,8229893,1028299,654340,1380539,880512,1338596,8704696,14962505,5791938,4583635,1522677,7222230,822631,1651635,914784
169,0.000398,0.000397,0.000396,0.000395,0.000394,0.000393,0.000392,0.000391,0.00039,0.000389,0.0004,0.000401,0.000402,0.000403,0.000404,0.000405,0.000406,0.000407,0.000408,0.000409,15624985,37978175,11319073,6771076,7762737,7187600,960847,1092344,941411,440256,4324737,15340879,7567905,4583635,1522677,7222230,822631,1651635,914784,222152
170,0.000398,0.000397,0.000396,0.000395,0.000394,0.000393,0.000392,0.000391,0.00039,0.000389,0.0004,0.000401,0.000402,0.000403,0.000404,0.000405,0.000406,0.000407,0.000408,0.000409,15624985,39228316,8980103,6218773,5866115,7083920,1397734,216336,1380539,440256,3308685,16354190,7567905,4583635,1098767,7645094,822631,1651635,914784,222152
171,0.000398,0.000397,0.000396,0.000395,0.000394,0.000393,0.000392,0.000391,0.00039,0.000389,0.0004,0.000401,0.000402,0.000403,0.000404,0.000405,0.000406,0.000407,0.000408,0.000409,15604721,34599406,9044092,8451649,7762737,7120320,1465186,216336,1380539,440256,3308685,17060472,7567905,4583635,1522677,7222230,822631,1651635,914784,222152
172,0.000399,0.000398,0.000397,0.000396,0.000395,0.000394,0.000393,0.000392,0.000391,0.00039,0.0004,0.000401,0.000402,0.000403,0.000404,0.000405,0.000406,0.000407,0.000408,0.000409,5359491,19394151,34285562,7650977,5412721,7762737,7120484,1465186,216336,1380539,1393031,9743000,15628530,3586511,2134759,7645094,822631,1651635,914784,222152
173,0.000399,0.000398,0.000397,0.000396,0.000395,0.000394,0.000393,0.000392,0.000391,0.00039,0.0004,0.000401,0.000402,0.000403,0.000404,0.000405,0.000406,0.000407,0.000408,0.000409,7649043,17739810,31958103,8151189,5412721,6844106,7143521,960847,654340,1380539,1228031,9741487,15628530,3586511,2134759,7222230,1244453,1651635,914784,222152
174,0.0004,0.000399,0.000398,0.000397,0.000396,0.000395,0.000394,0.000393,0.000392,0.000391,0.000401,0.000402,0.000403,0.000404,0.000405,0.000406,0.000407,0.000408,0.000409,0.00041,424546,12340623,23346069,13198617,6903757,6890792,2158944,6091848,1834621,216336,5265477,8840156,9072382,3374949,9587275,822631,2072421,914784,222152,2720553
175,0.0004,0.000399,0.000398,0.000397,0.000396,0.000395,0.000394,0.000393,0.000392,0.000391,0.000401,0.000402,0.000403,0.000404,0.000405,0.000406,0.000407,0.000408,0.000409,0.00041,259546,12340623,19634739,12729819,6903757,6890792,2158944,6091848,960847,654340,5265477,8840156,9072382,3374949,9587275,822631,2072421,914784,222152,2720553
176,0.000399,0.000398,0.000397,0.000396,0.000395,0.000394,0.000393,0.000392,0.000391,0.00039,0.000401,0.000402,0.000403,0.000404,0.000405,0.000406,0.000407,0.000408,0.000409,0.00041,20064389,22708940,10784502,6925784,6890792,2158944,6091848,960847,654340,941411,3454223,8840156,10883636,3374949,9587275,1244453,1651635,914784,222152,2720553
177,0.000399,0.000398,0.000397,0.000396,0.000395,0.000394,0.000393,0.000392,0.000391,0.00039,0.000401,0.000402,0.000403,0.000404,0.000405,0.000406,0.000407,0.000408,0.000409,0.00041,20114658,25291365,11807605,8032279,6707925,2158944,6527623,960847,654340,941411,4467121,15683406,6560280,3374949,9587275,822631,2072421,914784,222152,2720553
178,0.000399,0.000398,0.000397,0.000396,0.000395,0.000394,0.000393,0.000392,0.000391,0.00039,0.000401,0.000402,0.000403,0.000404,0.000405,0.000406,0.000407,0.000408,0.000409,0.00041,20114658,25291365,11807605,8032279,6707925,1236335,6527623,960847,654340,941411,4467121,15683054,6560280,3374949,9587275,822631,1651635,1334538,222152,2720553
179,0.000399,0.000398,0.000397,0.000396,0.000395,0.000394,0.000393,0.000392,0.000391,0.00039,0.000401,0.000402,0.000403,0.000404,0.000405,0.000406,0.000407,0.000408,0.000409,0.00041,22042910,29482602,6546731,8010252,6707925,1236335,6527623,960847,654340,941411,3454223,16693432,6560280,3374949,9587275,822631,1651635,1334538,222152,2720553
180,0.000399,0.000398,0.000397,0.000396,0.000395,0.000394,0.000393,0.000392,0.000391,0.00039,0.000401,0.000402,0.000403,0.000404,0.000405,0.000406,0.000407,0.000408,0.000409,0.00041,21993035,28861785,6546731,8010252,6707925,1236335,6527623,1397734,216336,1380539,3454223,16693432,6560280,3374949,9587275,822631,1651635,914784,640880,2720553
181,0.000399,0.000398,0.000397,0.000396,0.000395,0.000394,0.000393,0.000392,0.000391,0.00039,0.000401,0.000402,0.000403,0.000404,0.000405,0.000406,0.000407,0.000408,0.000409,0.00041,21993035,27007269,6546731,8010252,6707925,1236335,6527623,1397734,654340,941411,3682824,16470070,6560280,3374949,9587275,822631,1651635,1334538,222152,2720553
182,0.000399,0.000398,0.000397,0.000396,0.000395,0.000394,0.000393,0.000392,0.000391,0.00039,0.000401,0.000402,0.000403,0.000404,0.000405,0.000406,0.000407,0.000408,0.000409,0.00041,20993035,27838225,7568836,8010252,6707925,1236335,6527623,960847,654340,1380539,5454365,15459692,6560280,3374949,9587275,822631,1651635,1334538,222152,2720553
183,0.000399,0.000398,0.000397,0.000396,0.000395,0.000394,0.000393,0.000392,0.000391,0.00039,0.000401,0.000402,0.000403,0.000404,0.000405,0.000406,0.000407,0.000408,0.000409,0.00041,20993035,27838207,7568836,8010252,7466273,2262382,6594915,960847,654340,1380539,5454365,15459692,6560280,3374949,9587275,822631,1651635,1334538,222152,2720553
184,0.000399,0.000398,0.000397,0.000396,0.000395,0.000394,0.000393,0.000392,0.000391,0.00039,0.000401,0.000402,0.000403,0.000404,0.000405,0.000406,0.000407,0.000408,0.000409,0.00041,21995541,27838207,7568836,8910417,6707925,2262363,6594915,1397734,216336,1380539,5454365,15459692,6560280,3374949,9587275,822631,1651635,914784,640880,2720553
185,0.000399,0.000398,0.000397,0.000396,0.000395,0.000394,0.000393,0.000392,0.000391,0.00039,0.000401,0.000402,0.000403,0.000404,0.000405,0.000406,0.000407,0.000408,0.000409,0.00041,21995541,26998727,6691100,8766685,6707925,2262363,6594915,1397734,216336,1819667,4441467,16470070,6560280,3374949,9587275,822631,1651635,914784,222152,3138260
186,0.0004,0.000399,0.000398,0.000397,0.000396,0.000395,0.000394,0.000393,0.000392,0.000391,0.000401,0.000402,0.000403,0.000404,0.000405,0.000406,0.000407,0.000408,0.000409,0.00041,365000,10690375,19726106,7490597,7971044,6707925,2262363,6091848,1397734,654340,3346090,15675779,6560280,3374949,9587275,822631,1651635,1334538,222152,2720553
187,0.0004,0.000399,0.000398,0.000397,0.000396,0.000395,0.000394,0.000393,0.000392,0.000391,0.000401,0.000402,0.000403,0.000404,0.000405,0.000406,0.000407,0.000408,0.000409,0.00041,365000,11708142,17644464,7490597,7971044,6707925,2262363,6091848,1397734,654340,5157344,15675779,5754132,3374949,9587275,822631,1651635,1334538,222152,2720553
188,0.0004,0.000399,0.000398,0.000397,0.000396,0.000395,0.000394,0.000393,0.000392,0.000391,0.000401,0.000402,0.000403,0.000404,0.000405,0.000406,0.000407,0.000408,0.000409,0.00041,365000,11708142,23797120,7490597,7214611,6707925,2158944,6091848,1397734,1530348,5157344,15675779,5754132,3374949,9587275,822631,1651635,1334538,222152,2720553
189,0.0004,0.000399,0.000398,0.000397,0.000396,0.000395,0.000394,0.000393,0.000392,0.000391,0.000401,0.000402,0.000403,0.000404,0.000405,0.000406,0.000407,0.000408,0.000409,0.00041,365000,11708142,25553698,7490597,7214611,6707925,2158944,6091848,1397734,1530348,5157344,15675779,5754132,3374949,9587275,822631,1651635,1334538,222152,2720553
190,0.0004,0.000399,0.000398,0.000397,0.000396,0.000395,0.000394,0.000393,0.000392,0.000391,0.000401,0.000402,0.000403,0.000404,0.000405,0.000406,0.000407,0.000408,0.000409,0.00041,365000,15289634,23797372,7416501,7214611,6707925,1236335,6091848,1834621,1092344,5157344,15675779,5754132,3374949,9587275,822631,1651635,1334538,222152,2720553
191,0.0004,0.000399,0.000398,0.000397,0.000396,0.000395,0.000394,0.000393,0.000392,0.000391,0.000401,0.000402,0.000403,0.000404,0.000405,0.000406,0.000407,0.000408,0.000409,0.00041,365000,11708142,20069980,7414504,7214611,6707925,1236335,6091848,2708395,654340,5385917,15451148,5754132,3374949,9587275,822631,1651635,1334538,222152,2720553
192,0.0004,0.000399,0.000398,0.000397,0.000396,0.000395,0.000394,0.000393,0.000392,0.000391,0.000401,0.000402,0.000403,0.000404,0.000405,0.000406,0.000407,0.000408,0.000409,0.00041,8963404,20569129,12294957,9230865,5397535,6707925,1236335,6091848,2708395,654340,1357941,9890499,14400092,3374949,9587275,822631,1651635,1334538,222152,2720553
193,0.0004,0.000399,0.000398,0.000397,0.000396,0.000395,0.000394,0.000393,0.000392,0.000391,0.000401,0.000402,0.000403,0.000404,0.000405,0.000406,0.000407,0.000408,0.000409,0.00041,365000,12168291,23341075,9230865,5397535,6707925,1236335,6963398,2271508,216336,8906516,8151296,13218163,3374949,9587275,822631,2072421,914784,222152,2720553
194,0.000399,0.000398,0.000397,0.000396,0.000395,0.000394,0.000393,0.000392,0.000391,0.00039,0.000401,0.000402,0.000403,0.000404,0.000405,0.000406,0.000407,0.000408,0.000409,0.00041,11459864,27769116,8342119,7075783,5622270,1236335,6963398,1834621,654340,941411,4012629,7591894,15029417,2338957,9587275,822631,2072421,914784,222152,2720553
195,0.000399,0.000398,0.000397,0.000396,0.000395,0.000394,0.000393,0.000392,0.000391,0.00039,0.000401,0.000402,0.000403,0.000404,0.000405,0.000406,0.000407,0.000408,0.000409,0.00041,10442097,28789652,8342119,7832216,5622270,3897620,6527623,960847,216336,941411,4012629,15445525,7187045,2338957,9587275,822631,1651635,914784,640880,2720553
196,0.000399,0.000398,0.000397,0.000396,0.000395,0.000394,0.000393,0.000392,0.000391,0.00039,0.000401,0.000402,0.000403,0.000404,0.000405,0.000406,0.000407,0.000408,0.000409,0.00041,17678311,25196511,8342119,7832216,6775629,3028282,6527623,960847,216336,941411,4012629,15445525,7187045,2338957,9587275,822631,1651635,914784,640880,2720553
197,0.000399,0.000398,0.000397,0.000396,0.000395,0.000394,0.000393,0.000392,0.000391,0.00039,0.000401,0.000402,0.000403,0.000404,0.000405,0.000406,0.000407,0.000408,0.000409,0.00041,15981014,29734188,8342119,8264690,7008938,3462951,6527623,960847,216336,941411,4296084,16012436,7187045,3378294,9587275,822631,1651635,914784,640880,2720553
198,0.000399,0.000398,0.000397,0.000396,0.000395,0.000394,0.000393,0.000392,0.000391,0.00039,0.000401,0.000402,0.000403,0.000404,0.000405,0.000406,0.000407,0.000408,0.000409,0.00041,17081014,28644083,8342119,7832216,7442507,3462951,6527623,960847,216336,941411,4296084,16012436,7187045,3378294,9587275,822631,1651635,914784,640880,2720553
199,0.000399,0.000398,0.000397,0.000396,0.000395,0.000394,0.000393,0.000392,0.000391,0.00039,0.000401,0.000402,0.000403,0.000404,0.000405,0.000406,0.000407,0.000408,0.000409,0.00041,16985514,28644083,8485440,10302478,9768105,3072385,6594843,960847,216336,941411,4296084,16012436,7187045,3378294,9587275,822631,1651635,914784,222152,3138260
200,0.000399,0.000398,0.000397,0.000396,0.000395,0.000394,0.000393,0.000392,0.000391,0.00039,0.000401,0.000402,0.000403,0.000404,0.000405,0.000406,0.000407,0.000408,0.000409,0.00041,16985514,28643530,10182216,11216587,8851681,3028282,6594843,960847,216336,941411,4296084,9169186,7187045,3378294,9587275,822631,1651635,914784,222152,3138260
201,0.0004,0.000399,0.000398,0.000397,0.000396,0.000395,0.000394,0.000393,0.000392,0.000391,0.000401,0.000402,0.000403,0.000404,0.000405,0.000406,0.000407,0.000408,0.000409,0.00041,151245,16985514,28643530,10112959,7173827,7442507,3028282,6091848,1834621,216336,4297935,16003892,7187045,3378294,9587275,822631,2072421,914784,222152,2720553
202,0.0004,0.000399,0.000398,0.000397,0.000396,0.000395,0.000394,0.000393,0.000392,0.000391,0.000401,0.000402,0.000403,0.000404,0.000405,0.000406,0.000407,0.000408,0.000409,0.00041,5571861,23253264,18472675,8342119,6417394,7442507,2105673,6091848,1834621,216336,1073201,8758932,15818163,2338957,10638522,822631,2072421,914784,222152,2720553
203,0.0004,0.000399,0.000398,0.000397,0.000396,0.000395,0.000394,0.000393,0.000392,0.000391,0.000401,0.000402,0.000403,0.000404,0.000405,0.000406,0.000407,0.000408,0.000409,0.00041,6658550,22354311,18472675,9096647,7823010,7929211,2540342,6527623,960847,216336,1073201,8982029,15594945,2338957,10638522,822631,1651635,1334538,222152,2720553
204,0.0004,0.000399,0.000398,0.000397,0.000396,0.000395,0.000394,0.000393,0.000392,0.000391,0.000401,0.000402,0.000403,0.000404,0.000405,0.000406,0.000407,0.000408,0.000409,0.00041,7004790,19230364,18472675,9829560,7390536,8796349,2105673,6527623,960847,216336,1073201,8982029,15594945,2338957,10638522,822631,1651635,1334538,222152,2720553
205,0.0004,0.000399,0.000398,0.000397,0.000396,0.000395,0.000394,0.000393,0.000392,0.000391,0.000401,0.000402,0.000403,0.000404,0.000405,0.000406,0.000407,0.000408,0.000409,0.00041,6954915,22670375,14070975,9829560,8486815,7262333,2540342,6527623,960847,216336,1073201,8982029,15594945,2338957,10638522,822631,1651635,1334538,222152,2720553
206,0.0004,0.000399,0.000398,0.000397,0.000396,0.000395,0.000394,0.000393,0.000392,0.000391,0.000401,0.000402,0.000403,0.000404,0.000405,0.000406,0.000407,0.000408,0.000409,0.00041,8592626,25103038,11637969,9829560,8486815,7262333,2540342,6527623,960847,216336,1073201,8982029,15594945,2338957,10638522,822631,1651635,914784,640880,2720553
207,0.0004,0.000399,0.000398,0.000397,0.000396,0.000395,0.000394,0.000393,0.000392,0.000391,0.000401,0.000402,0.000403,0.000404,0.000405,0.000406,0.000407,0.000408,0.000409,0.00041,7595744,25103038,11637969,9829560,8486815,6828764,1671004,7834948,960847,216336,873201,8982029,15594945,2338957,10638522,822631,1651635,914784,640880,2720553
208,0.0004,0.000399,0.000398,0.000397,0.000396,0.000395,0.000394,0.000393,0.000392,0.000391,0.000401,0.000402,0.000403,0.000404,0.000405,0.000406,0.000407,0.000408,0.000409,0.00041,8807115,21787292,8239440,9829560,8486815,6828764,2540342,6963398,960847,216336,1073201,8982029,15594945,2338957,10638522,822631,1651635,914784,640880,2720553
209,0.0004,0.000399,0.000398,0.000397,0.000396,0.000395,0.000394,0.000393,0.000392,0.000391,0.000401,0.000402,0.000403,0.000404,0.000405,0.000406,0.000407,0.000408,0.000409,0.00041,10053997,23697097,8239440,9829560,8486815,6828764,2975011,6527623,960847,216336,1073201,8982029,15594945,2338957,10638522,822631,1651635,914784,640880,2720553
210,0.0004,0.000399,0.000398,0.000397,0.000396,0.000395,0.000394,0.000393,0.000392,0.000391,0.000401,0.000402,0.000403,0.000404,0.000405,0.000406,0.000407,0.000408,0.000409,0.00041,10053997,23697097,8239440,9075032,7513673,6828764,2975011,6527623,960847,216336,708613,8982029,15594945,2338957,10638522,822631,1651635,914784,640880,2720553
211,0.000401,0.0004,0.000399,0.000398,0.000397,0.000396,0.000395,0.000394,0.000393,0.000392,0.000403,0.000404,0.000405,0.000406,0.000407,0.000408,0.000409,0.00041,0.000411,0.000412,8330916,25597244,14325659,7406549,5070153,3052395,3272648,2975011,6527623,960847,9989890,15764999,6531349,3284967,4016680,914784,1059184,2720553,200000,698554
212,0.000401,0.0004,0.000399,0.000398,0.000397,0.000396,0.000395,0.000394,0.000393,0.000392,0.000403,0.000404,0.000405,0.000406,0.000407,0.000408,0.000409,0.00041,0.000411,0.000412,8345678,26263503,12178399,7406549,4315776,4782291,2785944,1236335,6091848,960847,5693572,15537309,8671078,3284967,4016680,914784,1059184,2720553,200000,698554
213,0.000402,0.000401,0.0004,0.000399,0.000398,0.000397,0.000396,0.000395,0.000394,0.000393,0.000403,0.000404,0.000405,0.000406,0.000407,0.000408,0.000409,0.00041,0.000411,0.000412,364179,12550731,18169060,12178399,5893108,5829528,3686012,2352375,1236335,6091848,3659146,15760991,9338206,3284967,4016680,914784,1059184,2720553,200000,698554
214,0.000402,0.000401,0.0004,0.000399,0.000398,0.000397,0.000396,0.000395,0.000394,0.000393,0.000403,0.000404,0.000405,0.000406,0.000407,0.000408,0.000409,0.00041,0.000411,0.000412,364179,13471083,16054464,15442084,4576118,5398143,2821064,3219513,1671004,6091848,4636115,15528851,7533419,3284967,4016680,914784,1059184,2720553,200000,698554
215,0.000401,0.0004,0.000399,0.000398,0.000397,0.000396,0.000395,0.000394,0.000393,0.000392,0.000403,0.000404,0.000405,0.000406,0.000407,0.000408,0.000409,0.00041,0.000411,0.000412,13471083,23339756,13492895,6187464,5398143,3253538,2352375,2105673,6091848,960847,3646646,15528851,10481687,3284967,4016680,914784,1059184,2720553,200000,698554
216,0.000401,0.0004,0.000399,0.000398,0.000397,0.000396,0.000395,0.000394,0.000393,0.000392,0.000403,0.000404,0.000405,0.000406,0.000407,0.000408,0.000409,0.00041,0.000411,0.000412,14133884,24354352,13492895,6187464,5829528,3686012,2352375,1236335,6091848,960847,3646646,15528851,10481687,3284967,4016680,914784,1059184,2720553,200000,698554
217,0.000401,0.0004,0.000399,0.000398,0.000397,0.000396,0.000395,0.000394,0.000393,0.000392,0.000403,0.000404,0.000405,0.000406,0.000407,0.000408,0.000409,0.00041,0.000411,0.000412,14136409,24362810,13492895,6187464,5829528,3686012,2352375,1236335,6091848,960847,3646646,16541860,9479617,3284967,4016680,914784,1059184,2720553,200000,698554
218,0.000401,0.0004,0.000399,0.000398,0.000397,0.000396,0.000395,0.000394,0.000393,0.000392,0.000403,0.000404,0.000405,0.000406,0.000407,0.000408,0.000409,0.00041,0.000411,0.000412,14136409,24787467,13492895,6187464,5398143,2821064,3219513,1671004,6091848,960847,3646646,16541860,9479617,3284967,4016680,914784,1059184,2720553,200000,698554
219,0.000401,0.0004,0.000399,0.000398,0.000397,0.000396,0.000395,0.000394,0.000393,0.000392,0.000403,0.000404,0.000405,0.000406,0.000407,0.000408,0.000409,0.00041,0.000411,0.000412,14136409,24787467,13492895,6187464,5398143,2821064,2785944,2105673,6091848,960847,3646646,16541860,9479617,3284967,4016680,914784,1059184,2558342,200000,698554
220,0.000402,0.000401,0.0004,0.000399,0.000398,0.000397,0.000396,0.000395,0.000394,0.000393,0.000403,0.000404,0.000405,0.000406,0.000407,0.000408,0.000409,0.00041,0.000411,0.000412,424536,12563718,15859698,13492895,4576118,5398143,2821064,2251774,1236335,6527623,1785242,9710107,15142804,3284967,4016680,914784,1059184,3379471,200000,1114233
221,0.000402,0.000401,0.0004,0.000399,0.000398,0.000397,0.000396,0.000395,0.000394,0.000393,0.000403,0.000404,0.000405,0.000406,0.000407,0.000408,0.000409,0.00041,0.000411,0.000412,424536,13710329,18887712,10040535,4576118,5398143,2388590,1818205,2540342,6091848,674771,8705556,16144670,3284967,4016680,914784,1059184,3541682,200000,1114233
222,0.000402,0.000401,0.0004,0.000399,0.000398,0.000397,0.000396,0.000395,0.000394,0.000393,0.000403,0.000404,0.000405,0.000406,0.000407,0.000408,0.000409,0.00041,0.000411,0.000412,424536,13710329,16891823,10040535,4576118,5398143,2388590,2251774,2105673,6091848,1784649,8705556,16144670,3284967,4016680,914784,1059184,3541682,200000,1114233
223,0.000402,0.000401,0.0004,0.000399,0.000398,0.000397,0.000396,0.000395,0.000394,0.000393,0.000403,0.000404,0.000405,0.000406,0.000407,0.000408,0.000409,0.00041,0.000411,0.000412,424536,12919266,19415132,10040535,4576118,5398143,2821064,2685343,1236335,6091848,1784649,15506301,10268765,3284967,4016680,914784,1059184,3541682,200000,698554
224,0.000402,0.000401,0.0004,0.000399,0.000398,0.000397,0.000396,0.000395,0.000394,0.000393,0.000403,0.000404,0.000405,0.000406,0.000407,0.000408,0.000409,0.00041,0.000411,0.000412,424536,13180386,16606533,9264356,4576118,5398143,2821064,2685343,1236335,6091848,3586901,15506301,7533215,3284967,4016680,914784,1059184,3541682,200000,1114233
225,0.000402,0.000401,0.0004,0.000399,0.000398,0.000397,0.000396,0.000395,0.000394,0.000393,0.000403,0.000404,0.000405,0.000406,0.000407,0.000408,0.000409,0.00041,0.000411,0.000412,424536,20460582,13960268,9264356,4576118,5398143,2821064,2685343,1236335,6091848,3636577,15506301,7533215,3284967,4016680,914784,1059184,3541682,200000,1114233
226,0.000402,0.000401,0.0004,0.000399,0.000398,0.000397,0.000396,0.000395,0.000394,0.000393,0.000403,0.000404,0.000405,0.000406,0.000407,0.000408,0.000409,0.00041,0.000411,0.000412,424536,20460641,13960268,9264356,4576118,5398143,2821064,2251774,1671004,6091848,3636577,15506301,8272829,3284967,4016680,914784,1059184,3541682,200000,1114233
227,0.000402,0.000401,0.0004,0.000399,0.000398,0.000397,0.000396,0.000395,0.000394,0.000393,0.000403,0.000404,0.000405,0.000406,0.000407,0.000408,0.000409,0.00041,0.000411,0.000412,424536,19671650,13960268,9264356,4576118,5398143,2821064,2251774,1671004,6091848,3636577,15506301,8272829,3284967,4016680,914784,1059184,3541682,200000,1114233
228,0.000402,0.000401,0.0004,0.000399,0.000398,0.000397,0.000396,0.000395,0.000394,0.000393,0.000403,0.000404,0.000405,0.000406,0.000407,0.000408,0.000409,0.00041,0.000411,0.000412,424536,13295330,14974657,9264356,4576118,5398143,3253538,2251774,1236335,6091848,3636577,15506301,8272829,3284967,4016680,914784,1059184,2720553,616690,698554
229,0.000401,0.0004,0.000399,0.000398,0.000397,0.000396,0.000395,0.000394,0.000393,0.000392,0.000402,0.000403,0.000404,0.000405,0.000406,0.000407,0.000408,0.000409,0.00041,0.000411,16682441,18453600,11298092,8945908,6745136,2864835,3389473,1236335,6091848,960847,2296768,7538057,15613957,8267473,2044777,4016680,914784,222152,3138260,200000
230,0.000401,0.0004,0.000399,0.000398,0.000397,0.000396,0.000395,0.000394,0.000393,0.000392,0.000402,0.000403,0.000404,0.000405,0.000406,0.000407,0.000408,0.000409,0.00041,0.000411,5446420,17463198,18903595,8087794,6313751,3796470,2955904,1236335,6091848,960847,1360947,10049277,17582240,6531349,2079708,4016680,914784,222152,3138260,200000
231,0.000401,0.0004,0.000399,0.000398,0.000397,0.000396,0.000395,0.000394,0.000393,0.000392,0.000403,0.000404,0.000405,0.000406,0.000407,0.000408,0.000409,0.00041,0.000411,0.000412,10184608,23940050,16082039,7335323,6313751,3379106,3389473,1236335,6091848,262034,3542905,17442050,9267891,3319898,4016680,914784,1275886,2720553,200000,698554
232,0.000402,0.000401,0.0004,0.000399,0.000398,0.000397,0.000396,0.000395,0.000394,0.000393,0.000403,0.000404,0.000405,0.000406,0.000407,0.000408,0.000409,0.00041,0.000411,0.000412,81740,8571511,19369993,17941724,8626226,7176521,2022803,2522335,1236335,6091848,6242810,17433570,6531349,3319898,4016680,914784,1275886,2720553,200000,698554
233,0.000401,0.0004,0.000399,0.000398,0.000397,0.000396,0.000395,0.000394,0.000393,0.000392,0.000403,0.000404,0.000405,0.000406,0.000407,0.000408,0.000409,0.00041,0.000411,0.000412,13279438,27485502,15259314,7301519,6313751,2821064,2661925,1236335,6091848,262034,2541699,18365114,9070457,3319898,4016680,914784,1057202,2720553,200000,698554
234,0.000401,0.0004,0.000399,0.000398,0.000397,0.000396,0.000395,0.000394,0.000393,0.000392,0.000403,0.000404,0.000405,0.000406,0.000407,0.000408,0.000409,0.00041,0.000411,0.000412,12913263,27628534,15857852,7301519,6313751,1956116,2228356,1236335,6091848,262034,2541699,18365114,9070457,3319898,3245643,914784,1828239,2720553,200000,698554
235,0.000401,0.0004,0.000399,0.000398,0.000397,0.000396,0.000395,0.000394,0.000393,0.000392,0.000403,0.000404,0.000405,0.000406,0.000407,0.000408,0.000409,0.00041,0.000411,0.000412,12913263,29476352,12139382,10999367,6788796,2081684,2228356,1236335,6091848,262034,2541699,18365114,9070457,3319898,3245643,914784,1828239,2720553,200000,698554
236,0.000402,0.000401,0.0004,0.000399,0.000398,0.000397,0.000396,0.000395,0.000394,0.000393,0.000403,0.000404,0.000405,0.000406,0.000407,0.000408,0.000409,0.00041,0.000411,0.000412,200000,16420725,29368604,11513340,7266305,7278913,2022803,2228356,1236335,6091848,3648543,20246376,8333601,3319898,3245643,914784,1828239,2720553,200000,698554
237,0.000402,0.000401,0.0004,0.000399,0.000398,0.000397,0.000396,0.000395,0.000394,0.000393,0.000403,0.000404,0.000405,0.000406,0.000407,0.000408,0.000409,0.00041,0.000411,0.000412,200000,16420725,25464757,12543390,6405703,6847528,2887751,3095494,1236335,6091848,5540267,20140115,6531349,3319898,3245643,914784,1828239,2720553,200000,1114233
238,0.000401,0.0004,0.000399,0.000398,0.000397,0.000396,0.000395,0.000394,0.000393,0.000392,0.000403,0.000404,0.000405,0.000406,0.000407,0.000408,0.000409,0.00041,0.000411,0.000412,16470352,29158547,12024918,9773729,7651566,2081684,2228356,1236335,6091848,262034,3648543,20140115,9495186,3319898,3245643,914784,1828239,2720553,200000,698554
239,0.000401,0.0004,0.000399,0.000398,0.000397,0.000396,0.000395,0.000394,0.000393,0.000392,0.000403,0.000404,0.000405,0.000406,0.000407,0.000408,0.000409,0.00041,0.000411,0.000412,16420725,29158547,12014857,9773729,7651566,2081684,2228356,1236335,6091848,262034,3648543,20140115,9495186,3319898,3245643,914784,1828239,2720553,200000,698554
240,0.000401,0.0004,0.000399,0.000398,0.000397,0.000396,0.000395,0.000394,0.000393,0.000392,0.000403,0.000404,0.000405,0.000406,0.000407,0.000408,0.000409,0.00041,0.000411,0.000412,16403789,29383812,12014857,11666969,7220181,2081684,2228356,1236335,6091848,262034,3648543,18398713,9495186,3319898,3245643,914784,1828239,2720553,200000,698554
241,0.000401,0.0004,0.000399,0.000398,0.000397,0.000396,0.000395,0.000394,0.000393,0.000392,0.000403,0.000404,0.000405,0.000406,0.000407,0.000408,0.000409,0.00041,0.000411,0.000412,16355979,29551208,12014857,11667299,7220361,2081684,2228356,1236335,6091848,262034,3648543,18398713,9495186,3319898,3245643,914784,1828239,2720553,200000,698554
242,0.000401,0.0004,0.000399,0.000398,0.000397,0.000396,0.000395,0.000394,0.000393,0.000392,0.000403,0.000404,0.000405,0.000406,0.000407,0.000408,0.000409,0.00041,0.000411,0.000412,16355979,29551208,12014857,11667299,7220361,2081684,2228356,1236335,6091848,262034,3648543,18398713,9495186,3319898,3245643,914784,1828239,2720553,200000,698554
243,0.000401,0.0004,0.000399,0.000398,0.000397,0.000396,0.000395,0.000394,0.000393,0.000392,0.000403,0.000404,0.000405,0.000406,0.000407,0.000408,0.000409,0.00041,0.000411,0.000412,16355979,27383350,12765602,12263271,7220361,2081684,2228356,1236335,6091848,262034,3648543,20246627,9495186,3319898,3245643,914784,1828239,2720553,200000,698554
244,0.000402,0.000401,0.0004,0.000399,0.000398,0.000397,0.000396,0.000395,0.000394,0.000393,0.000403,0.000404,0.000405,0.000406,0.000407,0.000408,0.000409,0.00041,0.000411,0.000412,200000,13046832,29651862,11012220,9831938,7176701,2557929,2228356,1236335,6091848,3650517,20255107,8455387,3319898,3245643,914784,1828239,2720553,200000,698554
245,0.000402,0.000401,0.0004,0.000399,0.000398,0.000397,0.000396,0.000395,0.000394,0.000393,0.000404,0.000405,0.000406,0.000407,0.000408,0.000409,0.00041,0.000411,0.000412,0.000413,9922006,19129668,21904305,9758817,6590860,1684395,3320225,1818205,1671004,6091848,2582070,20140370,7398051,5018357,914784,1057202,3483221,200000,698554,281559
246,0.000402,0.000401,0.0004,0.000399,0.000398,0.000397,0.000396,0.000395,0.000394,0.000393,0.000404,0.000405,0.000406,0.000407,0.000408,0.000409,0.00041,0.000411,0.000412,0.000413,14080053,21619081,9849098,10713864,9651698,1684395,1956116,1384636,1236335,6091848,1577519,21142031,7398051,5018357,914784,1057202,3483221,200000,698554,281559
247,0.000402,0.000401,0.0004,0.000399,0.000398,0.000397,0.000396,0.000395,0.000394,0.000393,0.000404,0.000405,0.000406,0.000407,0.000408,0.000409,0.00041,0.000411,0.000412,0.000413,14080053,24387260,9506747,10713864,9651698,1684395,1956116,1384636,1236335,6091848,1527966,21142031,7398051,5018357,914784,1057202,3483221,200000,698554,281559
248,0.000403,0.000402,0.000401,0.0004,0.000399,0.000398,0.000397,0.000396,0.000395,0.000394,0.000404,0.000405,0.000406,0.000407,0.000408,0.000409,0.00041,0.000411,0.000412,0.000413,363771,13780207,21950453,9702584,8155278,6357155,1684395,3315882,1384636,1236335,1473244,19487595,7398051,4016680,914784,1057202,3483221,200000,698554,281559
249,0.000403,0.000402,0.000401,0.0004,0.000399,0.000398,0.000397,0.000396,0.000395,0.000394,0.000404,0.000405,0.000406,0.000407,0.000408,0.000409,0.00041,0.000411,0.000412,0.000413,363771,13652434,21768088,9702584,8086403,5926854,768607,2883408,2251774,1236335,1473244,20244254,8397041,4016680,914784,1057202,3483221,200000,698554,281559
250,0.000403,0.000402,0.000401,0.0004,0.000399,0.000398,0.000397,0.000396,0.000395,0.000394,0.000404,0.000405,0.000406,0.000407,0.000408,0.000409,0.00041,0.000411,0.000412,0.000413,163771,12552434,22892420,8966212,8086403,5926854,768607,3315882,1818205,1236335,1456248,18462230,8397041,4016680,914784,1057202,3483221,200000,698554,281559
251,0.000403,0.000402,0.000401,0.0004,0.000399,0.000398,0.000397,0.000396,0.000395,0.000394,0.000404,0.000405,0.000406,0.000407,0.000408,0.000409,0.00041,0.000411,0.000412,0.000413,363771,12552434,22868279,8895310,8065534,4528498,768607,2883408,2685343,1258144,1456248,15170801,15180931,4016680,914784,1057202,3483221,200000,698554,281559
252,0.000403,0.000402,0.000401,0.0004,0.000399,0.000398,0.000397,0.000396,0.000395,0.000394,0.000404,0.000405,0.000406,0.000407,0.000408,0.000409,0.00041,0.000411,0.000412,0.000413,363771,12828927,19174953,8225625,7991871,4528498,768607,3315882,2251774,1258144,1456248,13386215,15180931,4016680,914784,1057202,3483221,200000,698554,281559
253,0.000403,0.000402,0.000401,0.0004,0.000399,0.000398,0.000397,0.000396,0.000395,0.000394,0.000404,0.000405,0.000406,0.000407,0.000408,0.000409,0.00041,0.000411,0.000412,0.000413,200000,15201174,17335142,7208153,7991871,5626264,768607,2450934,3118912,1258144,3138786,15947556,13548806,5033522,914784,1057202,3483221,200000,698554,696231
254,0.000403,0.000402,0.000401,0.0004,0.000399,0.000398,0.000397,0.000396,0.000395,0.000394,0.000404,0.000405,0.000406,0.000407,0.000408,0.000409,0.00041,0.000411,0.000412,0.000413,423873,18733889,15550295,8162545,7991871,5626264,768607,2018460,2685343,2105673,3138786,24516730,6764916,5033522,914784,1057202,3483221,200000,698554,696231
255,0.000402,0.000401,0.0004,0.000399,0.000398,0.000397,0.000396,0.000395,0.000394,0.000393,0.000404,0.000405,0.000406,0.000407,0.000408,0.000409,0.00041,0.000411,0.000412,0.000413,14011056,14951513,7985175,9343628,4528498,768607,2018460,2251774,1671004,6963398,2562292,21171564,7393000,4016680,914784,1057202,3483221,200000,1114233,281559
256,0.000403,0.000402,0.000401,0.0004,0.000399,0.000398,0.000397,0.000396,0.000395,0.000394,0.000404,0.000405,0.000406,0.000407,0.000408,0.000409,0.00041,0.000411,0.000412,0.000413,213771,11405011,14744490,7985175,7991871,4528498,768607,1760084,2251774,1671004,1444878,13758349,14082061,4016680,914784,1057202,3483221,200000,698554,696231
257,0.000402,0.000401,0.0004,0.000399,0.000398,0.000397,0.000396,0.000395,0.000394,0.000393,0.000404,0.000405,0.000406,0.000407,0.000408,0.000409,0.00041,0.000411,0.000412,0.000413,16094748,17347010,7985175,9672343,5629722,768607,1760084,2251774,1671004,6963398,1663883,17108119,15913744,5036724,914784,1057202,3483221,200000,698554,281559
258,0.000402,0.000401,0.0004,0.000399,0.000398,0.000397,0.000396,0.000395,0.000394,0.000393,0.000404,0.000405,0.000406,0.000407,0.000408,0.000409,0.00041,0.000411,0.000412,0.000413,15555389,19434884,8249179,8921598,5629722,1199992,1760084,2251774,1671004,6527623,2213899,15298898,14082061,5036724,914784,1057202,3483221,200000,698554,696231
259,0.000402,0.000401,0.0004,0.000399,0.000398,0.000397,0.000396,0.000395,0.000394,0.000393,0.000404,0.000405,0.000406,0.000407,0.000408,0.000409,0.00041,0.000411,0.000412,0.000413,11903846,23124453,8249179,8921598,5629722,1199992,1760084,2251774,1671004,6527623,2078899,21329804,8136766,5036724,914784,1057202,3483221,200000,698554,696231
260,0.000402,0.000401,0.0004,0.000399,0.000398,0.000397,0.000396,0.000395,0.000394,0.000393,0.000404,0.000405,0.000406,0.000407,0.000408,0.000409,0.00041,0.000411,0.000412,0.000413,11854342,27353557,7139753,8921598,5629722,1199992,1760084,2251774,1236335,6963398,2078899,21329804,8136766,5036724,914784,1057202,3483221,200000,698554,696231
261,0.000402,0.000401,0.0004,0.000399,0.000398,0.000397,0.000396,0.000395,0.000394,0.000393,0.000404,0.000405,0.000406,0.000407,0.000408,0.000409,0.00041,0.000411,0.000412,0.000413,11854342,27484398,7139753,8921598,5629722,1199992,1760084,2251774,1671004,6527623,2078899,21329804,8136766,5036724,914784,1057202,3483221,200000,698554,696231
262,0.000402,0.000401,0.0004,0.000399,0.000398,0.000397,0.000396,0.000395,0.000394,0.000393,0.000404,0.000405,0.000406,0.000407,0.000408,0.000409,0.00041,0.000411,0.000412,0.000413,11854342,27484351,7139753,8921598,5629722,1199992,1760084,2251774,1671004,6527623,2078899,25807647,7298171,5036724,914784,1057202,3483221,200000,698554,696231
263,0.000402,0.000401,0.0004,0.000399,0.000398,0.000397,0.000396,0.000395,0.000394,0.000393,0.000404,0.000405,0.000406,0.000407,0.000408,0.000409,0.00041,0.000411,0.000412,0.000413,11854342,27484351,7139753,8921598,5629722,1199992,1760084,2251774,1236335,6963398,2078899,22118123,7298171,5036724,914784,1057202,3483221,200000,698554,696231
264,0.000401,0.0004,0.000399,0.000398,0.000397,0.000396,0.000395,0.000394,0.000393,0.000392,0.000403,0.000404,0.000405,0.000406,0.000407,0.000408,0.000409,0.00041,0.000411,0.000412,22925295,27585773,7966551,5629722,1199992,1760084,3371889,1236335,6963398,200000,2162851,8313968,20868505,6125443,4016680,914784,1475930,3483221,200000,698554
265,0.000401,0.0004,0.000399,0.000398,0.000397,0.000396,0.000395,0.000394,0.000393,0.000392,0.000403,0.000404,0.000405,0.000406,0.000407,0.000408,0.000409,0.00041,0.000411,0.000412,22627093,28600363,7966551,5629722,768607,1760084,2938320,1236335,6527623,636887,2162851,16127716,13845571,7247252,3245643,914784,1057202,3483221,200000,698554
266,0.000401,0.0004,0.000399,0.000398,0.000397,0.000396,0.000395,0.000394,0.000393,0.000392,0.000403,0.000404,0.000405,0.000406,0.000407,0.000408,0.000409,0.00041,0.000411,0.000412,22627093,27585773,8983684,5629722,768607,1760084,2938320,1236335,6527623,200000,2162851,16127716,13845571,7669074,3245643,914784,1057202,3483221,200000,698554
267,0.000401,0.0004,0.000399,0.000398,0.000397,0.000396,0.000395,0.000394,0.000393,0.000392,0.000403,0.000404,0.000405,0.000406,0.000407,0.000408,0.000409,0.00041,0.000411,0.000412,21935984,27600840,8983684,5629722,768607,1760084,2938320,1236335,6527623,200000,2075063,16127716,13845571,7669074,3245643,914784,1057202,3483221,200000,698554
268,0.000401,0.0004,0.000399,0.000398,0.000397,0.000396,0.000395,0.000394,0.000393,0.000392,0.000403,0.000404,0.000405,0.000406,0.000407,0.000408,0.000409,0.00041,0.000411,0.000412,21935984,28615430,7966551,5629722,768607,1760084,2938320,1236335,6527623,200000,2034505,16127716,13845571,7247252,3666429,914784,1057202,3483221,200000,698554
269,0.000401,0.0004,0.000399,0.000398,0.000397,0.000396,0.000395,0.000394,0.000393,0.000392,0.000403,0.000404,0.000405,0.000406,0.000407,0.000408,0.000409,0.00041,0.000411,0.000412,21935984,28615430,7966551,5629722,768607,1760084,2938320,1236335,6527623,200000,2119608,16127716,13845571,7247252,3666429,914784,1057202,3483221,200000,698554
270,0.000402,0.000401,0.0004,0.000399,0.000398,0.000397,0.000396,0.000395,0.000394,0.000393,0.000403,0.000404,0.000405,0.000406,0.000407,0.000408,0.000409,0.00041,0.000411,0.000412,200000,19792477,23887681,10043884,5629722,768607,1760084,2938320,1236335,6527623,2480482,16127716,13057252,7247252,3245643,1334538,1057202,3483221,200000,698554
271,0.000402,0.000401,0.0004,0.000399,0.000398,0.000397,0.000396,0.000395,0.000394,0.000393,0.000403,0.000404,0.000405,0.000406,0.000407,0.000408,0.000409,0.00041,0.000411,0.000412,200000,14599541,22954636,7346279,5629722,768607,1760084,2504751,1671004,6091848,2421979,16119258,13057252,7247252,3245643,914784,1475930,3483221,200000,698554
272,0.000402,0.000401,0.0004,0.000399,0.000398,0.000397,0.000396,0.000395,0.000394,0.000393,0.000403,0.000404,0.000405,0.000406,0.000407,0.000408,0.000409,0.00041,0.000411,0.000412,200000,14599541,22887838,7346279,5629722,768607,1760084,2504751,1671004,6091848,2347647,16119258,13057252,7247252,3245643,914784,1475930,3483221,200000,698554
273,0.000402,0.000401,0.0004,0.000399,0.000398,0.000397,0.000396,0.000395,0.000394,0.000393,0.000403,0.000404,0.000405,0.000406,0.000407,0.000408,0.000409,0.00041,0.000411,0.000412,200000,15739953,22887966,7346279,5629722,768607,1760084,1384636,1671004,6091848,2324300,16119258,11426134,7247252,3245643,914784,1475930,3483221,200000,698554
274,0.000403,0.000402,0.000401,0.0004,0.000399,0.000398,0.000397,0.000396,0.000395,0.000394,0.000404,0.000405,0.000406,0.000407,0.000408,0.000409,0.00041,0.000411,0.000412,0.000413,223999,8529098,15050665,13096243,7029996,5449986,732913,1560084,1618205,1036335,4221456,13910096,13653444,4025846,714784,857202,3283221,416690,498554,2529787
275,0.000404,0.000403,0.000402,0.000401,0.0004,0.000399,0.000398,0.000397,0.000396,0.000395,0.000405,0.000406,0.000407,0.000408,0.000409,0.00041,0.000411,0.000412,0.000413,0.000414,1903038,7911903,18407393,9907461,4753549,5381472,810494,732913,688818,1618205,10043561,6644222,11425025,1696752,857202,3283221,958974,498554,2529787,3851837
276,0.000404,0.000403,0.000402,0.000401,0.0004,0.000399,0.000398,0.000397,0.000396,0.000395,0.000405,0.000406,0.000407,0.000408,0.000409,0.00041,0.000411,0.000412,0.000413,0.000414,1903038,7911903,18411209,9907461,4753549,5381472,810494,732913,688818,1618205,9956428,7121909,10976022,1696752,857202,3283221,958974,498554,2529787,3851837
277,0.000404,0.000403,0.000402,0.000401,0.0004,0.000399,0.000398,0.000397,0.000396,0.000395,0.000405,0.000406,0.000407,0.000408,0.000409,0.00041,0.000411,0.000412,0.000413,0.000414,1903038,7911903,18372343,9133191,4753549,5381472,810494,732913,688818,1618205,10440864,7177042,10976022,1696752,857202,3283221,958974,498554,2529787,3851837
278,0.000403,0.000402,0.000401,0.0004,0.000399,0.000398,0.000397,0.000396,0.000395,0.000394,0.000404,0.000405,0.000406,0.000407,0.000408,0.000409,0.00041,0.000412,0.000413,0.000414,10919497,21281020,8461986,3969106,5381472,810494,732913,688818,1618205,1471004,621268,9064378,8292958,10976022,1696752,857202,3283221,498554,2529787,3851837
279,0.000403,0.000402,0.000401,0.0004,0.000399,0.000398,0.000397,0.000396,0.000395,0.000394,0.000404,0.000405,0.000406,0.000407,0.000408,0.000409,0.00041,0.000412,0.000413,0.000414,15178958,20272508,9473220,3969106,5381472,810494,732913,688818,2051774,1036335,493470,12558801,11002382,9979900,1696752,857202,3283221,914233,2529787,3438166
280,0.000403,0.000402,0.000401,0.0004,0.000399,0.000398,0.000397,0.000396,0.000395,0.000394,0.000404,0.000405,0.000406,0.000407,0.000408,0.000409,0.00041,0.000412,0.000413,0.000414,15178958,20272508,9473220,3969106,5381472,810494,732913,688818,2051774,1036335,408015,12558801,11002382,9979900,1696752,857202,3283221,914233,2529787,3438166
281,0.000403,0.000402,0.000401,0.0004,0.000399,0.000398,0.000397,0.000396,0.000395,0.000394,0.000404,0.000405,0.000406,0.000407,0.000408,0.000409,0.00041,0.000412,0.000413,0.000414,15129454,15909173,13079532,3969106,5381472,810494,732913,688818,2051774,1036335,373363,13560252,16787492,3212781,1696752,857202,3283221,498554,2913244,3438166
282,0.000403,0.000402,0.000401,0.0004,0.000399,0.000398,0.000397,0.000396,0.000395,0.000394,0.000405,0.000406,0.000407,0.000408,0.000409,0.00041,0.000411,0.000412,0.000413,0.000414,8123211,16249408,12574709,5126262,5381472,810494,732913,1845974,2051774,1036335,6272812,10326792,10884315,1696752,857202,3283221,754130,498554,2498572,7824572
283,0.000403,0.000402,0.000401,0.0004,0.000399,0.000398,0.000397,0.000396,0.000395,0.000394,0.000405,0.000406,0.000407,0.000408,0.000409,0.00041,0.000411,0.000412,0.000413,0.000414,8172593,24134631,10771553,5126262,5381472,810494,732913,1121292,1184636,1471004,5204863,11325572,10884315,1696752,857202,3283221,754130,498554,2498572,3677956
284,0.000404,0.000403,0.000402,0.000401,0.0004,0.000399,0.000398,0.000397,0.000396,0.000395,0.000405,0.000406,0.000407,0.000408,0.000409,0.00041,0.000411,0.000412,0.000413,0.000414,163366,11613310,17900628,8968397,5126262,5381472,810494,732913,688818,2051774,8717824,8747446,9979900,1696752,857202,3283221,754130,498554,2913244,3677956
285,0.000404,0.000403,0.000402,0.000401,0.0004,0.000399,0.000398,0.000397,0.000396,0.000395,0.000405,0.000406,0.000407,0.000408,0.000409,0.00041,0.000411,0.000412,0.000413,0.000414,163366,11615792,20875593,7957163,5126262,5381472,810494,732913,688818,1618205,5122719,14515785,4208903,1696752,857202,3283221,754130,498554,2913244,3677956
286,0.000404,0.000403,0.000402,0.000401,0.0004,0.000399,0.000398,0.000397,0.000396,0.000395,0.000405,0.000406,0.000407,0.000408,0.000409,0.00041,0.000411,0.000412,0.000413,0.000414,163366,11615792,22611475,7957163,5126262,5381472,810494,732913,688818,1618205,9753784,16303870,5149252,1696752,857202,3283221,754130,498554,2913244,3677956
287,0.000404,0.000403,0.000402,0.000401,0.0004,0.000399,0.000398,0.000397,0.000396,0.000395,0.000405,0.000406,0.000407,0.000408,0.000409,0.00041,0.000411,0.000412,0.000413,0.000414,163366,11615792,20800704,7957163,5126262,5381472,810494,732913,688818,1618205,9840803,16298130,5143512,1696752,857202,3283221,754130,498554,2913244,3677956
288,0.000403,0.000402,0.000401,0.0004,0.000399,0.000398,0.000397,0.000396,0.000395,0.000394,0.000405,0.000406,0.000407,0.000408,0.000409,0.00041,0.000411,0.000412,0.000413,0.000414,6814431,26152553,7957163,5126262,5381472,810494,732913,688818,1618205,1905673,5518857,16298265,5152465,1696752,857202,3283221,754130,498554,2913244,3677956
289,0.000403,0.000402,0.000401,0.0004,0.000399,0.000398,0.000397,0.000396,0.000395,0.000394,0.000404,0.000405,0.000406,0.000407,0.000408,0.000409,0.00041,0.000411,0.000412,0.000413,9171802,23979790,8297398,3969106,5381472,810494,732913,1947521,1618205,1471004,51396,10641090,17297045,2365045,1696752,857202,3283221,754130,498554,2498572
290,0.000403,0.000402,0.000401,0.0004,0.000399,0.000398,0.000397,0.000396,0.000395,0.000394,0.000405,0.000406,0.000407,0.000408,0.000409,0.00041,0.000411,0.000412,0.000413,0.000414,5077835,25741246,6594354,4697672,5381472,810494,732913,1121292,1184636,1905673,5385907,15567123,3124177,1696752,857202,3283221,754130,498554,2498572,4091627
291,0.000403,0.000402,0.000401,0.0004,0.000399,0.000398,0.000397,0.000396,0.000395,0.000394,0.000405,0.000406,0.000407,0.000408,0.000409,0.00041,0.000411,0.000412,0.000413,0.000414,5077835,24182281,6594354,4697672,5381472,810494,732913,1121292,1618205,1471004,5320593,16768043,3124177,1696752,857202,3283221,754130,498554,2498572,4091627
292,0.000403,0.000402,0.000401,0.0004,0.000399,0.000398,0.000397,0.000396,0.000395,0.000394,0.000405,0.000406,0.000407,0.000408,0.000409,0.00041,0.000411,0.000412,0.000413,0.000414,5459973,23945091,7188378,4697672,5381472,810494,732913,1121292,1618205,1471004,6382301,8827273,10096048,1696752,857202,3283221,754130,498554,2498572,8238243
