timestamp,bid_price_0,bid_price_1,bid_price_2,bid_price_3,bid_price_4,bid_price_5,bid_price_6,bid_price_7,bid_price_8,bid_price_9,ask_price_0,ask_price_1,ask_price_2,ask_price_3,ask_price_4,ask_price_5,ask_price_6,ask_price_7,ask_price_8,ask_price_9,bid_size_0,bid_size_1,bid_size_2,bid_size_3,bid_size_4,bid_size_5,bid_size_6,bid_size_7,bid_size_8,bid_size_9,ask_size_0,ask_size_1,ask_size_2,ask_size_3,ask_size_4,ask_size_5,ask_size_6,ask_size_7,ask_size_8,ask_size_9
0,0.06686,0.06685,0.06682,0.0668,0.06674,0.06671,0.0665,0.06648,0.06637,0.06629,0.06694,0.06695,0.06709,0.0671,0.06712,0.06715,0.06723,0.06725,0.06747,0.06763,482,2483,254,2485,328,2488,608,1330,567,23612,846,2479,8298,5585,6417,7114,323,4230,3396,9674
1,0.06686,0.06685,0.06682,0.0668,0.06674,0.06671,0.0665,0.06648,0.06637,0.06629,0.06694,0.06695,0.06709,0.0671,0.06712,0.06715,0.06723,0.06725,0.06747,0.06759,1148,2483,254,2485,328,2488,608,1330,567,23612,846,2479,8298,5585,6417,7114,323,4230,3396,9517
2,0.06687,0.06685,0.0668,0.06674,0.0665,0.06648,0.06637,0.06636,0.06635,0.06634,0.06698,0.067,0.06701,0.06704,0.0671,0.06711,0.06723,0.06725,0.06729,0.06747,254,2483,2485,328,608,1330,567,3005,23172,631,2290,8298,2477,2476,5585,7114,323,4230,6417,3396
3,0.06677,0.06662,0.0665,0.06641,0.0664,0.06637,0.06635,0.06634,0.06632,0.0663,0.06689,0.06692,0.06693,0.06698,0.06707,0.06708,0.06709,0.06725,0.06729,0.06733,2486,324,608,3005,23155,567,1295,631,405,434,2313,8298,2480,1792,5585,7114,324,4230,6417,1295
4,0.06677,0.06662,0.0665,0.06641,0.06636,0.06635,0.06634,0.06632,0.0663,0.06626,0.06687,0.06692,0.06693,0.06698,0.06703,0.06704,0.06709,0.06725,0.06729,0.06733,2486,324,608,567,3005,1295,631,405,434,315,2482,8298,2480,1792,5585,7114,324,4230,6417,1295
5,0.06677,0.06662,0.0665,0.06641,0.06636,0.06635,0.06634,0.06624,0.06623,0.06622,0.06687,0.06693,0.06697,0.06698,0.06707,0.06708,0.06709,0.06712,0.06725,0.06733,2486,324,608,567,3005,1295,631,358,23214,853,1304,2480,8298,1792,5585,7114,324,6417,4230,1295
6,0.0669,0.06689,0.06686,0.06682,0.06677,0.06676,0.0665,0.06646,0.06645,0.06641,0.06698,0.0671,0.06711,0.06712,0.06713,0.06725,0.06747,0.06749,0.06756,0.06759,1354,2481,254,2484,2486,323,608,23134,1319,567,2478,8298,5585,6417,7114,4561,2066,1293,150230,9516
7,0.06693,0.06692,0.06689,0.06686,0.06682,0.06677,0.06656,0.0665,0.06641,0.06626,0.06701,0.06711,0.06712,0.06717,0.06718,0.06725,0.06747,0.06749,0.06756,0.06759,2361,2480,2481,254,2814,2486,1328,608,567,23203,2299,8298,6417,5585,7114,4561,2066,1293,150230,9516
8,0.06693,0.06692,0.06689,0.06683,0.06682,0.06657,0.06656,0.0665,0.06641,0.06633,0.06705,0.06706,0.06723,0.06724,0.06725,0.06729,0.06732,0.06747,0.0676,0.06766,1188,2480,2481,328,2484,23095,1328,608,567,5779,636,2475,8298,5585,11344,325,6417,2066,1327,9895
9,0.06682,0.06661,0.0665,0.06641,0.06637,0.06636,0.06631,0.0663,0.06612,0.06611,0.0669,0.06691,0.06693,0.0671,0.06711,0.06712,0.06725,0.0673,0.06732,0.06742,2484,331,608,567,1181,1305,23186,9943,145686,169790,110,2480,2480,8298,5585,7446,4230,2066,6417,1298
10,0.06677,0.06662,0.0665,0.06638,0.06623,0.06622,0.06619,0.06613,0.06612,0.06611,0.06687,0.06688,0.067,0.06701,0.06705,0.06708,0.06725,0.0673,0.06736,0.06749,2486,324,608,1307,2034,23217,10460,5718,139969,168925,590,2482,8298,5585,331,13531,4230,2066,1307,9964
11,0.06677,0.06662,0.0665,0.06638,0.06627,0.06626,0.06619,0.06609,0.06608,0.06605,0.06687,0.06688,0.0669,0.06691,0.06705,0.06707,0.06708,0.06725,0.0673,0.06736,2486,324,608,1307,2804,23203,10460,5701,297211,3672,201,2129,8298,2480,331,5585,13531,4230,2066,1307
12,0.06677,0.06662,0.0665,0.06638,0.06625,0.06624,0.0662,0.06619,0.06609,0.06608,0.06687,0.06688,0.0669,0.06691,0.06705,0.06706,0.06708,0.06725,0.0673,0.06736,2328,324,608,1307,2899,569,23224,10460,5701,297211,106,2129,8298,2480,5916,7114,6417,4230,2066,1307
13,0.06677,0.06655,0.0665,0.06638,0.06627,0.06626,0.06624,0.06615,0.06609,0.06605,0.06688,0.06691,0.06704,0.06705,0.06706,0.06708,0.06725,0.06726,0.0673,0.0675,2328,331,608,1307,3005,23203,569,16096,139869,3672,1917,2480,8298,5916,7114,6417,4230,1312,2066,10386
14,0.06689,0.06688,0.06686,0.06685,0.06682,0.06676,0.06651,0.0665,0.06624,0.06616,0.06702,0.0672,0.06721,0.06723,0.06725,0.06727,0.0673,0.06731,0.06748,0.0675,2700,2482,254,2483,2484,326,23116,1910,569,5757,2476,5585,7114,8298,4230,331,2066,6417,1296,10386
15,0.0669,0.06688,0.06686,0.06685,0.06683,0.06672,0.0665,0.06646,0.06624,0.0662,0.06694,0.06695,0.06697,0.06715,0.06716,0.06722,0.06725,0.0673,0.06731,0.06746,3941,2482,254,2483,2483,326,608,1301,569,3005,8298,2479,2478,5585,7114,328,4230,2066,6417,1302
16,0.06692,0.06691,0.06688,0.06685,0.06683,0.06679,0.0665,0.06647,0.06646,0.06632,0.06704,0.06705,0.06716,0.06717,0.06718,0.06725,0.0673,0.06731,0.06746,0.06761,2404,2480,2482,2483,2483,323,608,23130,1301,5766,243,2475,8298,5585,7114,4230,2392,6417,1302,10322
17,0.06692,0.06691,0.06688,0.06685,0.06683,0.06679,0.0665,0.06647,0.06646,0.06632,0.06704,0.06705,0.06712,0.06713,0.06725,0.06729,0.0673,0.06731,0.06746,0.06761,1263,2480,2482,2483,2483,323,608,23130,1301,5766,243,2475,8298,7114,4230,5585,2392,6417,1302,10322
18,0.06697,0.06691,0.06688,0.06685,0.06683,0.06656,0.0665,0.06645,0.06639,0.06638,0.06705,0.06706,0.06716,0.06717,0.06725,0.06729,0.0673,0.06731,0.06756,0.06767,2478,2480,2482,327,2483,1293,608,567,1621,23162,1384,2475,8298,7114,4230,5585,2392,6417,1315,164
19,0.06691,0.06688,0.06678,0.06656,0.0665,0.06642,0.06641,0.06629,0.06628,0.06627,0.06699,0.067,0.06703,0.06721,0.06722,0.06723,0.06725,0.0673,0.06731,0.06746,2480,2482,328,1293,608,2539,23151,5755,10008,146655,466,2477,2476,8298,5585,7437,4230,2066,6417,1320
20,0.06691,0.06666,0.0665,0.06643,0.06642,0.0664,0.06628,0.06627,0.06607,0.06606,0.06698,0.06699,0.067,0.06715,0.06719,0.06725,0.0673,0.06731,0.06746,0.06767,2480,329,608,985,23148,1294,10008,146655,5753,171843,8298,2020,2477,324,12699,4230,2066,6417,1299,164
21,0.06695,0.06691,0.06682,0.06657,0.0665,0.06639,0.06632,0.06631,0.06625,0.06624,0.06701,0.06702,0.06703,0.06705,0.06722,0.06723,0.06724,0.06725,0.0673,0.06731,2275,2480,325,1329,608,2373,23182,9826,5768,150503,632,8298,2476,2475,5585,7114,332,4230,2066,6417
22,0.06702,0.06701,0.06697,0.06695,0.06694,0.06691,0.06668,0.06651,0.0665,0.06635,0.06713,0.06714,0.06717,0.0673,0.06731,0.06737,0.06742,0.06743,0.06747,0.06766,2424,253,2478,2275,332,2480,1314,567,608,31554,237,2472,2471,5585,6417,7114,329,4230,2066,1314
23,0.06698,0.06697,0.06695,0.06685,0.06658,0.06651,0.0665,0.06643,0.06634,0.06633,0.06711,0.06712,0.06714,0.06717,0.0673,0.06731,0.06732,0.06737,0.06743,0.06747,1935,2478,2275,328,1322,567,608,10317,5802,137869,120,2473,2401,2471,5585,6417,331,7114,4230,2066
24,0.06706,0.06705,0.06702,0.06692,0.06679,0.06665,0.06663,0.06662,0.06661,0.0665,0.06712,0.06729,0.0673,0.06731,0.06739,0.0674,0.06762,0.06765,0.06767,0.06775,805,2475,2476,329,254,312,31421,1307,566,608,1875,1502,5585,6417,7114,327,5548,2066,164,9812
25,0.06703,0.06702,0.06698,0.06686,0.06669,0.06661,0.0666,0.0665,0.06643,0.0664,0.06711,0.06712,0.06737,0.06738,0.06739,0.06748,0.06761,0.06762,0.06765,0.06767,595,2476,2478,324,312,31997,1306,608,10317,3652,1040,2473,324,5585,7114,6417,1294,4230,2066,164
26,0.06705,0.06704,0.06702,0.06693,0.06669,0.06661,0.0666,0.0665,0.06642,0.0664,0.06712,0.06736,0.06737,0.06738,0.06739,0.06748,0.06761,0.06762,0.06765,0.06767,509,2476,2476,329,312,31997,1306,608,5802,3652,2325,1487,324,5585,7114,6417,1294,4230,2066,164
27,0.06705,0.06704,0.06702,0.06693,0.06671,0.06664,0.06661,0.06643,0.06642,0.0664,0.06712,0.06713,0.06716,0.06738,0.06739,0.06748,0.06762,0.06765,0.06767,0.06778,405,2476,2476,332,1321,607,566,31516,5802,3652,1367,2472,2471,5914,7114,6417,5547,2066,164,9561
28,0.06697,0.06684,0.06678,0.06664,0.06661,0.06653,0.06652,0.06641,0.0664,0.06637,0.06706,0.06707,0.0671,0.06716,0.06725,0.06732,0.06733,0.06748,0.0675,0.06762,2478,254,333,607,566,1058,1330,31525,3652,9973,1654,2475,2473,2471,333,5585,7114,6417,1330,4230
29,0.06699,0.06697,0.06684,0.06678,0.06664,0.06661,0.06652,0.06644,0.06643,0.06637,0.06706,0.06707,0.0671,0.06716,0.06725,0.06732,0.06733,0.06748,0.0675,0.06762,2278,2478,254,333,607,566,1330,2468,31516,9973,184,2475,2473,2471,333,5585,7114,6417,1330,4230
30,0.06697,0.06696,0.06695,0.06688,0.06664,0.06661,0.06652,0.06636,0.06635,0.06633,0.06708,0.06716,0.06734,0.06735,0.06736,0.06748,0.0676,0.06762,0.06765,0.06767,2439,253,2479,326,607,566,1300,31549,5760,3656,1299,2471,5585,7114,332,6417,1327,4230,2066,164
31,0.06696,0.06694,0.0668,0.06667,0.06666,0.06664,0.06661,0.06653,0.06637,0.06636,0.06709,0.06711,0.06716,0.06727,0.06728,0.06748,0.06752,0.06762,0.06765,0.06767,253,2479,331,312,390,607,566,1323,3005,31549,2274,2319,2471,5585,7445,6417,1323,4230,2066,164
32,0.067,0.06699,0.06696,0.06694,0.06687,0.06667,0.06666,0.06664,0.06661,0.06653,0.06709,0.06711,0.06716,0.06734,0.06735,0.06748,0.06752,0.06762,0.06765,0.06767,1898,2477,253,2479,331,312,390,607,566,1323,1194,2319,2471,5585,7445,6417,1323,4230,2066,164
33,0.067,0.06699,0.06696,0.06694,0.06687,0.06664,0.06661,0.06653,0.06639,0.06638,0.06708,0.06709,0.06711,0.06716,0.06733,0.06734,0.06735,0.06748,0.06752,0.06762,956,2477,253,2479,331,607,566,1323,31535,3652,283,1194,2319,2471,5585,7114,331,6417,1323,4230
34,0.067,0.06699,0.06696,0.06694,0.06687,0.06664,0.06661,0.06653,0.06639,0.06638,0.06708,0.06709,0.06711,0.06716,0.06735,0.06747,0.06748,0.06752,0.06762,0.06765,492,2477,253,2479,331,607,566,1323,31535,3652,102,1182,2319,2471,331,5585,6417,1323,4230,2066
35,0.06699,0.06696,0.06694,0.06687,0.06664,0.06661,0.06653,0.06641,0.0664,0.06638,0.06708,0.06709,0.06711,0.06716,0.06727,0.06728,0.06735,0.06748,0.06752,0.06762,2477,253,2479,331,607,566,1323,1780,31530,3652,102,1182,2319,2471,5585,7114,331,6417,1323,4230
36,0.06694,0.06673,0.06665,0.06664,0.06661,0.06643,0.06642,0.06639,0.06638,0.06636,0.067,0.06701,0.06703,0.06706,0.06709,0.06722,0.06727,0.06728,0.06739,0.06748,2479,327,312,607,566,2833,1306,31535,3652,10056,172,2477,2476,2475,288,327,5585,7114,1326,6417
37,0.06698,0.06677,0.06664,0.06661,0.06658,0.06642,0.06639,0.06638,0.06636,0.06635,0.06708,0.06709,0.06711,0.06727,0.06728,0.06748,0.06758,0.06762,0.06765,0.06767,2478,326,607,566,1299,31521,2833,3652,5779,3791,172,2632,2473,5916,7114,6417,1313,4230,2066,164
38,0.06693,0.06683,0.06672,0.06664,0.06661,0.06655,0.06654,0.06646,0.06639,0.06638,0.06702,0.06703,0.06706,0.06709,0.0672,0.06721,0.06723,0.06731,0.06739,0.06762,2480,254,329,607,566,2914,6928,1315,31535,3652,91,2476,2475,2474,329,5585,7114,6417,1301,4230
39,0.06689,0.06683,0.06673,0.06664,0.06661,0.06655,0.06654,0.06646,0.06639,0.06638,0.06699,0.067,0.06701,0.06702,0.06706,0.06709,0.06719,0.06722,0.06723,0.06731,2481,21,328,607,566,2914,6928,1315,31535,3652,2477,242,2477,91,2475,2474,325,5585,7114,6417
40,0.06693,0.06692,0.06689,0.06683,0.06673,0.06664,0.06654,0.06653,0.06646,0.06636,0.067,0.06701,0.06706,0.06709,0.06722,0.06723,0.06726,0.06731,0.06745,0.06751,1088,2480,2371,21,328,607,6928,567,1315,31549,195,2452,2475,2474,5585,7114,330,6417,4230,1314
41,0.06697,0.06696,0.06692,0.06683,0.0668,0.06664,0.06657,0.06656,0.06653,0.06635,0.06704,0.06706,0.06725,0.06726,0.06727,0.06731,0.06745,0.06747,0.06751,0.06767,1565,2479,2480,21,328,607,31450,1308,567,3791,757,2475,255,5915,7114,6417,4230,2066,1314,164
42,0.06697,0.06696,0.06692,0.06683,0.0668,0.06664,0.06657,0.06656,0.06635,0.06634,0.06704,0.06706,0.06721,0.06725,0.06726,0.06731,0.06745,0.06747,0.06751,0.06767,1789,2479,2480,21,328,607,31450,1308,3791,5753,508,2475,7114,255,5915,6417,4230,2066,1314,164
43,0.06683,0.06662,0.06647,0.06637,0.06636,0.06635,0.06626,0.06621,0.06619,0.06618,0.06693,0.06695,0.06696,0.06697,0.06702,0.06713,0.06716,0.06726,0.06729,0.06731,21,331,608,2750,1325,3791,144817,3662,159332,150052,2480,2479,5585,2478,2476,331,7114,4230,2066,6417
44,0.06682,0.06662,0.06661,0.06647,0.06639,0.06638,0.06635,0.06627,0.06626,0.06621,0.06692,0.06693,0.06695,0.06697,0.06702,0.06705,0.06706,0.06712,0.06726,0.06729,2188,254,325,608,2750,6950,1869,31592,144817,13643,255,2250,2479,2478,2476,5585,7114,6747,4230,2066
45,0.06688,0.06684,0.06667,0.06662,0.06647,0.0664,0.06639,0.06638,0.06635,0.06623,0.06695,0.06697,0.06702,0.06711,0.06712,0.0672,0.06726,0.06729,0.06736,0.06756,2482,2483,323,254,1935,3005,31535,6950,568,5730,2479,2478,2476,5585,13531,332,4230,2066,1324,9976
46,0.06691,0.0669,0.06688,0.06686,0.06674,0.06662,0.06647,0.06635,0.06627,0.06626,0.06697,0.06712,0.06715,0.06716,0.0672,0.06726,0.06729,0.06746,0.06761,0.06763,2324,2481,2482,2482,325,254,1935,568,5735,9951,2478,6417,5585,7114,325,4230,2066,1295,9965,145773
47,0.06686,0.06665,0.06662,0.06647,0.06638,0.06637,0.06626,0.06621,0.06613,0.06612,0.06693,0.06694,0.06697,0.0671,0.06711,0.06712,0.06726,0.06729,0.06736,0.06761,2391,326,254,608,1478,1314,9951,3662,5719,3804,1510,2479,2478,325,12699,6417,4230,2066,1323,9965
48,0.06686,0.06665,0.06662,0.06647,0.06637,0.06629,0.06628,0.06627,0.06626,0.06621,0.06693,0.06694,0.06697,0.06706,0.06707,0.0671,0.06712,0.06726,0.06729,0.06736,2273,326,254,608,1314,31582,1613,747,9951,3662,1392,2479,2478,5585,7114,325,6417,4230,2066,1323
49,0.06684,0.06668,0.06661,0.06647,0.06635,0.06634,0.06627,0.06622,0.06621,0.06616,0.06691,0.06692,0.06694,0.06696,0.06705,0.06706,0.06707,0.06712,0.06726,0.06729,2032,254,326,608,2274,1309,747,31616,13352,5713,731,2480,2479,2479,5585,7114,329,6417,4230,2066
50,0.06675,0.06668,0.06654,0.06634,0.06633,0.06631,0.06628,0.06627,0.06623,0.06622,0.06683,0.06684,0.06689,0.06692,0.06699,0.067,0.06702,0.06712,0.06726,0.06729,2486,254,324,2524,610,6957,1297,747,419,31616,158,2483,2481,2480,5585,7114,324,6417,5527,2066
51,0.06677,0.06668,0.06656,0.06634,0.06633,0.06631,0.0663,0.06627,0.06623,0.06615,0.06683,0.06684,0.06689,0.06692,0.06699,0.067,0.06703,0.06712,0.06726,0.06727,2338,254,327,2524,610,6957,1310,747,748,31649,323,2466,2481,2480,5585,7114,328,6417,4230,1308
52,0.06677,0.06668,0.06656,0.06634,0.06633,0.06631,0.0663,0.06627,0.06623,0.06615,0.06683,0.06684,0.06689,0.06692,0.06703,0.06704,0.06705,0.06712,0.06726,0.06727,2338,254,327,2524,610,6957,1310,747,748,31649,170,2466,2481,2480,328,5585,7114,6417,4230,1308
53,0.0668,0.06668,0.06664,0.06641,0.06634,0.06633,0.06632,0.06631,0.0663,0.06627,0.06687,0.06689,0.06705,0.06706,0.06711,0.06712,0.06726,0.06729,0.06738,0.06751,2485,254,328,1322,3005,610,31568,6957,569,747,2482,2481,5585,7114,328,6417,4230,2066,1326,10493
54,0.06676,0.06668,0.06653,0.06634,0.06633,0.06632,0.06631,0.0663,0.06627,0.06616,0.06682,0.06684,0.06686,0.06701,0.06702,0.06712,0.06726,0.06729,0.06749,0.0675,2486,254,329,2809,610,31883,6957,569,2064,10868,2484,2483,2482,12699,324,6417,5547,2066,196,10471
55,0.06673,0.06672,0.06668,0.06667,0.06658,0.06633,0.06632,0.06631,0.0663,0.06627,0.06682,0.06684,0.06686,0.06699,0.067,0.06706,0.06712,0.06723,0.06726,0.06729,1546,2488,254,2489,332,610,31883,6957,569,747,2484,2483,2482,5585,7114,332,6417,1307,4230,2066
56,0.06672,0.06668,0.06652,0.06634,0.06633,0.06632,0.0663,0.06627,0.06614,0.06613,0.0668,0.06682,0.06684,0.06686,0.06695,0.06696,0.06699,0.06712,0.06723,0.06726,2488,254,326,3005,610,315,6958,2076,419,31659,2485,2030,2483,2482,5585,7114,323,6417,1293,4230
57,0.06674,0.06672,0.06668,0.06657,0.06633,0.06627,0.06615,0.06614,0.06612,0.06611,0.0668,0.06682,0.06684,0.06695,0.06705,0.06707,0.06712,0.06722,0.06729,0.06746,2203,2488,254,325,610,2076,3005,32073,3804,6005,941,2030,2483,12699,330,4230,6417,1330,2066,10441
58,0.0667,0.06668,0.0665,0.06633,0.06628,0.06627,0.06624,0.06614,0.06613,0.06612,0.06678,0.0668,0.06682,0.06684,0.06695,0.06698,0.06707,0.06712,0.06722,0.06729,2488,254,331,610,3005,747,1322,419,31659,3804,2485,941,2030,2483,12699,330,4230,6417,1307,2066
59,0.06669,0.06667,0.06651,0.06633,0.06627,0.06619,0.06614,0.06611,0.0661,0.06607,0.06675,0.06678,0.0668,0.06682,0.06693,0.06695,0.06706,0.06707,0.06712,0.06717,2489,2489,324,610,747,1324,419,315,3005,10108,2486,1305,941,2030,331,12699,2066,4230,6417,1324
60,0.06664,0.06652,0.06651,0.06643,0.06627,0.06618,0.06617,0.06614,0.06608,0.06605,0.0667,0.06673,0.06675,0.06678,0.06689,0.0669,0.06694,0.06696,0.06706,0.06707,2490,255,2495,325,747,611,1299,419,315,3005,2488,2487,2486,1305,5585,7114,6417,328,2066,4230
61,0.06666,0.06664,0.06652,0.06649,0.06627,0.06618,0.06617,0.06614,0.06608,0.06607,0.06671,0.06673,0.06675,0.06689,0.0669,0.06694,0.06696,0.06706,0.06707,0.06714,2165,2490,255,326,747,611,1299,419,315,3005,2488,2487,2486,5585,7114,6417,328,2066,4230,1323
62,0.06667,0.06666,0.06664,0.06652,0.06649,0.06627,0.06618,0.06617,0.06614,0.06608,0.0667,0.06671,0.06673,0.06675,0.06689,0.0669,0.06694,0.06695,0.06706,0.06707,573,2490,2490,255,325,747,611,1299,419,315,802,1307,2487,2486,5585,7114,6417,325,2066,4230
63,0.06668,0.06666,0.06664,0.06652,0.06649,0.06628,0.06618,0.06604,0.06603,0.06601,0.06673,0.06675,0.06689,0.0669,0.06694,0.06695,0.06706,0.06707,0.06724,0.06733,2489,2490,2490,255,325,1295,611,3005,31707,5979,2487,2486,5585,7114,6417,325,2066,4230,1321,13405
64,0.06671,0.0667,0.06668,0.06666,0.06655,0.06652,0.06628,0.06618,0.06607,0.06606,0.06675,0.06689,0.0669,0.06693,0.06694,0.06703,0.06706,0.06707,0.06724,0.06733,1223,2488,2489,2490,329,255,1295,611,31688,15234,2486,1106,7114,5585,6417,327,2066,4230,1321,13405
65,0.06664,0.06652,0.06638,0.06619,0.06618,0.06612,0.06607,0.06606,0.06601,0.06599,0.06669,0.0667,0.06675,0.06688,0.06689,0.0669,0.06694,0.06706,0.06707,0.06712,2490,255,324,676,611,1297,32320,9559,315,151131,826,2488,2383,324,5585,7114,6417,2066,4230,1297
66,0.06661,0.06652,0.06637,0.06618,0.06611,0.0661,0.06608,0.06607,0.06606,0.06599,0.06666,0.06667,0.06669,0.06675,0.06685,0.06686,0.06694,0.06706,0.06707,0.06711,2492,255,327,611,676,1308,31683,947,9559,145482,124,2489,2489,2383,5585,7441,6417,2066,4230,1308
67,0.06661,0.06652,0.06637,0.06618,0.06611,0.0661,0.06607,0.06598,0.06597,0.0659,0.06667,0.06669,0.06675,0.06684,0.06685,0.06686,0.06694,0.06706,0.06707,0.06711,2492,255,327,611,676,1308,947,31731,15628,138428,2429,2489,2383,1627,5585,7441,6417,2066,4230,1308
68,0.06661,0.06652,0.06637,0.06618,0.06611,0.0661,0.06607,0.06598,0.06597,0.0659,0.06666,0.06667,0.06669,0.06675,0.06685,0.06686,0.06694,0.06706,0.06707,0.06711,2168,255,327,611,676,1878,947,31731,15628,138428,87,2429,2489,2383,5585,7441,6417,2066,4230,1308
69,0.06661,0.06652,0.06637,0.06618,0.06611,0.0661,0.06598,0.06597,0.06555,0.06554,0.06666,0.06667,0.06669,0.06675,0.06686,0.06689,0.0669,0.06694,0.06706,0.06707,2168,255,327,611,676,1878,32363,15628,195536,617,87,2429,2489,2383,327,5585,7114,6417,2066,4230
70,0.06661,0.06652,0.06637,0.06618,0.06611,0.0661,0.06598,0.06597,0.0659,0.06583,0.06666,0.06667,0.06669,0.06675,0.06686,0.06689,0.0669,0.06694,0.06706,0.06707,2168,255,327,611,676,1878,32363,15628,146029,160638,87,2429,2489,2383,327,5585,7114,6417,2066,4230
71,0.06659,0.06652,0.06636,0.06618,0.06611,0.0661,0.06596,0.06595,0.06594,0.0659,0.06664,0.06665,0.06667,0.06669,0.06682,0.06688,0.06689,0.0669,0.06694,0.06706,2492,255,329,611,1617,1872,31740,6264,10300,146029,436,2490,2429,2489,325,855,5585,7114,6417,3368
72,0.06669,0.06668,0.06664,0.0666,0.06631,0.06618,0.0661,0.06601,0.06596,0.06595,0.06676,0.06688,0.06689,0.06693,0.06694,0.06706,0.06707,0.06709,0.06725,0.06729,1745,4226,2490,326,1318,611,570,5694,31740,632,2486,601,7114,5585,6417,2066,4230,326,1295,9508
73,0.06667,0.06666,0.06664,0.0665,0.06618,0.06617,0.0661,0.06601,0.066,0.06595,0.06668,0.06672,0.06688,0.06689,0.06694,0.067,0.06706,0.06707,0.06725,0.06731,1205,2490,2490,324,32246,1331,570,5671,10190,632,174,2488,601,12699,6417,323,2066,4230,1327,150359
74,0.06664,0.06641,0.0662,0.06619,0.06618,0.06615,0.06602,0.06601,0.066,0.06595,0.0667,0.06671,0.06674,0.06689,0.06693,0.06694,0.06706,0.06707,0.06715,0.06733,2490,333,2404,570,611,1296,31712,5673,10190,632,334,2488,2487,333,5585,13531,2066,4230,1295,13405
75,0.06665,0.06664,0.06662,0.06659,0.06651,0.06619,0.06618,0.06617,0.066,0.06595,0.0667,0.06686,0.06687,0.06688,0.06694,0.067,0.06706,0.06707,0.06725,0.06733,1782,2490,2491,2492,328,570,32246,1299,15857,632,2488,601,5585,7114,6417,328,2066,4230,1309,13405
76,0.06644,0.06619,0.06618,0.06617,0.06616,0.066,0.06599,0.06595,0.06593,0.06588,0.06664,0.06665,0.06672,0.06675,0.06683,0.06684,0.06694,0.06699,0.06706,0.06707,255,846,611,324,570,31721,11478,632,150392,3680,1970,2491,2377,327,5585,7114,6417,1309,2066,4230
77,0.06637,0.06619,0.06618,0.06616,0.066,0.06599,0.06593,0.06588,0.0658,0.06574,0.06657,0.06664,0.06665,0.06671,0.06672,0.0668,0.06689,0.06694,0.06706,0.06707,256,2116,611,893,31721,11478,3816,3680,141077,5595,2493,889,2814,5585,2377,7114,1293,6417,2066,4230
78,0.06637,0.06619,0.06618,0.06616,0.06594,0.06593,0.06589,0.06588,0.0658,0.06579,0.06656,0.06657,0.06664,0.06665,0.06671,0.06672,0.0668,0.06689,0.06694,0.06706,135,2116,611,893,31750,3816,1328,3680,141077,870,134,2493,889,2814,5585,2377,7114,1293,6417,2066
79,0.06637,0.06619,0.06618,0.06616,0.06614,0.06594,0.06593,0.06589,0.06586,0.06584,0.06657,0.06664,0.06665,0.06671,0.06672,0.06684,0.06689,0.06694,0.06706,0.06707,135,2116,611,323,570,31750,3816,1328,3682,870,2461,889,2814,5585,2377,7114,1293,6417,2066,4230
80,0.06645,0.06644,0.0663,0.06624,0.0662,0.06618,0.06616,0.06611,0.066,0.06594,0.06657,0.06658,0.06663,0.06672,0.06678,0.06683,0.06684,0.06694,0.06699,0.06706,650,2498,326,313,6971,611,570,393,1297,31750,1581,2493,2491,2377,329,5585,7114,6417,1318,2066
81,0.06644,0.06643,0.06627,0.06625,0.06624,0.06616,0.06614,0.06611,0.066,0.06599,0.06653,0.06654,0.06658,0.06663,0.06672,0.06674,0.06683,0.06684,0.06694,0.067,712,2498,327,256,313,6975,570,393,1297,613,1024,2494,2493,2491,2377,327,5585,7114,6417,1319
82,0.0665,0.06642,0.06631,0.06626,0.06625,0.06617,0.06616,0.06612,0.06611,0.066,0.06653,0.06654,0.06658,0.06663,0.06672,0.06673,0.06683,0.06684,0.06694,0.067,166,2499,256,329,313,1488,6975,570,393,1297,350,2494,2493,2491,2377,327,5585,7114,6417,1315
83,0.06643,0.06642,0.06631,0.06626,0.06625,0.06616,0.06612,0.06611,0.066,0.06599,0.06653,0.06654,0.06658,0.06663,0.06672,0.06673,0.06679,0.0668,0.06694,0.067,710,2499,256,329,313,6975,570,393,1297,613,184,2494,2493,2491,2377,327,5585,7114,6417,1315
84,0.06643,0.06642,0.06633,0.06616,0.06612,0.06611,0.066,0.06599,0.06594,0.06593,0.06658,0.06663,0.06672,0.06675,0.06679,0.0668,0.06694,0.06701,0.06706,0.06707,2178,2499,587,6975,570,393,1297,613,31750,3816,2493,2491,2377,330,5585,7114,6417,1323,2066,4230
85,0.06649,0.06648,0.06637,0.06631,0.06616,0.06615,0.06612,0.06611,0.06594,0.06593,0.06658,0.06663,0.06671,0.06672,0.06682,0.06683,0.06684,0.06694,0.06701,0.06706,1034,2496,256,328,6975,611,570,1300,31750,3816,1297,2491,450,2377,323,5585,7114,6417,1323,2066
86,0.06651,0.0665,0.06645,0.06638,0.06637,0.0663,0.06629,0.06617,0.06616,0.06615,0.06658,0.06663,0.06672,0.06682,0.06686,0.06687,0.06688,0.06694,0.06701,0.06706,778,2496,2498,332,256,392,313,31640,6975,611,940,2491,2377,323,1819,5585,7114,6417,1323,2066
87,0.06654,0.06653,0.0665,0.06638,0.06637,0.0663,0.06629,0.06617,0.06616,0.06615,0.06662,0.06663,0.06672,0.06682,0.06687,0.06688,0.06694,0.06706,0.06707,0.06711,737,2495,2496,332,256,392,313,31640,6975,611,469,2315,2377,323,5585,7114,6417,2066,4230,1295
88,0.06653,0.06638,0.06637,0.0663,0.06627,0.06617,0.06616,0.06615,0.06612,0.06611,0.06662,0.06663,0.06672,0.06682,0.06687,0.06688,0.06694,0.06706,0.06707,0.06711,2495,332,256,392,313,1062,6975,611,570,1300,950,2315,2377,324,5585,7114,6417,2066,4230,1295
89,0.06653,0.06638,0.06637,0.0663,0.06627,0.06621,0.06618,0.06617,0.06616,0.06615,0.06662,0.06663,0.06672,0.06682,0.06687,0.06688,0.06694,0.06706,0.06707,0.06711,2495,332,256,392,313,569,1021,31640,6975,611,259,2315,2377,324,5585,7114,6417,2066,4230,1295
90,0.06649,0.06648,0.06639,0.0663,0.06621,0.06616,0.06615,0.0661,0.06594,0.06593,0.06662,0.06663,0.06672,0.06682,0.06687,0.06688,0.06694,0.067,0.06706,0.06707,876,2496,256,720,569,6975,611,1314,31750,3816,1861,2315,2377,328,5585,7114,6417,1313,2066,4230
91,0.06653,0.06652,0.06648,0.06639,0.06638,0.0663,0.06627,0.06621,0.06617,0.06616,0.06662,0.06663,0.06672,0.06682,0.06687,0.06688,0.06694,0.06706,0.06707,0.0671,856,2495,2496,256,330,392,313,569,31640,6975,1690,2315,2377,328,5585,7114,6417,2066,4230,1315
92,0.06657,0.06656,0.06652,0.06644,0.06639,0.0663,0.06621,0.06617,0.06616,0.06615,0.06663,0.06672,0.06686,0.06687,0.06688,0.06689,0.06694,0.06706,0.06707,0.0671,639,2493,2495,327,256,392,569,31640,6975,611,1112,2377,1690,5585,7114,333,6417,2066,4230,1315
93,0.0666,0.06657,0.06656,0.06652,0.06644,0.06639,0.0663,0.06621,0.0662,0.06617,0.06663,0.06671,0.06672,0.06683,0.06684,0.06689,0.06694,0.06706,0.06707,0.0671,316,946,2493,2495,327,256,392,569,1306,31640,667,1690,2377,5585,7114,333,6417,2066,4230,1315
94,0.06657,0.06656,0.06652,0.06644,0.06639,0.0663,0.06621,0.0662,0.06616,0.06615,0.06664,0.06671,0.06672,0.06679,0.0668,0.06689,0.06694,0.06706,0.06707,0.0671,800,2493,2495,327,256,392,569,1306,6975,611,2490,644,2377,5585,7114,333,6417,2066,4230,1315
95,0.06653,0.06652,0.06639,0.06636,0.0663,0.06621,0.06615,0.0661,0.06609,0.06594,0.06657,0.06658,0.06659,0.06661,0.06677,0.06678,0.06679,0.06682,0.06694,0.06706,574,2495,256,325,392,569,611,1505,1328,31750,778,2493,777,2492,1500,5585,7114,323,6417,2066
96,0.06652,0.06651,0.06649,0.06639,0.0663,0.06624,0.06621,0.06619,0.06618,0.06615,0.06657,0.06658,0.06677,0.06678,0.06679,0.06686,0.06694,0.06703,0.06706,0.06707,657,2495,2496,585,392,313,569,1505,6973,611,994,2493,1500,5585,7114,324,6417,1317,2066,4230
97,0.0666,0.06656,0.06655,0.06653,0.06651,0.0664,0.06639,0.0663,0.06624,0.06621,0.06661,0.06662,0.06664,0.06682,0.06683,0.06684,0.06688,0.06694,0.06706,0.06707,119,772,2494,2495,2495,331,256,392,313,1863,251,2491,2490,1500,5585,7114,331,6417,2066,4230
98,0.06659,0.06658,0.06655,0.06653,0.06646,0.06639,0.06621,0.06615,0.06595,0.06593,0.06664,0.06666,0.06682,0.06683,0.06684,0.06688,0.06694,0.06706,0.06707,0.06719,418,2493,2494,2495,331,256,1863,611,31745,3816,2490,2490,1500,5585,7114,331,6417,2066,4230,1292
99,0.06653,0.06652,0.0665,0.06639,0.06631,0.06627,0.06623,0.06621,0.06615,0.06607,0.06657,0.06658,0.06661,0.06666,0.06679,0.06683,0.06684,0.06694,0.06699,0.06706,510,2495,2496,256,327,705,6944,569,611,1324,1039,2493,2492,2490,327,5585,7114,6417,1320,2066
100,0.06659,0.06658,0.06656,0.06654,0.06646,0.06639,0.06627,0.06623,0.06621,0.0662,0.06664,0.06666,0.06686,0.06687,0.06688,0.06693,0.06694,0.06706,0.06707,0.06709,1198,2493,2493,2494,327,256,705,6944,32190,1312,1975,2490,952,5585,7114,327,6417,2066,4230,1316
101,0.06658,0.06656,0.06646,0.06639,0.06628,0.06627,0.06623,0.06621,0.0662,0.06615,0.06664,0.06666,0.06682,0.06683,0.06684,0.06693,0.06694,0.06706,0.06707,0.06719,2310,2493,327,256,325,705,6944,569,1312,611,2214,2490,1361,5585,7114,327,6417,2066,4230,1312
102,0.06659,0.06658,0.06656,0.06646,0.06639,0.06627,0.06623,0.06621,0.0662,0.06615,0.06664,0.06666,0.06686,0.06687,0.06688,0.06693,0.06694,0.06706,0.06707,0.06719,733,2310,2493,327,256,705,6944,31621,1312,611,1163,2490,1361,5585,7114,327,6417,2066,4230,1312
103,0.06661,0.0666,0.06658,0.06656,0.06646,0.06639,0.06627,0.06623,0.06621,0.0662,0.06666,0.06686,0.06687,0.06688,0.06693,0.06694,0.06706,0.06707,0.06719,0.06731,504,2492,2310,2493,327,256,705,6944,32190,1312,2490,1361,5585,7114,327,6417,2066,4230,1312,9839
104,0.06664,0.06663,0.0666,0.06658,0.06656,0.06653,0.0663,0.06627,0.06623,0.06621,0.0667,0.06686,0.06687,0.06688,0.06694,0.06702,0.06706,0.06707,0.06719,0.06731,688,2491,2492,2310,2493,325,1296,392,6944,569,2488,1361,5585,7114,6417,331,2066,4230,1312,9839
105,0.06663,0.0666,0.06658,0.06656,0.06653,0.06633,0.0663,0.06627,0.06623,0.06621,0.0667,0.06686,0.06687,0.06688,0.06694,0.06702,0.06706,0.06707,0.06719,0.06733,2491,2492,2310,2493,325,313,1296,392,6944,569,2488,1361,5585,7114,6417,331,2066,4230,1312,13405
106,0.06663,0.0666,0.06658,0.06656,0.06653,0.06633,0.0663,0.06627,0.06625,0.06624,0.06667,0.06668,0.0667,0.06688,0.06689,0.06694,0.06706,0.06707,0.06719,0.06733,687,2492,2310,2493,325,313,1296,392,353,31606,1003,1884,2488,5585,7114,6747,2066,4230,1312,13405
107,0.06661,0.0666,0.06658,0.06656,0.06653,0.06633,0.0663,0.06627,0.06624,0.06623,0.06667,0.06668,0.0667,0.06688,0.06689,0.06694,0.06706,0.06707,0.06719,0.06733,569,2492,2310,2493,325,313,1296,392,31606,6944,527,1884,2488,5585,7114,6747,2066,4230,1312,13405
108,0.06667,0.06666,0.06664,0.06662,0.0666,0.06655,0.06633,0.0663,0.06627,0.06624,0.06672,0.06691,0.06692,0.06693,0.06694,0.067,0.06706,0.06707,0.06729,0.06731,232,2490,2490,2491,2412,326,313,1294,392,31606,2488,2566,5585,7114,6417,332,2066,4230,1332,10314
109,0.06671,0.0667,0.06668,0.06666,0.06664,0.06662,0.06631,0.0663,0.06624,0.06623,0.06676,0.06691,0.06692,0.06693,0.06694,0.06706,0.06707,0.06729,0.06731,0.06733,337,2488,2068,2490,2490,325,610,1294,31606,6944,2486,2234,5585,7114,6417,2066,4560,1332,10314,13405
110,0.06673,0.06672,0.0667,0.06668,0.06666,0.06664,0.06662,0.06631,0.0663,0.06624,0.06692,0.06693,0.06694,0.06706,0.06707,0.06729,0.06733,0.0674,0.06743,0.06746,611,254,2488,2068,2490,2490,325,610,1294,31606,2394,7114,6417,7651,4560,1332,13405,10284,138938,145496
111,0.06653,0.06651,0.0664,0.06635,0.06633,0.06624,0.06623,0.06607,0.06606,0.06605,0.06655,0.0666,0.06661,0.06668,0.06677,0.06678,0.06686,0.06695,0.06704,0.06706,2495,2495,256,704,332,1542,7512,31688,1968,10328,104,1197,2492,2489,5585,4978,7446,6417,1323,2066
112,0.06653,0.06651,0.0664,0.06635,0.06633,0.06629,0.06624,0.06623,0.06607,0.06606,0.06655,0.0666,0.06661,0.06668,0.06677,0.06678,0.06686,0.0669,0.06695,0.06704,2495,2495,256,391,332,313,1334,7512,31688,1968,104,1197,2492,2489,5585,4978,332,7114,6417,1323
113,0.0666,0.06658,0.0664,0.06639,0.06635,0.06624,0.06623,0.06607,0.06606,0.06602,0.06665,0.06666,0.06668,0.06678,0.06686,0.06689,0.0669,0.06695,0.06704,0.06706,2492,2493,256,638,391,1400,7512,31688,1653,613,843,2490,2489,4978,332,5585,7114,6417,1323,2066
114,0.06661,0.0666,0.06658,0.0664,0.06639,0.06637,0.06635,0.06626,0.06624,0.06623,0.06666,0.06668,0.06686,0.06692,0.06693,0.06694,0.06695,0.06704,0.06706,0.06722,398,2492,2493,256,326,313,391,610,31606,7512,2306,2489,332,1027,5585,7114,6417,1323,2066,9760
115,0.06668,0.0666,0.06649,0.06648,0.06647,0.06643,0.06642,0.06627,0.06626,0.06623,0.06675,0.06676,0.06694,0.06695,0.06698,0.067,0.06706,0.06723,0.06725,0.06733,2489,2492,904,716,312,609,6922,31592,1326,568,1802,2486,5585,6417,327,7114,2066,1322,4230,13405
116,0.06677,0.06676,0.06674,0.06672,0.0667,0.06668,0.06665,0.06653,0.06651,0.06643,0.06683,0.06705,0.06706,0.06707,0.06708,0.06712,0.06713,0.06725,0.06733,0.06736,359,254,2487,2488,2488,2489,323,312,391,609,2378,1422,2066,5585,7114,6417,323,4230,13405,1322
117,0.06685,0.0668,0.06679,0.06677,0.06674,0.06672,0.06664,0.06653,0.06651,0.06645,0.0669,0.06691,0.06706,0.06707,0.06708,0.06712,0.06713,0.06725,0.06733,0.06736,254,1446,2485,2486,2487,2488,329,312,391,566,726,2480,2066,5585,7114,6417,323,4230,13405,1322
118,0.0668,0.06679,0.06677,0.06674,0.06672,0.06664,0.06657,0.06653,0.06651,0.06645,0.0669,0.06691,0.06705,0.06712,0.06713,0.06723,0.06725,0.06733,0.06736,0.06752,355,2485,2486,2487,2488,329,607,312,391,566,573,2480,12819,6417,323,2066,4230,13405,1322,9844
119,0.06677,0.06674,0.06672,0.06664,0.06657,0.06653,0.06651,0.06645,0.06642,0.0664,0.06685,0.06686,0.06701,0.06704,0.06705,0.06707,0.06712,0.06723,0.06725,0.06736,1306,2487,2488,329,607,312,391,566,6922,254,1693,2482,120,5585,7114,324,6417,2066,4230,1322
120,0.06682,0.06681,0.06679,0.06677,0.06674,0.06664,0.06657,0.06651,0.06645,0.06643,0.06691,0.06692,0.06702,0.06711,0.06712,0.06714,0.06715,0.06723,0.06736,0.06743,272,2484,2485,1306,2487,329,607,391,566,31516,1753,2480,120,5585,6417,7114,330,2066,1322,4230
121,0.0669,0.06689,0.06687,0.06685,0.06683,0.06675,0.06661,0.06658,0.06657,0.0665,0.06698,0.067,0.06716,0.06717,0.06721,0.06722,0.06733,0.06741,0.06743,0.06752,845,2481,2482,2483,2483,330,312,390,607,31483,2478,120,2110,5585,330,7114,6417,2066,5528,10369
122,0.06692,0.06691,0.06689,0.06687,0.06685,0.06683,0.06661,0.06658,0.06657,0.0665,0.067,0.06716,0.06719,0.0672,0.06721,0.06729,0.06733,0.06741,0.06743,0.06754,494,2480,2481,2482,2483,323,312,390,607,31483,2477,120,2511,5585,7114,326,6417,2066,4230,13405
123,0.06694,0.06693,0.06691,0.06689,0.06687,0.06685,0.06683,0.06679,0.06661,0.0665,0.06715,0.06716,0.06721,0.06729,0.06733,0.06741,0.06743,0.06754,0.06755,0.06763,494,253,2480,2481,2482,2483,323,605,312,31483,2511,120,12699,326,6417,2066,4230,13405,1304,9723
124,0.06697,0.06696,0.06691,0.06689,0.06687,0.06685,0.06683,0.0666,0.06658,0.06645,0.06711,0.06712,0.06721,0.06729,0.06732,0.06733,0.06741,0.06743,0.06754,0.06755,260,2479,2480,2481,2482,2483,323,1298,607,566,2087,120,7114,326,5585,6417,2066,4230,13405,1304
125,0.06692,0.06691,0.06689,0.06687,0.06685,0.06676,0.06658,0.06651,0.0665,0.06645,0.06699,0.0671,0.06719,0.0672,0.06721,0.06733,0.06741,0.06743,0.06754,0.06755,134,1302,2481,2482,2483,325,607,31478,1301,566,2157,120,3005,5585,7439,6417,2066,4230,13405,1304
126,0.06692,0.06691,0.06689,0.06687,0.06685,0.06676,0.06658,0.0665,0.06645,0.06638,0.067,0.06701,0.0671,0.06715,0.06716,0.06721,0.06733,0.06741,0.06743,0.06744,355,2480,2481,2482,2483,325,607,1301,566,718,1110,2477,120,5585,7114,325,6417,2066,4230,1322
127,0.06692,0.06691,0.06689,0.06687,0.06685,0.06676,0.06658,0.06651,0.0665,0.06645,0.06699,0.06708,0.06718,0.06719,0.0672,0.06721,0.06733,0.06741,0.06743,0.06744,454,1302,2481,2482,2483,325,607,31478,1301,566,2477,374,2096,5585,7114,325,6417,2066,4230,1322
128,0.0669,0.06689,0.06687,0.06685,0.06676,0.06658,0.06648,0.06645,0.06638,0.06631,0.06697,0.06698,0.06705,0.06717,0.0672,0.06733,0.06741,0.06743,0.06744,0.06754,207,2481,2482,2483,327,607,1320,566,299,314,609,2478,2475,374,13028,6417,2066,4230,1306,13405
129,0.06687,0.06685,0.06668,0.06658,0.06648,0.06645,0.06629,0.06628,0.06627,0.06626,0.06695,0.06696,0.06698,0.06709,0.06713,0.06714,0.06733,0.06741,0.06743,0.06744,2482,2483,331,607,1320,566,391,31587,9801,4116,1429,2479,2478,386,5585,7439,6417,2066,4230,1306
130,0.06683,0.06679,0.06666,0.06659,0.06658,0.06654,0.06645,0.06638,0.06637,0.06626,0.06686,0.0669,0.06712,0.06713,0.06714,0.06733,0.06741,0.06743,0.06754,0.06761,2483,2485,331,733,919,6909,566,31540,1298,4116,386,1179,2272,5909,7114,6417,3385,4230,13405,9873
131,0.06677,0.06671,0.06659,0.06658,0.06656,0.06654,0.06653,0.06645,0.06627,0.06623,0.06678,0.06679,0.0668,0.06685,0.06687,0.0669,0.06703,0.06704,0.06705,0.06716,2486,2488,574,919,332,6909,391,566,1307,31611,928,231,1180,2483,2482,2481,332,5585,7114,6417
132,0.06673,0.06658,0.06656,0.06655,0.06654,0.06649,0.06645,0.06643,0.06627,0.06623,0.06678,0.06679,0.0668,0.06682,0.06687,0.067,0.06701,0.06702,0.06716,0.06725,2147,312,970,325,6909,391,566,609,1307,31611,438,231,2485,2484,2482,5585,7114,327,6417,1316
133,0.06664,0.06655,0.06654,0.06649,0.06648,0.06647,0.06643,0.06639,0.06627,0.06623,0.06672,0.06673,0.06674,0.0668,0.06682,0.06695,0.067,0.06701,0.06715,0.06716,2490,970,6909,391,325,313,609,567,1307,31611,1400,231,2487,2485,2484,325,5585,7114,1305,6417
134,0.06666,0.06665,0.06654,0.06649,0.06648,0.06647,0.06643,0.06639,0.06628,0.06627,0.06675,0.06676,0.0668,0.06682,0.06695,0.067,0.06701,0.06715,0.06716,0.06735,822,2490,6909,391,325,313,609,567,31587,1307,1355,231,2485,2484,325,5585,7114,1305,6417,9814
135,0.06665,0.06654,0.06649,0.06648,0.06647,0.06643,0.06639,0.06623,0.06622,0.06621,0.06672,0.06673,0.06674,0.06675,0.06678,0.0668,0.06682,0.06688,0.067,0.06701,2490,6909,391,325,313,609,567,2561,868,3800,444,2487,231,2486,2485,2485,2484,330,5585,7114
136,0.06665,0.06649,0.06647,0.06643,0.06641,0.0664,0.06639,0.06637,0.06622,0.06621,0.06672,0.06673,0.06674,0.06675,0.06678,0.0668,0.06682,0.06688,0.067,0.06701,2341,391,313,609,332,2561,567,6927,868,3800,123,2487,231,2486,2485,2485,2484,330,5585,7114
137,0.06665,0.06648,0.06647,0.06643,0.06641,0.0664,0.06639,0.06637,0.06623,0.06622,0.06672,0.06673,0.06674,0.06675,0.06678,0.0668,0.06692,0.067,0.06701,0.06715,2490,391,313,609,332,2882,567,6927,31611,868,123,2487,231,2486,2485,2485,332,5585,7114,1305
138,0.06665,0.06649,0.06648,0.06643,0.06641,0.06639,0.06637,0.06623,0.06622,0.06621,0.06672,0.06673,0.06674,0.06675,0.06678,0.0668,0.06692,0.067,0.06701,0.06715,2163,2882,703,609,332,567,6927,31611,868,3800,123,2487,231,2486,2485,2485,332,5585,7114,1305
139,0.06652,0.06651,0.06648,0.06643,0.06641,0.06639,0.06637,0.06622,0.06621,0.06617,0.06671,0.06672,0.06673,0.06675,0.06678,0.06679,0.0668,0.06686,0.06701,0.06715,2882,255,312,1000,332,567,6927,868,3800,1319,2488,123,2487,2486,2485,5585,2485,324,7114,1305
140,0.06652,0.06651,0.06643,0.06641,0.06639,0.06637,0.0663,0.06617,0.06616,0.0661,0.06668,0.06669,0.06671,0.06673,0.06675,0.06678,0.06686,0.067,0.06701,0.06715,2635,255,1000,332,567,6927,313,1319,868,31673,15,2489,2488,2487,2486,2485,324,5585,7114,1305
141,0.06652,0.06651,0.06643,0.06641,0.06639,0.06637,0.06617,0.06616,0.0661,0.06609,0.06667,0.06668,0.06669,0.06671,0.06673,0.06675,0.06686,0.067,0.06701,0.06715,2635,255,1000,332,567,6927,1319,868,31673,4127,2489,15,2489,2488,2487,2486,324,5585,7114,1305
142,0.06664,0.06651,0.06646,0.06645,0.06644,0.06643,0.06639,0.06637,0.06622,0.06617,0.06671,0.06673,0.06675,0.06686,0.067,0.06701,0.06709,0.06716,0.06727,0.06733,2490,255,2990,312,324,1000,567,6927,31616,1319,2488,2487,2486,324,5585,7114,1321,6417,9524,137177
143,0.06671,0.0667,0.06664,0.06654,0.06645,0.06643,0.06639,0.06638,0.06637,0.06616,0.06679,0.06681,0.06702,0.06704,0.06705,0.06716,0.06727,0.06733,0.06734,0.06741,2674,2488,2490,327,312,1000,32102,1332,6927,869,2030,2484,327,5585,7114,6417,9524,137177,1306,2066
144,0.06665,0.06664,0.06655,0.0665,0.06645,0.06643,0.06639,0.06637,0.06625,0.06624,0.06678,0.06679,0.06681,0.06693,0.06702,0.06703,0.06716,0.06722,0.06739,0.06741,1735,2490,255,329,312,609,567,6927,31601,1297,302,1477,2484,332,5585,7114,6417,1318,9783,2066
145,0.06669,0.06668,0.06666,0.06655,0.0665,0.06645,0.06643,0.06639,0.06637,0.06625,0.06676,0.06677,0.06679,0.06681,0.06693,0.06701,0.06702,0.06716,0.06722,0.06739,1400,2489,2490,255,329,312,1000,567,6927,31601,731,2486,1477,2484,332,5585,7114,6417,1318,9783
146,0.06674,0.06673,0.06668,0.06658,0.06657,0.06645,0.06643,0.06639,0.06637,0.06635,0.06684,0.06685,0.06701,0.06702,0.06705,0.06716,0.06737,0.06739,0.06741,0.06743,1377,2487,2489,324,607,312,391,567,6927,31554,142,2483,5585,7114,327,6417,1317,9783,2066,4230
147,0.06676,0.06673,0.06658,0.06657,0.06653,0.06645,0.06639,0.06638,0.06637,0.06635,0.06684,0.06685,0.06687,0.06701,0.06702,0.06705,0.06716,0.06737,0.06741,0.06743,2486,2487,324,607,391,312,567,1095,6927,31554,874,2452,2482,5585,7114,327,6417,1317,2066,4230
148,0.06683,0.06682,0.0668,0.06678,0.06676,0.06673,0.06667,0.06657,0.06645,0.06639,0.06692,0.06705,0.06706,0.06713,0.06716,0.06737,0.06741,0.06743,0.06749,0.06754,1510,254,2485,2485,2325,2487,326,607,1631,567,2480,1495,12699,330,6417,1317,2066,4230,9975,13405
149,0.0669,0.06681,0.0668,0.06678,0.06676,0.06674,0.06673,0.06657,0.06646,0.06645,0.06698,0.06699,0.06711,0.06712,0.0672,0.06741,0.06743,0.06749,0.06754,0.06757,254,1503,2485,2485,2325,332,2487,607,31502,1319,891,2477,5585,7114,6749,2066,4230,1304,13405,144283
150,0.06681,0.0668,0.06678,0.06676,0.06674,0.06673,0.06657,0.06646,0.06645,0.06639,0.06696,0.06697,0.06698,0.06711,0.06712,0.0672,0.06726,0.06741,0.06749,0.06754,1503,2485,2485,2325,332,2487,607,31502,1319,567,512,254,2478,5585,7114,6749,4230,2066,1304,13405
151,0.06695,0.06694,0.0669,0.06688,0.06685,0.06682,0.06672,0.06658,0.06657,0.06639,0.06706,0.06707,0.06723,0.06724,0.06726,0.06727,0.06741,0.06751,0.06754,0.06761,1103,2479,2481,2482,2483,332,606,31445,1327,567,1397,2729,5585,7114,4230,324,8483,1303,13405,9968
152,0.06695,0.06692,0.0669,0.06688,0.06682,0.06672,0.06657,0.06639,0.06638,0.06637,0.06703,0.06704,0.06708,0.06713,0.06723,0.06724,0.06726,0.06727,0.06741,0.06751,2479,2480,2481,2482,332,606,1327,746,31540,6927,2063,254,2474,7114,5585,6417,4230,324,2066,1303
153,0.06694,0.06693,0.0669,0.06688,0.0668,0.06672,0.06648,0.06647,0.06633,0.06625,0.06704,0.06705,0.06706,0.0672,0.06721,0.06726,0.06727,0.06741,0.06752,0.06754,1049,2480,2306,2482,330,606,31492,1330,15406,145165,1616,254,2475,5585,7114,4230,327,8483,1307,13405
154,0.06681,0.06672,0.06658,0.06633,0.06632,0.06626,0.06625,0.06621,0.06618,0.06612,0.0669,0.06691,0.06693,0.06704,0.06705,0.06706,0.06723,0.06726,0.06731,0.06741,2484,606,329,311,1315,31597,145165,150721,159944,5722,1721,2988,2480,5585,7114,329,6417,4230,1315,2066
155,0.06675,0.06673,0.06671,0.06656,0.06648,0.06646,0.06642,0.06641,0.06635,0.06633,0.06685,0.06686,0.06687,0.06698,0.06699,0.06704,0.06706,0.06722,0.06726,0.06741,2486,2487,2488,331,920,391,513,6923,567,1322,2079,2482,508,5585,7114,331,6417,1294,4230,2066
156,0.06677,0.06659,0.06648,0.06642,0.06641,0.06635,0.06634,0.06633,0.06614,0.06613,0.06686,0.06687,0.06689,0.06702,0.06703,0.06706,0.06707,0.06726,0.06732,0.06741,2486,327,920,1942,6923,567,31559,1322,5703,10092,490,2990,2481,5585,7114,6417,332,4230,1312,2066
157,0.06673,0.0665,0.06649,0.06648,0.06641,0.06635,0.06619,0.06616,0.06613,0.06609,0.06681,0.06682,0.06684,0.06685,0.06687,0.06697,0.06698,0.06699,0.06706,0.06714,2487,2872,324,920,6923,567,31630,1329,10092,3807,133,2484,508,2483,2482,324,5585,7114,6417,1329
158,0.06673,0.0665,0.06649,0.06648,0.06645,0.06641,0.06635,0.06617,0.06616,0.06613,0.06681,0.06682,0.06684,0.06685,0.06697,0.06698,0.06699,0.06706,0.06714,0.06726,1042,2872,324,920,391,6923,567,31640,1329,10092,133,2484,508,2483,324,5585,7114,6417,1329,4230
159,0.06671,0.0667,0.06667,0.06653,0.06649,0.06648,0.06643,0.06641,0.06635,0.06628,0.0668,0.06681,0.06682,0.06694,0.06695,0.06698,0.06706,0.06725,0.06726,0.06741,1933,2488,2489,255,324,920,391,6923,567,31587,2485,133,2484,5585,7114,329,6417,1296,4230,12089
160,0.06673,0.06653,0.06649,0.06648,0.06626,0.06612,0.06611,0.06609,0.06608,0.06606,0.06681,0.06682,0.06684,0.06698,0.06699,0.06706,0.06723,0.06726,0.06741,0.06751,2487,255,324,920,1294,31664,2970,5690,9840,3810,35,2484,2483,5909,7114,6417,1328,4230,12089,141120
161,0.06657,0.06648,0.06634,0.06615,0.06614,0.06613,0.06606,0.06603,0.06601,0.066,0.06663,0.06664,0.06673,0.06676,0.06682,0.06683,0.06684,0.06685,0.06686,0.067,2493,608,327,529,31654,9687,146037,143205,3675,1323,1436,270,2487,2486,5585,2483,332,7114,2482,1323
162,0.06643,0.06642,0.06623,0.06622,0.0662,0.06618,0.06613,0.06608,0.06607,0.06606,0.0665,0.06661,0.06662,0.06673,0.06675,0.06676,0.06679,0.06683,0.06686,0.06697,178,2499,705,6935,324,569,9687,612,31688,142227,525,2667,2491,2816,5585,2486,7114,2483,6417,1331
163,0.06643,0.06642,0.06627,0.06623,0.06622,0.06618,0.06613,0.06608,0.06601,0.066,0.0665,0.06661,0.06662,0.06673,0.06675,0.06676,0.06683,0.06686,0.06697,0.06708,94,2499,328,705,6935,569,9687,612,31716,1295,525,1029,2491,2816,12699,2486,2483,6417,1331,4230
164,0.06643,0.06642,0.06627,0.06624,0.06623,0.06622,0.06618,0.06613,0.06608,0.06601,0.0665,0.06661,0.06662,0.06673,0.06675,0.06676,0.06683,0.06686,0.06697,0.06708,94,2499,328,392,313,6935,569,9687,612,31716,525,1029,2491,2816,12699,2486,2483,6417,1331,4230
165,0.06634,0.06633,0.06624,0.06623,0.06622,0.06618,0.066,0.06591,0.06589,0.06588,0.06644,0.0666,0.06661,0.06662,0.06667,0.06673,0.06675,0.06676,0.06683,0.06686,910,2502,392,313,7259,569,1295,614,31774,3820,525,2095,5567,2491,324,2487,7114,2486,2483,6417
166,0.06643,0.06642,0.06626,0.06624,0.06622,0.06611,0.06606,0.06601,0.066,0.06591,0.06655,0.06656,0.06657,0.06662,0.06672,0.06673,0.06674,0.06676,0.06681,0.06686,1401,2499,324,392,6935,569,612,31716,1295,148634,832,292,2493,2491,332,2487,5585,2486,7114,6417
167,0.06639,0.06638,0.06624,0.06617,0.06616,0.0661,0.06606,0.06593,0.06592,0.06591,0.06647,0.06648,0.06652,0.06657,0.06662,0.06663,0.06672,0.06673,0.06674,0.06686,1525,2500,392,332,6932,569,612,31755,1328,148634,429,292,2495,2493,2491,332,5584,2487,7114,6417
168,0.0664,0.06639,0.06636,0.06624,0.06619,0.06615,0.06606,0.06603,0.06602,0.06592,0.06656,0.06657,0.06662,0.06669,0.06673,0.06681,0.06682,0.06686,0.06692,0.06699,2337,2500,256,1037,6928,569,612,31707,1327,479,292,2493,2491,327,2487,5585,7114,6417,10216,1328
169,0.06632,0.06631,0.06619,0.06617,0.06615,0.06614,0.06606,0.06592,0.06591,0.06588,0.06642,0.06646,0.06647,0.06653,0.06657,0.06661,0.06662,0.06665,0.06678,0.06686,2016,2503,6928,707,569,325,612,32239,1303,153080,154,989,2497,2495,2493,5560,2491,332,7114,6417
170,0.06632,0.06631,0.06619,0.06617,0.06615,0.06614,0.06606,0.06592,0.06591,0.06589,0.06646,0.06647,0.06653,0.06657,0.06661,0.06662,0.06665,0.06666,0.06674,0.06686,1059,2503,6928,707,569,325,612,32239,1303,419,959,2497,2495,2493,5560,2491,332,2066,7114,6417
171,0.06627,0.06626,0.0662,0.06619,0.06617,0.06615,0.06607,0.06606,0.06592,0.06591,0.06636,0.06637,0.0664,0.06644,0.06647,0.06653,0.06657,0.06665,0.06666,0.06674,1637,2505,256,6928,707,569,332,612,479,1303,525,2501,5326,2498,2497,2495,329,5537,2066,7114
172,0.06626,0.06625,0.0662,0.06617,0.06615,0.06607,0.06602,0.06592,0.06591,0.06589,0.06636,0.06637,0.0664,0.06644,0.06647,0.06652,0.06653,0.06657,0.06666,0.0667,1661,2505,256,707,569,332,6946,479,1303,419,276,2501,5326,2498,2497,5537,2495,329,2066,7114
173,0.0662,0.06615,0.06602,0.066,0.06598,0.06592,0.06588,0.06587,0.06582,0.06581,0.06629,0.0663,0.06634,0.06637,0.0664,0.06643,0.06644,0.06646,0.06647,0.06666,750,569,6946,708,329,479,3820,1488,3685,719,818,1188,2502,2501,5326,329,2498,5513,2497,2066
174,0.06621,0.06615,0.06603,0.06602,0.066,0.06598,0.06592,0.06588,0.06587,0.06582,0.06629,0.0663,0.06634,0.06637,0.0664,0.06643,0.06644,0.06665,0.06666,0.06668,1317,569,1846,6946,708,329,479,3820,1488,3685,699,1188,2502,2501,5326,329,2498,5514,9180,1317
175,0.06625,0.06624,0.06615,0.06605,0.06602,0.066,0.06592,0.06589,0.06588,0.06587,0.0663,0.06634,0.06637,0.06644,0.0665,0.06665,0.06666,0.06668,0.06681,0.06686,1208,2506,569,324,6946,708,479,31774,3820,614,328,2502,2501,2498,325,5514,9180,1317,10129,6417
176,0.06625,0.06624,0.06623,0.06619,0.06615,0.06612,0.06594,0.06593,0.06592,0.06588,0.06637,0.06644,0.06659,0.06665,0.06666,0.06667,0.06681,0.06686,0.06688,0.06691,1010,2506,706,6928,569,325,31750,1313,479,3820,2216,1053,330,1995,7611,7114,10129,6417,144288,1307
177,0.0662,0.06619,0.06615,0.06606,0.06602,0.066,0.06599,0.06592,0.06588,0.06587,0.06636,0.06637,0.06644,0.06648,0.06666,0.06667,0.06681,0.06686,0.06688,0.06692,531,2507,569,708,327,31721,6949,479,3820,614,1990,2125,1053,328,7611,7114,11445,6417,144288,13405
178,0.06616,0.06615,0.06606,0.06602,0.06599,0.06594,0.06592,0.06588,0.06587,0.06583,0.06627,0.06628,0.06632,0.06637,0.06641,0.06644,0.06666,0.06667,0.06671,0.06681,1324,299,314,393,6949,324,479,3820,614,875,157,2504,2503,2125,328,1053,7617,7114,1325,10392
179,0.06615,0.06603,0.06602,0.06599,0.06594,0.06587,0.06583,0.0658,0.06572,0.06571,0.06624,0.06625,0.06628,0.06632,0.06637,0.06641,0.06644,0.06666,0.06667,0.06671,299,1784,393,7263,324,614,875,316,1051,32469,1040,2505,2504,2503,2125,328,1053,7617,7114,1325
180,0.06618,0.06617,0.0661,0.06607,0.06605,0.06602,0.06598,0.06595,0.06587,0.06584,0.06628,0.06632,0.06637,0.06649,0.06665,0.06666,0.06671,0.06673,0.0668,0.06681,2519,2508,257,299,314,393,6950,329,614,31798,2504,2503,2125,329,5525,9180,1316,9966,147448,270
181,0.06624,0.06623,0.06612,0.06607,0.06605,0.06603,0.06602,0.06599,0.06598,0.06587,0.06632,0.06637,0.06649,0.06664,0.06665,0.06666,0.06671,0.06673,0.0668,0.06681,1079,2506,257,299,314,323,393,31726,6950,614,1042,2125,329,976,5525,9180,1316,9966,147448,270
182,0.06625,0.06624,0.06618,0.06616,0.0661,0.06607,0.06587,0.06586,0.06585,0.06583,0.06633,0.06634,0.06636,0.06639,0.06657,0.06666,0.06669,0.0667,0.06681,0.06682,889,2506,6929,706,332,299,614,31789,1328,875,865,512,2501,1092,332,2066,5574,7114,270,1328
183,0.06619,0.06618,0.06617,0.06607,0.06606,0.06602,0.06601,0.06587,0.06585,0.06584,0.0663,0.06631,0.06633,0.06636,0.06639,0.06649,0.06666,0.06669,0.0667,0.06681,363,2508,314,299,393,323,6947,614,1328,31798,2490,512,2502,2501,1092,323,2066,5530,7114,270
184,0.06618,0.06617,0.06607,0.06605,0.06602,0.06601,0.06583,0.06575,0.06574,0.06572,0.06626,0.06627,0.06631,0.06633,0.06639,0.06665,0.06666,0.06673,0.06681,0.06685,2508,314,299,393,515,6947,1176,32446,4144,419,2233,2504,512,2502,1092,5511,9180,10074,270,142121
185,0.06618,0.06617,0.06616,0.06609,0.06607,0.06601,0.06583,0.06576,0.06575,0.06574,0.06628,0.06629,0.06631,0.06633,0.06639,0.06665,0.06666,0.06673,0.06681,0.06682,2585,314,2509,392,299,6947,1489,704,32446,4144,128,2504,3015,2502,1092,5511,9180,10074,270,144309
186,0.06621,0.0662,0.06617,0.06616,0.06611,0.06608,0.06607,0.06584,0.06583,0.06582,0.06631,0.06633,0.06652,0.06663,0.06664,0.06665,0.06666,0.06677,0.0668,0.06681,1004,2507,314,2509,392,6939,630,31798,2348,1323,2403,2502,331,726,512,5511,9180,1323,9852,270
187,0.06624,0.06623,0.0662,0.06617,0.06611,0.06608,0.06607,0.06584,0.06583,0.06582,0.06633,0.06652,0.0666,0.06661,0.06662,0.06664,0.06666,0.06677,0.0668,0.06681,2279,2506,2507,314,392,6939,630,31798,2348,1323,2314,331,726,5538,7114,512,2066,1323,9852,270
188,0.06624,0.06623,0.06617,0.0661,0.06608,0.06606,0.06584,0.06583,0.06576,0.06575,0.06631,0.06632,0.06635,0.06638,0.06651,0.06661,0.06662,0.06666,0.06679,0.0668,1738,2506,704,298,6939,325,31798,3660,285,604,526,2503,2501,2500,837,5538,7114,2066,1313,9852
189,0.06622,0.06621,0.06618,0.06617,0.0661,0.06608,0.066,0.06586,0.06585,0.06583,0.0663,0.06632,0.06635,0.0665,0.06651,0.0666,0.06661,0.06662,0.06668,0.0668,1757,2507,2508,704,298,6939,324,31789,867,1473,1092,2503,2501,332,512,726,5538,7114,1320,9554
190,0.06617,0.06616,0.0661,0.06608,0.066,0.06585,0.06576,0.06575,0.06574,0.06572,0.06625,0.06626,0.06629,0.0663,0.06632,0.06642,0.06651,0.06657,0.06658,0.06667,704,2509,298,6939,324,867,1445,31842,4144,11709,1006,2505,2352,1092,2503,325,512,5538,7114,6417
191,0.06626,0.06625,0.06619,0.06617,0.06616,0.0661,0.06608,0.06606,0.06584,0.06583,0.0663,0.06632,0.06634,0.0665,0.06651,0.06655,0.06657,0.06658,0.06667,0.06675,1913,2505,2507,704,2509,298,6939,329,31798,1315,430,2503,2502,554,512,328,5538,7114,6417,10487
192,0.06624,0.06623,0.06621,0.06617,0.0661,0.06608,0.06606,0.06584,0.06583,0.06579,0.06633,0.06634,0.06651,0.06655,0.06657,0.06658,0.06667,0.06675,0.06679,0.06681,323,2506,2507,704,298,6939,329,32412,1315,868,1074,2502,512,328,5538,7114,6417,10487,1315,270
193,0.06628,0.06627,0.06625,0.06623,0.06617,0.06614,0.06608,0.06602,0.06586,0.06585,0.06636,0.06649,0.0666,0.06661,0.06662,0.06667,0.06681,0.06686,0.06693,0.067,264,2504,2505,2506,704,325,6939,299,31789,1329,2080,512,2741,5565,7439,6417,1599,154633,153392,161975
194,0.0663,0.06629,0.06627,0.06625,0.06623,0.06617,0.06614,0.06608,0.06602,0.06597,0.06635,0.06649,0.0666,0.06661,0.06662,0.06667,0.06681,0.06686,0.06693,0.067,139,2504,2504,2505,2506,704,333,6939,299,1318,2271,512,2741,5565,7439,6417,270,10159,288633,310595
195,0.06629,0.06627,0.06625,0.06617,0.06615,0.06608,0.06602,0.06587,0.06586,0.06584,0.06636,0.06649,0.0666,0.06661,0.06662,0.06667,0.06681,0.06682,0.06687,0.06693,2385,2504,2505,391,636,6939,299,31784,1312,614,2501,512,2866,5565,7439,6417,270,1309,10202,287315
196,0.06631,0.06629,0.06627,0.06615,0.06613,0.06608,0.06607,0.06589,0.06588,0.06585,0.06639,0.06649,0.06659,0.0666,0.06661,0.06662,0.06667,0.06681,0.06683,0.06687,1133,2385,2504,639,391,6939,298,31774,1298,866,2500,512,3005,324,5565,7114,6417,270,1300,10202
197,0.06635,0.06633,0.06631,0.06629,0.06621,0.06615,0.06613,0.06607,0.06599,0.06598,0.06644,0.06649,0.06665,0.06666,0.06667,0.06668,0.06669,0.06681,0.06693,0.06694,2501,2502,1133,2385,327,313,7325,298,31726,1316,2498,512,3005,5585,6417,327,7114,270,10390,1316
198,0.06635,0.06633,0.06631,0.06629,0.06621,0.06615,0.06613,0.06607,0.06599,0.06598,0.06644,0.06649,0.06665,0.06666,0.06667,0.06668,0.06669,0.06681,0.06693,0.06694,2501,2502,1133,2385,327,313,7325,298,31726,1316,2498,512,3005,5585,6417,327,7114,270,10390,1316
199,0.06636,0.06635,0.06633,0.06631,0.06621,0.06615,0.06613,0.06607,0.06599,0.06598,0.06643,0.06644,0.06649,0.06665,0.06666,0.06667,0.06668,0.06669,0.06681,0.06693,457,2340,2502,1133,327,313,7325,298,31726,1316,179,2498,512,3005,5585,6417,327,7114,270,10390
200,0.06636,0.06635,0.06633,0.06631,0.06625,0.06621,0.06615,0.06613,0.06607,0.06599,0.06643,0.06644,0.06649,0.06665,0.06666,0.06667,0.06668,0.06669,0.06681,0.06694,457,2340,2502,1133,390,327,313,6934,298,31726,387,2442,512,3005,5585,6417,327,7114,270,1316
201,0.06639,0.06638,0.06636,0.06635,0.06633,0.06631,0.06628,0.06625,0.06615,0.06613,0.06645,0.06646,0.06649,0.06665,0.06666,0.06667,0.06668,0.06669,0.06681,0.06694,862,2500,457,2340,2502,1133,325,390,313,6934,108,2497,512,3005,5585,6417,327,7114,270,1316
202,0.06639,0.06638,0.06636,0.06635,0.06633,0.06631,0.06628,0.06625,0.06615,0.06613,0.06645,0.06646,0.06649,0.06665,0.06666,0.06667,0.06668,0.06669,0.06681,0.06694,862,2500,457,2340,2502,1133,325,390,313,6934,108,2497,512,3005,5585,6417,327,7114,270,1316
203,0.06639,0.06638,0.06636,0.06635,0.06633,0.06631,0.06628,0.06625,0.06615,0.06613,0.06645,0.06646,0.06649,0.06665,0.06666,0.06667,0.06668,0.06669,0.06681,0.06694,690,2500,457,2340,2502,1133,325,390,313,6934,102,2247,512,3005,5585,6417,327,7114,270,1316
204,0.06642,0.06641,0.06639,0.06638,0.06636,0.06635,0.06633,0.06628,0.06625,0.06615,0.06648,0.06649,0.06667,0.06668,0.06669,0.06674,0.06681,0.06686,0.06694,0.06697,875,2499,236,2500,457,2340,2502,325,390,313,344,3008,3005,5585,7114,325,270,6417,1316,10090
205,0.06646,0.06645,0.06644,0.06643,0.06642,0.06641,0.06639,0.06638,0.06635,0.06613,0.06654,0.06655,0.06664,0.06672,0.06673,0.06681,0.06686,0.06697,0.06703,0.06706,938,255,921,2498,460,2499,236,2500,2669,6934,131,2494,131,3005,12699,599,6417,10090,148493,1318
206,0.0665,0.06649,0.06648,0.06646,0.06643,0.06641,0.06638,0.06635,0.06632,0.06631,0.06657,0.06658,0.06671,0.06672,0.06673,0.06681,0.06686,0.06702,0.06706,0.06708,920,255,957,957,2498,2499,2500,2669,313,389,132,2493,3005,5585,7114,599,6417,10377,1318,4230
207,0.06656,0.06655,0.06654,0.06646,0.06643,0.06641,0.06638,0.06635,0.06632,0.0663,0.06678,0.06679,0.06685,0.06686,0.06689,0.06698,0.06702,0.06708,0.06709,0.06716,976,255,976,608,2831,2499,2500,389,313,6917,3005,7114,5585,6417,324,270,10377,4230,137618,158152
208,0.06673,0.06672,0.06656,0.0665,0.06649,0.06646,0.06643,0.06641,0.06638,0.06635,0.06693,0.06694,0.06698,0.06699,0.0671,0.06711,0.06723,0.06726,0.06735,0.06737,920,254,972,972,328,608,2498,2499,2500,389,1698,7114,270,328,5585,6417,2066,5544,169131,9583
209,0.06674,0.06667,0.06666,0.06659,0.06646,0.06643,0.06641,0.06639,0.06638,0.06635,0.06697,0.06698,0.06706,0.06707,0.06723,0.06726,0.0673,0.06732,0.06735,0.06737,254,585,2490,331,608,2498,2499,31535,2500,389,2420,270,5585,7441,2066,4230,10070,1322,6417,144967
210,0.06669,0.06668,0.06666,0.06651,0.06646,0.06643,0.06641,0.06638,0.06635,0.06633,0.06685,0.06686,0.06689,0.06698,0.06699,0.06708,0.06709,0.06723,0.06726,0.0673,254,117,2490,325,608,2498,2499,2812,389,1309,2888,254,7114,270,332,5585,6417,2066,4230,10070
211,0.06657,0.06646,0.06643,0.06641,0.06638,0.06635,0.0663,0.06625,0.06618,0.06617,0.06669,0.0667,0.06672,0.0668,0.06681,0.06687,0.06692,0.06698,0.06708,0.06723,2493,608,2498,2499,3137,389,6917,297,31635,149853,2563,2488,508,5585,7114,325,6417,270,1305,12339
212,0.06655,0.06646,0.06643,0.06641,0.06638,0.06635,0.0663,0.06625,0.06616,0.06609,0.06666,0.06667,0.06672,0.0668,0.06681,0.06686,0.06692,0.06698,0.06708,0.06723,2494,608,2498,2499,3137,389,6917,297,10466,31678,2191,2489,508,5585,7114,326,6417,270,1305,12339
213,0.06659,0.06658,0.06655,0.06646,0.06644,0.06643,0.06641,0.06638,0.06635,0.0663,0.06667,0.06668,0.06672,0.06683,0.06684,0.06687,0.06692,0.06698,0.06718,0.06719,544,2493,2494,608,330,2498,2499,312,389,6917,1851,2489,508,5585,7114,324,6417,270,9595,1327
214,0.06656,0.06655,0.06644,0.06643,0.06641,0.06638,0.06635,0.06631,0.0663,0.06625,0.06665,0.06666,0.06672,0.06678,0.06679,0.06687,0.06692,0.06698,0.06709,0.06718,279,2494,330,2498,2499,312,389,610,6917,297,1883,2490,508,5585,7114,324,6417,270,1323,9595
215,0.06647,0.06646,0.06643,0.06638,0.06635,0.06631,0.0663,0.06625,0.06608,0.06607,0.06657,0.06658,0.06659,0.06666,0.06678,0.06679,0.06692,0.06698,0.06706,0.06709,126,2497,2498,312,389,610,7243,297,31683,1299,1254,2493,508,2490,5910,7114,6417,270,9983,1323
216,0.06653,0.06652,0.06649,0.06646,0.06638,0.06637,0.06635,0.06631,0.0663,0.06625,0.06659,0.06665,0.06666,0.06678,0.06679,0.06692,0.06698,0.06706,0.06709,0.06716,213,2495,2496,2497,312,332,389,610,6917,297,508,2773,2490,5910,7114,6417,270,9983,1323,147796
217,0.06655,0.06653,0.06652,0.06649,0.06638,0.06637,0.06635,0.06631,0.0663,0.06629,0.06659,0.06665,0.06666,0.06678,0.06679,0.06692,0.06698,0.06709,0.06711,0.06716,2494,112,2495,2496,312,332,389,610,6917,297,267,2773,2490,5910,7114,6417,270,1323,10428,147796
218,0.06655,0.06653,0.06652,0.06649,0.06638,0.06637,0.0663,0.06629,0.06617,0.0661,0.06659,0.06663,0.06666,0.06681,0.06682,0.06683,0.06685,0.06692,0.06698,0.06709,1310,112,2495,2496,701,332,6917,297,611,31673,267,2491,2490,2874,5585,7114,329,6417,270,1323
219,0.06645,0.06644,0.06643,0.06642,0.06638,0.0663,0.06629,0.06609,0.06604,0.06603,0.06662,0.06663,0.06666,0.06676,0.06686,0.06687,0.06692,0.06698,0.06707,0.06716,314,255,2498,609,701,6919,623,862,31702,9550,2691,2491,2490,326,5585,7114,6417,1587,9632,145247
220,0.06647,0.06646,0.06638,0.0663,0.06629,0.06623,0.0661,0.06609,0.06607,0.06599,0.06655,0.06656,0.0666,0.06676,0.06679,0.0668,0.06692,0.06698,0.06707,0.06716,723,2497,701,6919,623,611,31673,862,1321,4554,1574,2493,2492,326,5585,7114,6417,1587,9632,145247
221,0.06645,0.06644,0.06638,0.0663,0.06629,0.06623,0.06609,0.06607,0.066,0.06599,0.06652,0.06653,0.06656,0.0666,0.06676,0.06679,0.0668,0.06692,0.06698,0.06701,1496,2498,701,6919,623,611,862,1321,31721,4554,862,2495,2493,2492,326,5585,7114,6417,1587,9908
222,0.06645,0.06644,0.06638,0.0663,0.06629,0.06623,0.0661,0.06609,0.06607,0.06599,0.06652,0.06653,0.06656,0.0666,0.06676,0.06679,0.0668,0.06692,0.06698,0.06701,786,2498,701,6919,623,611,31673,862,1321,4554,384,2127,2493,2492,326,5585,7114,6417,1587,9908
223,0.06648,0.06647,0.06644,0.06638,0.06637,0.0663,0.06629,0.06623,0.0661,0.06609,0.06656,0.0666,0.06675,0.06676,0.06679,0.0668,0.06692,0.06698,0.06701,0.06712,1683,2497,2498,389,312,6919,623,611,31673,862,2493,2492,778,326,5585,7114,6417,1587,9908,142433
224,0.06648,0.06647,0.06644,0.06639,0.06637,0.0663,0.06629,0.06623,0.0661,0.06609,0.06656,0.0666,0.06676,0.06678,0.06679,0.0668,0.06692,0.06698,0.06703,0.06712,884,2497,2498,388,312,6919,623,611,31673,862,2292,2492,326,1577,5585,7114,6417,1587,9910,141949
225,0.06651,0.0665,0.06647,0.06644,0.06637,0.06635,0.06634,0.0663,0.06629,0.06623,0.0666,0.06678,0.06679,0.0668,0.06682,0.06692,0.06698,0.06703,0.06708,0.06712,1247,2496,2497,2498,312,326,389,6919,297,611,2492,1577,5585,7114,327,6417,270,9910,1319,141949
226,0.06666,0.06665,0.06663,0.0666,0.06653,0.06651,0.06645,0.0664,0.06629,0.06623,0.06673,0.0669,0.06691,0.06699,0.0671,0.06718,0.06723,0.06726,0.06729,0.06736,875,2490,2491,2492,2495,712,6905,312,297,611,2276,1313,12699,324,6417,1580,9532,4230,294888,149278
227,0.06668,0.06667,0.06665,0.06663,0.0666,0.06651,0.06645,0.0664,0.06638,0.06631,0.06676,0.06689,0.0669,0.06691,0.06699,0.0671,0.06718,0.06723,0.06726,0.06728,460,2489,2490,2491,2492,712,6905,312,609,1314,2486,1313,5585,7114,324,6417,270,9532,4230,1314
228,0.06668,0.06667,0.06665,0.06663,0.0666,0.06651,0.06645,0.0664,0.06638,0.06631,0.06676,0.06689,0.0669,0.06691,0.06699,0.0671,0.06718,0.06723,0.06728,0.06733,128,2489,2490,2491,2492,712,6905,312,609,1314,2486,1313,5585,7114,324,6417,270,9532,1314,138535
229,0.06663,0.06651,0.06646,0.06645,0.06644,0.06638,0.06629,0.06622,0.06621,0.06615,0.0667,0.06671,0.06686,0.06687,0.0669,0.0671,0.06718,0.06724,0.06733,0.0674,2491,700,741,6905,324,609,297,31616,1315,14119,1140,2186,5585,7114,324,6417,1585,9792,138535,154627
230,0.06658,0.06656,0.06653,0.06651,0.06645,0.06642,0.06638,0.06629,0.06622,0.06616,0.06669,0.0667,0.06672,0.06686,0.06687,0.0669,0.06696,0.0671,0.06718,0.06721,2493,2493,2495,499,6905,324,609,297,1320,31644,1661,2488,510,5585,7114,201,327,6417,270,1307
231,0.06666,0.06661,0.0666,0.06658,0.06656,0.06651,0.06649,0.06645,0.06638,0.06629,0.0667,0.06672,0.06689,0.0669,0.06691,0.06696,0.0671,0.06718,0.06721,0.06724,2490,350,2492,2493,2493,499,330,6905,609,297,1182,510,2655,5786,7114,330,6417,270,1307,160342
232,0.06666,0.06661,0.0666,0.06658,0.06656,0.06655,0.06651,0.06645,0.06638,0.06629,0.0667,0.06676,0.06686,0.06689,0.0669,0.06691,0.06696,0.0671,0.06718,0.06721,2490,350,2492,2493,2493,326,499,6905,609,297,80,2486,143,2655,5786,7114,330,6417,270,1307
233,0.06671,0.06669,0.06668,0.06666,0.0666,0.06655,0.06651,0.06645,0.06638,0.06631,0.06677,0.06688,0.06689,0.0669,0.06691,0.06702,0.0671,0.06718,0.06721,0.06723,254,268,2489,2490,2492,326,499,6905,609,1304,2486,2737,143,201,12699,329,6417,270,1307,9978
234,0.0667,0.06668,0.06666,0.06655,0.06651,0.06645,0.06638,0.06631,0.06629,0.0662,0.06677,0.06678,0.06687,0.0669,0.06694,0.06695,0.06702,0.0671,0.06718,0.06728,2488,2489,2490,326,499,6905,609,1304,297,451,1095,2485,263,201,5585,7114,329,6417,270,10230
235,0.06673,0.06672,0.0667,0.06668,0.06666,0.06661,0.06651,0.06645,0.06638,0.06631,0.06682,0.06687,0.0669,0.06694,0.06695,0.06702,0.06709,0.0671,0.06718,0.06728,806,2488,2488,2489,2490,330,499,6905,609,1304,2484,263,201,2187,7114,329,5585,6417,270,10230
236,0.06673,0.06672,0.0667,0.06668,0.06661,0.06654,0.06651,0.06645,0.06631,0.06629,0.06686,0.06687,0.0669,0.06694,0.06702,0.06709,0.0671,0.06718,0.06729,0.06733,124,2488,2488,2489,330,608,499,6905,1304,297,1050,263,201,7114,329,5585,6417,270,1295,9725
237,0.06675,0.06674,0.06672,0.0667,0.06668,0.06661,0.06651,0.06645,0.06639,0.06632,0.06682,0.06683,0.06687,0.0669,0.06694,0.06704,0.06709,0.0671,0.06718,0.06729,798,2487,2488,2488,2489,330,187,6905,609,31568,778,2483,263,201,7114,330,5585,6417,270,1295
238,0.06677,0.06676,0.06674,0.06672,0.0667,0.06661,0.06651,0.06649,0.06645,0.06639,0.06683,0.06684,0.06687,0.0669,0.06694,0.06704,0.06709,0.0671,0.06718,0.06729,498,2486,2487,2488,2488,330,187,312,6905,609,1009,2483,263,201,7114,330,5585,6417,270,1295
239,0.06675,0.06672,0.0667,0.06661,0.06651,0.06649,0.06646,0.06645,0.06639,0.06632,0.06682,0.06683,0.06687,0.0669,0.06694,0.06697,0.06704,0.0671,0.06718,0.06729,2292,2488,2488,324,187,312,1020,6905,609,31568,1137,2483,263,201,7114,5585,330,6417,270,1295
240,0.06675,0.06674,0.06672,0.0667,0.06661,0.06658,0.06651,0.06649,0.06645,0.06632,0.06687,0.0669,0.06701,0.06702,0.06703,0.0671,0.06711,0.06718,0.06729,0.06734,1140,2487,2488,2488,324,607,187,312,6905,31568,263,201,1865,5585,7114,6417,332,270,1295,9521
241,0.06671,0.0667,0.06668,0.06666,0.06658,0.06652,0.06651,0.06649,0.06645,0.06629,0.06686,0.06687,0.0669,0.06691,0.067,0.06709,0.0671,0.06718,0.06725,0.06729,199,2488,2489,2490,607,328,187,312,6905,297,2537,263,201,7114,328,5585,6417,270,9512,1325
242,0.06674,0.06673,0.0667,0.06668,0.0666,0.06658,0.06651,0.06649,0.06645,0.06629,0.0668,0.06681,0.06683,0.06687,0.0669,0.06693,0.06701,0.06709,0.0671,0.06718,542,2487,2488,2489,329,607,187,312,6905,1615,762,2484,2483,263,201,7114,329,5585,6417,270
243,0.0667,0.06668,0.06658,0.06652,0.06651,0.06649,0.06645,0.06629,0.06627,0.06625,0.06676,0.06677,0.06679,0.06687,0.0669,0.06693,0.06701,0.0671,0.06718,0.06729,2488,2489,607,327,187,312,6905,1615,419,1081,1088,2486,2485,263,201,12699,329,6417,270,1325
244,0.06664,0.06663,0.06661,0.06651,0.06649,0.06645,0.06642,0.06641,0.06629,0.06627,0.06672,0.06673,0.06677,0.06687,0.06688,0.06689,0.0669,0.06692,0.0671,0.06718,697,2491,2492,187,312,6905,609,326,297,419,1622,2487,2486,263,5585,7114,201,331,6417,270
245,0.0667,0.06669,0.06667,0.06651,0.06649,0.06648,0.06645,0.06642,0.06629,0.06625,0.06677,0.06687,0.0669,0.06691,0.06692,0.06693,0.06698,0.0671,0.06718,0.06719,970,2489,2489,187,312,327,6905,609,297,31601,2486,263,201,1465,5585,7114,330,6417,270,1310
246,0.06669,0.06651,0.06649,0.06647,0.06646,0.06645,0.06642,0.06629,0.06618,0.06617,0.06675,0.06676,0.06678,0.0668,0.06681,0.0669,0.06693,0.0671,0.06718,0.06719,2489,187,312,331,1767,6905,609,297,32383,9746,650,2486,2485,2485,263,201,13030,6417,270,1324
247,0.0666,0.06651,0.06649,0.06645,0.06642,0.06639,0.06629,0.06619,0.06618,0.06617,0.06667,0.06668,0.0667,0.06674,0.06676,0.06683,0.06684,0.06685,0.0669,0.06709,2492,187,312,6905,609,326,297,2355,32383,10128,329,263,2488,2487,2486,5585,7114,324,201,1324
248,0.06663,0.06662,0.0666,0.06651,0.06649,0.06645,0.06642,0.06629,0.06618,0.06617,0.06668,0.0667,0.06674,0.06682,0.06683,0.06684,0.0669,0.06691,0.06709,0.0671,569,2491,2492,187,312,7228,609,297,31964,10128,263,2488,2487,1545,5585,7114,201,323,1324,6417
249,0.06662,0.06651,0.06649,0.06645,0.06642,0.06629,0.06616,0.06615,0.06614,0.06611,0.06667,0.06668,0.0667,0.06674,0.06683,0.06684,0.0669,0.06691,0.06709,0.0671,2491,187,312,7228,609,297,2116,31649,1328,9972,321,173,2488,2487,5585,7114,201,323,1324,6417
250,0.0666,0.06659,0.06657,0.06651,0.06649,0.06645,0.06642,0.06639,0.06629,0.06614,0.06666,0.06668,0.0667,0.06674,0.06683,0.06684,0.0669,0.06693,0.06709,0.06718,1908,2492,2493,187,312,6905,609,326,297,1328,1299,2662,2488,2487,5585,7440,201,6417,1324,270
251,0.06662,0.06661,0.06659,0.06651,0.06649,0.06645,0.06642,0.06639,0.06629,0.06615,0.06668,0.0667,0.06674,0.06683,0.06684,0.0669,0.06693,0.06709,0.06718,0.06719,1720,2492,2492,187,312,6905,609,326,297,31649,1398,2488,2487,5585,7440,201,6417,1324,270,9706
252,0.06656,0.06655,0.06651,0.06649,0.06634,0.06632,0.06629,0.06628,0.06625,0.06608,0.06663,0.06666,0.06678,0.06679,0.06682,0.0669,0.06693,0.067,0.06709,0.06713,1308,2494,2495,312,187,328,297,6922,610,31683,2491,2490,817,12699,326,201,6417,270,1324,9509
253,0.06655,0.06649,0.06634,0.06632,0.0663,0.06629,0.06628,0.06625,0.06608,0.06607,0.06661,0.06663,0.06666,0.06679,0.06682,0.0669,0.06693,0.067,0.06709,0.06712,2494,312,187,328,2384,297,6922,610,31683,3809,2492,2491,2490,12699,326,201,6417,270,1324,387
254,0.06655,0.06634,0.06633,0.06632,0.06629,0.06628,0.06625,0.06608,0.06607,0.06606,0.06659,0.0666,0.06661,0.06663,0.06666,0.06678,0.06679,0.06682,0.0669,0.06693,2312,187,2618,641,297,6922,610,31683,3809,1305,165,1098,2370,2491,2490,5585,7114,326,201,6417
255,0.0665,0.06637,0.06634,0.06632,0.06629,0.06625,0.06624,0.0662,0.06607,0.06606,0.06657,0.06659,0.06661,0.06663,0.06674,0.06675,0.0669,0.06693,0.06696,0.067,2496,256,187,313,6923,610,331,297,3809,1305,2493,2492,2492,2491,5585,7441,201,6417,1300,270
256,0.0665,0.06637,0.06634,0.06632,0.06629,0.06625,0.06624,0.0662,0.06609,0.06608,0.06657,0.06658,0.06659,0.06661,0.06663,0.06674,0.06675,0.0669,0.06693,0.06696,2496,256,187,313,6923,610,331,297,2840,31683,642,165,2492,2492,2491,5585,7441,201,6417,1300
257,0.0665,0.06637,0.06634,0.06632,0.06629,0.06625,0.06624,0.0662,0.06609,0.06608,0.06657,0.06658,0.06659,0.06661,0.06663,0.06674,0.06675,0.0669,0.06693,0.06696,2496,256,187,313,6923,610,331,297,2840,31683,190,165,2492,2492,2491,5585,7441,201,6417,1300
258,0.06638,0.06637,0.06634,0.06632,0.06629,0.06625,0.06623,0.0662,0.06606,0.06594,0.06654,0.06655,0.06657,0.06659,0.06661,0.06668,0.0667,0.06671,0.06673,0.06693,2633,256,187,313,6923,610,331,297,1305,31750,165,2494,18,2492,2492,331,5585,7114,201,6417
259,0.06649,0.06648,0.06646,0.06644,0.06637,0.0663,0.06612,0.06602,0.06601,0.06593,0.06655,0.06657,0.06667,0.06673,0.06677,0.06683,0.06691,0.06692,0.06693,0.06696,2064,2496,2497,2498,256,328,6941,31712,1326,144444,2364,2493,7114,201,328,270,165,5585,6417,1300
260,0.0664,0.06639,0.06637,0.06617,0.06613,0.06612,0.0661,0.06596,0.06593,0.06592,0.06645,0.06646,0.06648,0.06652,0.06659,0.0666,0.06665,0.06673,0.06682,0.06683,978,2500,256,325,776,6941,502,298,32368,9977,1671,2497,2496,2495,5570,7114,326,6618,1296,270
261,0.06637,0.06636,0.06616,0.06613,0.06612,0.0661,0.06596,0.06593,0.06589,0.06588,0.06641,0.06642,0.06644,0.06646,0.06648,0.06659,0.0666,0.06662,0.06673,0.06682,872,2501,872,1810,6941,829,298,613,31774,3820,754,2499,232,2497,2496,5570,7114,326,6618,1296
262,0.06637,0.06636,0.06616,0.06613,0.06612,0.0661,0.06596,0.06593,0.06589,0.06588,0.06639,0.0664,0.06641,0.06642,0.06646,0.06648,0.06656,0.06662,0.06673,0.06682,458,2501,872,1810,6941,829,298,613,31774,3820,1005,217,354,2499,2497,2496,12669,326,6618,1296
263,0.06637,0.06624,0.06615,0.06614,0.06613,0.06612,0.0661,0.066,0.06595,0.06594,0.06644,0.06645,0.06649,0.06659,0.0666,0.06663,0.06673,0.06683,0.06685,0.06691,2501,256,2149,329,188,6941,314,298,31745,1322,544,2498,2496,5536,7114,330,6618,270,4230,1319
264,0.06636,0.06624,0.06615,0.06613,0.06612,0.0661,0.066,0.06593,0.06589,0.06588,0.06642,0.06643,0.06645,0.06649,0.06654,0.06655,0.06656,0.06661,0.06673,0.06679,2501,256,330,2847,6941,314,298,613,31774,3820,346,2498,2498,2496,5559,7114,201,332,6417,1320
265,0.06645,0.06644,0.0664,0.06624,0.06622,0.06613,0.06612,0.06608,0.06599,0.06595,0.06652,0.06656,0.0666,0.06661,0.06672,0.06673,0.06674,0.06683,0.06685,0.06693,1305,2498,2500,256,325,502,6941,612,298,31745,2495,201,197,7114,5585,6417,323,270,4230,10356
266,0.06647,0.06646,0.06644,0.0664,0.06629,0.06624,0.06613,0.06612,0.06608,0.06605,0.06652,0.06654,0.06656,0.06662,0.06663,0.06672,0.06673,0.06674,0.06683,0.06685,1338,2497,2498,2500,331,256,502,6941,612,1302,2495,2494,201,867,7114,5585,6417,323,270,4230
267,0.06647,0.06646,0.06644,0.0664,0.06635,0.06624,0.06619,0.06613,0.06612,0.06608,0.06654,0.06655,0.06656,0.06667,0.06672,0.06673,0.0668,0.06683,0.06685,0.06699,966,2497,2498,2500,323,256,313,188,6941,612,782,2494,201,7114,5585,6417,326,270,4230,1294
268,0.0665,0.06649,0.06646,0.06644,0.0664,0.06635,0.06624,0.0662,0.06612,0.06608,0.06656,0.06658,0.0667,0.06671,0.06672,0.06673,0.0668,0.06683,0.06685,0.06699,871,2496,2497,2498,2500,323,256,596,6941,612,106,2493,1740,7114,5585,6417,326,270,4230,1294
269,0.0665,0.06649,0.06646,0.06644,0.06635,0.06624,0.06622,0.06621,0.06612,0.06608,0.06656,0.06658,0.0667,0.06671,0.06672,0.06673,0.0668,0.06683,0.06685,0.06699,871,2496,2497,2498,323,256,313,283,6941,612,106,2493,1740,7114,5585,6417,326,270,4230,1294
270,0.0665,0.06649,0.06646,0.06644,0.06635,0.06624,0.06621,0.0662,0.06612,0.06608,0.06656,0.06657,0.0667,0.06671,0.06673,0.0668,0.06683,0.06685,0.06699,0.06706,871,2496,2497,2498,323,256,283,313,6941,612,106,2493,1740,12699,6417,326,270,4230,1294,10441
271,0.06654,0.06653,0.06651,0.06649,0.06646,0.06635,0.06624,0.06621,0.06615,0.06608,0.0666,0.0667,0.06671,0.06673,0.0668,0.06683,0.06684,0.06685,0.06708,0.06711,1265,2495,2495,2496,2497,323,256,702,8236,612,2492,1740,7114,6417,326,270,5585,4230,9648,1303
272,0.06646,0.06627,0.06621,0.06616,0.06615,0.06608,0.06607,0.06602,0.06601,0.06597,0.06651,0.06652,0.06666,0.06667,0.06672,0.06673,0.06683,0.06685,0.06697,0.06708,2497,324,702,878,6933,612,298,31712,11546,150314,624,2495,5585,7114,325,6417,270,4230,1300,9648
273,0.06646,0.06629,0.06621,0.06616,0.06615,0.06608,0.06607,0.06604,0.06598,0.06597,0.06653,0.06654,0.06663,0.06671,0.06672,0.06673,0.06683,0.06685,0.06701,0.06703,2497,328,702,1816,6933,612,298,1299,31731,150314,975,2494,7114,325,5585,6417,270,4230,1313,9516
274,0.06646,0.06623,0.06622,0.06621,0.06615,0.06608,0.06604,0.06597,0.06596,0.0659,0.06651,0.06652,0.06663,0.06671,0.06672,0.06673,0.06683,0.06685,0.06701,0.0671,2340,1816,326,702,6933,612,1597,31736,10248,142624,713,2495,7114,325,5585,6417,270,4230,11720,145931
275,0.06656,0.06655,0.06653,0.06651,0.06649,0.06638,0.06621,0.06615,0.06608,0.06606,0.06662,0.06671,0.06672,0.06673,0.06683,0.06684,0.06685,0.06701,0.06713,0.06717,1622,152,2495,2495,2496,330,702,8248,612,31692,2491,103,734,13531,270,5585,4553,10407,1315,144249
276,0.06652,0.06649,0.06628,0.06621,0.06616,0.06615,0.06608,0.06605,0.06604,0.06603,0.06655,0.06656,0.06668,0.06669,0.06672,0.06673,0.06674,0.06683,0.06685,0.06699,255,2496,325,702,733,6933,612,10079,298,31707,1208,2493,7114,103,5585,6417,325,270,4230,1302
277,0.06651,0.06649,0.06628,0.06622,0.06621,0.06618,0.06615,0.06608,0.06605,0.06604,0.06655,0.06657,0.06667,0.06668,0.06672,0.06673,0.06681,0.06683,0.06685,0.06699,2495,2496,325,733,389,313,6933,612,10079,298,103,2493,2272,7114,5585,6417,331,270,4230,1302
278,0.06654,0.06653,0.06651,0.06649,0.06635,0.06621,0.06618,0.06615,0.06613,0.06608,0.06655,0.06667,0.06668,0.06673,0.06681,0.06683,0.06684,0.06685,0.06708,0.06709,324,2495,2495,2496,330,389,313,6933,1322,612,103,2197,7114,6417,331,270,5585,4230,10246,1322
279,0.06644,0.06622,0.06621,0.06616,0.06615,0.06608,0.06604,0.06601,0.06593,0.06592,0.06646,0.06653,0.06654,0.06658,0.06663,0.06664,0.0667,0.06673,0.06683,0.06685,2498,808,718,314,6933,612,298,10253,31755,143894,103,2197,2494,2493,5585,7114,329,6417,270,4230
280,0.06645,0.06625,0.06621,0.06617,0.06616,0.06615,0.06608,0.06604,0.06596,0.06595,0.06652,0.06657,0.06667,0.06668,0.06669,0.06673,0.06683,0.06685,0.06696,0.06702,2498,324,389,2305,314,6933,612,298,31740,9549,2495,2493,700,5585,7114,6747,270,4230,1297,9968
281,0.06651,0.0665,0.06646,0.06636,0.06635,0.06629,0.06621,0.06616,0.06615,0.06605,0.0666,0.06662,0.06671,0.06672,0.06673,0.06683,0.06685,0.06705,0.06709,0.06715,2109,2496,2497,328,609,256,389,314,6933,31697,2492,2491,306,7114,12002,270,4557,1302,146980,169809
282,0.06646,0.06629,0.06623,0.06621,0.06617,0.06616,0.06615,0.06611,0.06604,0.06602,0.06652,0.06654,0.06665,0.06666,0.06667,0.06673,0.06676,0.06683,0.06685,0.06695,2497,256,331,389,2542,314,6933,612,1599,9736,2495,2494,463,5585,7114,6417,326,270,4230,1318
283,0.06649,0.06646,0.06631,0.06622,0.06621,0.06616,0.06615,0.06611,0.06604,0.066,0.06656,0.06657,0.06667,0.06672,0.06673,0.06678,0.06683,0.06685,0.06706,0.06707,2496,2497,328,1279,389,314,6933,612,1593,31721,379,2493,7114,5585,6417,328,270,4230,9834,1309
284,0.0665,0.06649,0.06646,0.06631,0.06621,0.06616,0.06615,0.06611,0.06605,0.06604,0.06657,0.06658,0.06671,0.06672,0.06673,0.06678,0.06683,0.06685,0.06707,0.06708,942,2496,2497,328,389,314,6933,612,31697,1593,690,2493,7114,5585,6417,328,270,4230,1309,10056
285,0.06652,0.06651,0.06649,0.06646,0.06639,0.06621,0.06616,0.06615,0.06611,0.06605,0.0666,0.06661,0.06671,0.06673,0.06683,0.06684,0.06685,0.06707,0.06708,0.06713,621,2495,2496,2497,324,389,314,6933,612,31697,546,2492,7114,6417,270,5585,4555,1309,10056,142031
286,0.06652,0.06651,0.06649,0.06646,0.06639,0.06621,0.06616,0.06615,0.06611,0.06603,0.06658,0.06659,0.06665,0.06673,0.06683,0.06685,0.06707,0.0671,0.06713,0.06716,1451,255,2496,2497,324,389,314,8257,612,31707,926,2492,7114,12002,270,4555,1309,9927,142031,141613
287,0.06654,0.06653,0.06651,0.06649,0.06632,0.06621,0.06616,0.06615,0.06611,0.06603,0.06661,0.06672,0.06673,0.06678,0.06683,0.06684,0.06685,0.06707,0.0671,0.06716,1396,2495,2495,2496,330,389,314,1324,612,31707,2492,1308,13531,329,270,5585,4230,1309,9927,291476
288,0.06659,0.06658,0.06655,0.06653,0.06651,0.06642,0.06625,0.06616,0.06615,0.06608,0.06668,0.06676,0.06677,0.06683,0.06685,0.06689,0.0669,0.06691,0.06707,0.06713,1636,2493,2494,2495,2495,324,610,314,1324,31683,2489,989,7114,270,4230,5585,6417,329,1309,9683
289,0.06658,0.06657,0.06655,0.06653,0.06651,0.06642,0.06625,0.06616,0.06615,0.06607,0.06666,0.06667,0.06676,0.06683,0.06684,0.06685,0.0669,0.06707,0.06713,0.06718,237,2493,2494,2495,2495,324,610,314,1324,31688,1939,2489,7114,270,5912,4230,6417,1309,9683,148680
290,0.06644,0.06641,0.06636,0.0662,0.06619,0.06614,0.06607,0.06606,0.06605,0.06603,0.0665,0.06651,0.06655,0.06657,0.06663,0.06664,0.06667,0.06673,0.06683,0.06685,2498,2499,256,1390,330,704,419,9798,910,31707,1228,2495,2494,2493,5585,7114,326,6417,270,4230
291,0.06639,0.06636,0.06617,0.06614,0.06607,0.06606,0.06605,0.06603,0.06592,0.0659,0.06647,0.06648,0.06651,0.06655,0.06659,0.0666,0.06664,0.06673,0.06679,0.06683,2500,256,327,390,419,1390,7854,301,1327,31769,1377,2496,2495,2494,5582,7114,327,6417,1297,270
292,0.06642,0.06641,0.06639,0.06636,0.06617,0.06614,0.0661,0.06607,0.06605,0.06603,0.06648,0.06651,0.06655,0.0666,0.06664,0.06672,0.06673,0.06683,0.06685,0.06692,896,2393,2500,256,327,390,314,419,7854,301,2496,2495,2494,7114,327,5585,6417,270,4230,1328
293,0.06634,0.06614,0.06613,0.0661,0.06606,0.06605,0.0659,0.06589,0.06583,0.06582,0.0664,0.06641,0.06642,0.06645,0.06648,0.06651,0.06655,0.06656,0.0666,0.06673,2502,390,333,314,2387,7854,32474,9568,151221,3824,424,256,2499,2498,2496,2495,5560,7114,333,6417
294,0.06634,0.06615,0.06614,0.06613,0.0661,0.06605,0.06602,0.0659,0.06589,0.06582,0.0664,0.06641,0.06642,0.06645,0.06648,0.06651,0.06655,0.06656,0.0666,0.06673,2069,2588,390,333,314,910,6952,32474,9568,3824,102,102,2499,2498,2496,2495,5560,7114,333,6417
295,0.0663,0.06618,0.06617,0.06614,0.0661,0.06608,0.06605,0.06602,0.0659,0.06583,0.06639,0.0664,0.06642,0.06645,0.06655,0.06656,0.06657,0.06673,0.06677,0.06683,2503,2903,256,390,314,327,910,6952,705,31803,102,2602,2499,2498,5520,7114,328,6417,1326,270
296,0.06632,0.06631,0.06625,0.06609,0.06605,0.06602,0.0659,0.06585,0.06584,0.06582,0.06641,0.06645,0.06655,0.06656,0.06673,0.06681,0.06683,0.06685,0.06688,0.06695,1968,2503,256,325,910,6952,286,31793,1302,3824,2418,2498,5564,7439,6417,1313,270,4230,9503,140397
297,0.06642,0.06641,0.06637,0.06633,0.06624,0.06611,0.06607,0.06605,0.06602,0.06597,0.06647,0.06662,0.06672,0.06673,0.06683,0.06685,0.06688,0.06697,0.06705,0.06723,2688,255,2501,2502,324,704,1320,612,6952,298,2352,7114,5893,6417,270,4230,9503,137095,1320,2066
298,0.06631,0.0662,0.06612,0.06611,0.06605,0.06603,0.06602,0.06597,0.06588,0.06587,0.06638,0.06639,0.06642,0.06645,0.06657,0.06658,0.06659,0.06673,0.06682,0.06683,2503,256,330,704,612,1631,6952,298,31779,1332,589,2500,2499,2498,5557,7114,331,6417,1319,270
299,0.06628,0.06627,0.0662,0.06611,0.06605,0.06602,0.06597,0.06582,0.0658,0.06579,0.06638,0.06639,0.06642,0.06645,0.06652,0.06657,0.06658,0.06671,0.06673,0.06683,704,2504,256,704,937,6952,298,3824,32104,10473,1374,2500,2499,2498,326,5540,7114,1317,6417,10254
300,0.06628,0.06611,0.0661,0.06605,0.06603,0.06602,0.06597,0.06584,0.06583,0.06582,0.06636,0.06637,0.06639,0.06643,0.06657,0.06658,0.06673,0.06682,0.06683,0.06685,2504,704,324,612,2113,6952,298,1307,31803,3824,119,2906,2500,2498,5547,7438,6417,1307,10254,4230
301,0.06628,0.06627,0.06611,0.06608,0.06605,0.06602,0.06597,0.06585,0.06584,0.06582,0.06633,0.0664,0.06641,0.06643,0.06656,0.06661,0.06662,0.06673,0.06682,0.06683,875,2504,704,332,612,6952,298,31793,1310,3824,178,1176,2499,2498,329,5523,7114,6417,1330,270
302,0.06641,0.06631,0.06617,0.06611,0.06606,0.06605,0.06603,0.06602,0.06597,0.06588,0.06645,0.06646,0.06647,0.06649,0.06662,0.06669,0.0667,0.06673,0.06683,0.06685,255,2503,332,704,2819,612,31707,6952,298,1324,2498,186,2497,2496,331,5585,7114,6417,270,4230
303,0.0664,0.06639,0.06637,0.06631,0.06624,0.06621,0.06615,0.06611,0.06602,0.06601,0.06649,0.06651,0.06668,0.06669,0.0667,0.06673,0.06683,0.06685,0.06699,0.06705,2819,2500,2501,2503,333,1000,6939,314,31712,1321,2496,2495,186,5585,7114,6742,270,4230,1324,149609
304,0.06645,0.06644,0.06641,0.06636,0.06634,0.06627,0.06622,0.06621,0.06613,0.06611,0.06654,0.0667,0.06671,0.06672,0.06673,0.06675,0.06683,0.06692,0.067,0.06702,413,2753,2499,2501,2502,330,389,611,6941,314,2494,1977,7114,5585,6417,330,270,9989,1320,4230
305,0.06649,0.06648,0.06644,0.06641,0.06636,0.06635,0.06634,0.06622,0.06621,0.06618,0.06656,0.06657,0.06672,0.06673,0.06682,0.06683,0.06692,0.067,0.06702,0.06713,474,255,2498,2499,2501,328,2502,389,611,6936,714,2493,5585,13531,328,270,9989,1320,4230,147542
306,0.06654,0.06653,0.0665,0.06644,0.06641,0.06636,0.06635,0.06622,0.06621,0.06618,0.06662,0.06663,0.06673,0.06682,0.06683,0.06702,0.0671,0.06711,0.06713,0.06717,795,255,2496,2498,2499,2501,328,389,611,6936,1679,2491,19116,328,270,4230,9675,1309,147542,136918
307,0.0666,0.06659,0.06657,0.06655,0.06653,0.0665,0.06644,0.06642,0.06623,0.06621,0.06666,0.06668,0.06672,0.06673,0.06682,0.06683,0.06692,0.06693,0.06702,0.0671,1484,860,860,2494,2750,2496,2498,330,389,611,384,2489,1024,7114,328,270,5585,6417,4230,9675
308,0.06656,0.06655,0.06653,0.06651,0.06647,0.0664,0.06623,0.06621,0.06614,0.0661,0.06666,0.06667,0.06672,0.06683,0.06687,0.06692,0.06693,0.06702,0.06708,0.0671,216,2494,2495,2495,2497,331,389,611,298,1314,2561,2489,7114,270,325,5585,6417,4230,1328,9641
309,0.06647,0.06624,0.06621,0.0662,0.06608,0.06607,0.06602,0.06601,0.06597,0.06594,0.06657,0.06658,0.06661,0.06672,0.06673,0.06679,0.06683,0.06693,0.06697,0.06702,2497,331,611,314,298,10454,31712,147466,149204,160770,2389,2493,2492,5585,7443,255,270,6417,1319,4230
310,0.06653,0.06652,0.0665,0.06647,0.06637,0.06621,0.0662,0.06612,0.06611,0.06608,0.06661,0.06662,0.06663,0.06676,0.06677,0.06683,0.06685,0.06693,0.06702,0.0671,899,2495,2496,2497,324,1000,314,31664,1314,298,479,2491,255,5585,7114,270,325,6417,4230,1293
311,0.06651,0.0665,0.06647,0.0663,0.06624,0.06621,0.06618,0.06611,0.0661,0.06602,0.06659,0.0666,0.06663,0.06675,0.06676,0.06678,0.06683,0.06693,0.067,0.06702,702,1311,2497,324,313,1000,6937,1314,297,31712,589,2492,255,5585,7114,330,270,6417,1326,4230
312,0.06656,0.06655,0.06652,0.0665,0.06637,0.06629,0.06624,0.06621,0.06618,0.06611,0.06663,0.06666,0.06675,0.06676,0.06683,0.06689,0.06692,0.06693,0.06702,0.06709,1632,2494,2495,1311,331,388,313,611,6937,1314,255,2490,869,7114,270,327,5585,6417,4230,10386
313,0.06656,0.06655,0.06652,0.0665,0.06637,0.06629,0.06624,0.06621,0.06612,0.06611,0.06663,0.06664,0.06666,0.06679,0.0668,0.06681,0.06683,0.06689,0.06693,0.06702,1641,2494,2495,1311,331,388,313,611,31664,1314,134,2490,2490,697,5585,7114,270,327,6417,4230
314,0.0666,0.06659,0.06657,0.06655,0.06652,0.06645,0.06639,0.06629,0.06624,0.06622,0.06671,0.06675,0.06676,0.06683,0.06685,0.06686,0.06689,0.06693,0.06702,0.06712,2308,255,2493,2494,2495,332,609,388,313,1292,2488,443,2486,270,5585,7114,327,6417,4230,1293
315,0.0666,0.06659,0.06657,0.06655,0.06652,0.06645,0.06639,0.06629,0.06624,0.06622,0.06669,0.06671,0.06683,0.06684,0.06685,0.06686,0.06689,0.06693,0.06702,0.06712,2308,255,2493,2494,2495,332,609,388,313,1292,1307,2488,270,443,5585,7114,327,6417,4230,1293
316,0.06661,0.0666,0.06659,0.06657,0.06655,0.06652,0.06645,0.06639,0.06629,0.06624,0.06669,0.0667,0.06678,0.06683,0.06689,0.06692,0.06693,0.06702,0.06712,0.06719,468,2492,255,2493,2494,2495,332,609,388,313,885,2488,7114,270,327,5585,6417,4230,1293,10448
317,0.06666,0.06665,0.06663,0.0666,0.06659,0.06657,0.06645,0.06639,0.06629,0.06624,0.06674,0.06683,0.06688,0.06689,0.0669,0.06693,0.06696,0.06702,0.06712,0.06718,688,2490,2491,2492,255,2493,332,609,388,313,2487,270,1856,5585,7114,6417,333,4230,1293,9674
318,0.06663,0.0666,0.06659,0.06657,0.06647,0.06639,0.06629,0.06624,0.06622,0.06613,0.06671,0.06672,0.06681,0.06683,0.06692,0.06693,0.06696,0.06702,0.06718,0.06723,2491,2492,255,2493,324,609,388,313,1292,731,664,2488,7114,270,5585,6417,333,4230,9674,3374
319,0.06665,0.06663,0.0666,0.06659,0.06657,0.06648,0.06639,0.06629,0.06624,0.06622,0.06672,0.06673,0.06683,0.06692,0.06693,0.06696,0.06702,0.06723,0.06728,0.0673,2490,2491,2492,255,2493,328,609,388,313,1292,1008,2487,7384,5585,6417,333,4230,13174,285479,146109
320,0.06675,0.06674,0.06669,0.06667,0.06665,0.06662,0.06659,0.06639,0.06636,0.06629,0.06682,0.06683,0.06696,0.06697,0.06702,0.06703,0.06704,0.06711,0.06723,0.06728,773,2487,2489,2489,2248,331,255,609,1326,388,799,2483,5585,7114,4230,270,330,6417,11866,146796
321,0.06673,0.06672,0.06671,0.06669,0.06667,0.06665,0.06656,0.06639,0.06636,0.06633,0.0668,0.06689,0.0669,0.06702,0.06703,0.06704,0.06711,0.06723,0.06729,0.06733,254,281,2488,2489,2489,2248,333,609,1326,9936,2485,2844,7114,9815,270,324,6417,2066,148820,10845
322,0.06672,0.06671,0.06669,0.06667,0.06665,0.06656,0.06639,0.06636,0.06634,0.06633,0.06679,0.0668,0.06688,0.0669,0.06702,0.06703,0.06704,0.06711,0.06723,0.06733,148,2488,2489,2489,2248,333,609,1326,31559,9936,746,2485,240,7114,9815,270,324,6417,2066,10845
323,0.06673,0.06672,0.06671,0.06669,0.06667,0.06656,0.06639,0.06636,0.06625,0.06624,0.0668,0.06681,0.06684,0.06688,0.0669,0.06702,0.06703,0.06704,0.06711,0.06723,1306,148,2488,2489,2489,333,609,1326,31601,9749,2131,2484,2483,240,7114,9815,270,324,6417,2066
324,0.06669,0.06667,0.06649,0.06639,0.06627,0.06626,0.06625,0.06624,0.06615,0.06614,0.06677,0.06678,0.06681,0.06688,0.06693,0.06694,0.06697,0.06702,0.06703,0.06711,2489,2489,325,609,1566,1319,31601,9749,149458,140094,1049,2485,2484,240,5585,7114,330,4230,270,6417
325,0.06664,0.06643,0.06639,0.06637,0.06626,0.06618,0.06617,0.06616,0.06615,0.06614,0.06674,0.06675,0.06676,0.06677,0.06687,0.06688,0.06689,0.06702,0.06703,0.06711,2490,328,609,313,296,1566,1323,31644,9865,140094,1439,2486,126,2486,5585,7114,328,4230,270,6417
326,0.06669,0.06668,0.06666,0.06664,0.0665,0.06639,0.0663,0.06626,0.0662,0.06619,0.06676,0.06678,0.06687,0.06688,0.06701,0.06702,0.06703,0.06711,0.06723,0.06728,1429,2489,2490,2490,328,609,1306,296,31625,9623,126,2485,756,7114,5585,4556,270,6417,11824,1306
327,0.06671,0.0667,0.06668,0.06666,0.0665,0.06639,0.06638,0.0663,0.06626,0.0662,0.06678,0.06689,0.0669,0.06702,0.06703,0.0671,0.06711,0.06719,0.06723,0.06728,936,2488,2489,2490,328,609,701,1306,296,31625,2252,1601,7114,326,270,5585,6417,4230,11824,1306
328,0.06671,0.0667,0.06668,0.06652,0.06639,0.06638,0.0663,0.06626,0.06622,0.06621,0.06675,0.0668,0.06689,0.0669,0.06695,0.06703,0.0671,0.06711,0.06719,0.06723,212,2488,2489,326,609,701,1306,296,960,31621,909,2485,2045,7114,328,270,5585,6417,4230,2066
329,0.06666,0.06665,0.06663,0.06649,0.06645,0.06639,0.06626,0.0662,0.06619,0.06618,0.06669,0.0667,0.06671,0.06674,0.06685,0.06694,0.06696,0.06703,0.06714,0.06719,384,2490,2491,329,255,609,296,960,31630,10326,806,824,806,2487,12699,6417,327,270,1318,4230
330,0.06668,0.06667,0.06665,0.06649,0.06645,0.06639,0.06628,0.06626,0.0662,0.06619,0.06671,0.06672,0.06673,0.06676,0.06689,0.06694,0.06696,0.06703,0.06719,0.06723,280,2211,2490,329,255,609,1320,296,960,31630,890,1040,890,2486,12699,6417,327,270,4230,11995
331,0.06667,0.06665,0.06649,0.06645,0.0664,0.06639,0.06638,0.06628,0.06626,0.06615,0.06675,0.06676,0.06689,0.06694,0.06696,0.06703,0.06719,0.06723,0.06725,0.06729,2211,2490,329,255,800,609,701,1320,296,31649,1365,2486,12699,6417,327,270,4230,11995,1310,150057
332,0.06667,0.06665,0.0665,0.06645,0.06639,0.06638,0.06628,0.06626,0.06616,0.06615,0.06673,0.06674,0.06677,0.06688,0.06689,0.06694,0.06696,0.06703,0.06719,0.06723,2211,2490,331,255,609,701,1320,296,1090,31649,1144,2487,2486,5585,7114,6417,331,270,4230,11995
333,0.06664,0.06661,0.06646,0.06639,0.06638,0.06626,0.06623,0.06619,0.06618,0.06617,0.06672,0.06673,0.06675,0.06688,0.06689,0.06693,0.06694,0.06703,0.06719,0.06721,2490,2492,327,609,313,296,1326,1090,31635,9923,792,2487,2486,5585,7114,325,6417,270,4230,1293
334,0.06658,0.06648,0.06639,0.06638,0.06633,0.06626,0.06619,0.06617,0.06613,0.06611,0.06665,0.06666,0.06669,0.06671,0.06682,0.06683,0.06694,0.06703,0.06707,0.06719,2300,255,609,313,329,296,1569,9923,31659,140047,1227,2490,2489,2488,12699,327,6417,270,1314,4230
335,0.06656,0.06648,0.06639,0.06638,0.06634,0.06629,0.06626,0.0661,0.06609,0.06608,0.06664,0.06665,0.06666,0.06669,0.06682,0.06683,0.06684,0.06694,0.06703,0.06707,2493,255,609,313,330,389,296,2228,31678,300473,2490,568,2490,2489,330,5585,7114,6417,270,1318
336,0.06655,0.06648,0.06639,0.06638,0.06629,0.06626,0.06625,0.06624,0.0661,0.06609,0.06663,0.06664,0.06666,0.06678,0.06679,0.06685,0.06694,0.06703,0.06707,0.06712,2494,255,609,642,389,296,2228,6932,31673,1326,644,2490,2490,5585,7114,326,6417,270,1326,9591
337,0.0666,0.06659,0.06657,0.06648,0.06646,0.06639,0.06638,0.06629,0.06626,0.06624,0.06667,0.06668,0.0667,0.06684,0.06685,0.06693,0.06694,0.06703,0.06712,0.06718,792,2492,2493,255,330,609,313,389,296,6932,498,2489,2488,5585,7114,329,6417,270,9591,1321
338,0.06657,0.06648,0.06639,0.06638,0.06629,0.06626,0.06611,0.0661,0.06608,0.06607,0.06665,0.06666,0.06668,0.06684,0.06685,0.06686,0.06694,0.06703,0.06706,0.06715,2493,255,942,313,389,296,1734,1304,31683,9764,200,2490,2489,5585,7114,328,6417,270,1319,10070
339,0.0666,0.06639,0.06638,0.06636,0.06629,0.06626,0.06618,0.06617,0.06616,0.06609,0.06667,0.06668,0.0667,0.06685,0.06688,0.06689,0.06694,0.06703,0.0671,0.06716,2492,609,313,331,389,296,649,31640,9767,1311,2179,2489,2488,331,5585,7114,6417,270,1311,9977
340,0.0666,0.06639,0.06638,0.06637,0.06626,0.06621,0.0662,0.06617,0.06616,0.06606,0.06667,0.06668,0.0667,0.06685,0.06688,0.06689,0.06694,0.06703,0.0671,0.06716,2492,997,313,328,296,1193,1326,31640,9767,298725,655,2489,2328,328,5585,7114,6417,270,1311,9977
341,0.06659,0.06657,0.06643,0.06639,0.06635,0.06634,0.06626,0.0661,0.06609,0.06608,0.06665,0.06666,0.06668,0.0667,0.06683,0.06688,0.06689,0.06694,0.06703,0.06716,2492,2493,255,997,313,324,296,2015,31678,9877,910,2490,2489,2328,324,5585,7114,6417,1583,10068
342,0.06657,0.06655,0.06643,0.06639,0.06635,0.06634,0.06626,0.0661,0.06609,0.06608,0.06663,0.06664,0.06666,0.06668,0.06683,0.06688,0.06689,0.06694,0.06703,0.06714,2493,2494,255,997,313,324,296,2015,31678,9877,220,2490,2490,2489,324,5585,7114,6417,1583,9556
343,0.06654,0.06643,0.06639,0.06635,0.06634,0.0663,0.06629,0.06626,0.06607,0.06603,0.06661,0.06662,0.06664,0.06666,0.06674,0.06684,0.06685,0.06694,0.06703,0.06712,2494,255,997,313,324,2213,6927,296,1306,31707,752,2491,2490,2490,328,5585,7114,6417,1583,10249
344,0.0666,0.06643,0.0664,0.06639,0.06635,0.06634,0.06629,0.06626,0.06607,0.066,0.06661,0.06662,0.06664,0.06666,0.06674,0.06684,0.06685,0.06694,0.06703,0.06712,252,255,2122,609,313,324,6927,296,1306,31721,752,2491,2490,2490,328,5585,7114,6417,1583,10249
345,0.06643,0.06639,0.06635,0.06631,0.0663,0.06629,0.06626,0.06622,0.06607,0.066,0.06657,0.06658,0.0666,0.06662,0.06664,0.06665,0.06666,0.06674,0.06685,0.06694,255,609,313,2666,330,6927,296,389,1306,31721,339,2493,2492,2491,2490,5585,2490,328,7114,6417
346,0.06643,0.06639,0.06635,0.06631,0.0663,0.06629,0.06626,0.06607,0.066,0.06599,0.06657,0.06658,0.0666,0.06662,0.06664,0.06665,0.06666,0.06674,0.06685,0.06694,255,609,313,2666,330,6927,296,1306,31721,10945,99,2493,2492,2491,2490,5585,2490,328,7114,6417
347,0.06649,0.06648,0.06643,0.06639,0.06635,0.06631,0.06629,0.06626,0.06607,0.06599,0.06657,0.06658,0.0666,0.06662,0.06664,0.06674,0.06687,0.06689,0.06694,0.06703,1193,2496,255,609,388,327,6927,296,1306,865,99,2493,2492,2491,2490,328,5585,7114,6417,1563
348,0.06648,0.06643,0.06635,0.06629,0.06628,0.06627,0.06626,0.06625,0.066,0.06599,0.06655,0.06656,0.06658,0.0666,0.06662,0.06674,0.06687,0.06689,0.06694,0.06703,2496,255,388,6927,324,313,296,610,2626,865,379,2493,2493,2492,2491,324,5585,7114,6417,1563
349,0.06644,0.06643,0.06635,0.06629,0.06628,0.06627,0.06626,0.06625,0.066,0.06599,0.06657,0.06658,0.0666,0.06662,0.06674,0.06687,0.06689,0.06692,0.06694,0.06703,2086,255,388,6927,324,313,296,610,31721,10366,268,2493,2492,2491,324,5585,7114,1315,6417,270
350,0.06646,0.06643,0.06635,0.0663,0.06629,0.06628,0.06627,0.06626,0.06625,0.066,0.06655,0.06656,0.06658,0.0666,0.06662,0.06668,0.06687,0.06689,0.06692,0.06694,2497,255,388,1636,6927,324,313,296,610,31721,1369,2493,2493,2492,2491,331,5585,7114,1315,6417
351,0.06643,0.06635,0.0663,0.06629,0.06627,0.06626,0.06625,0.06622,0.066,0.06599,0.06654,0.06655,0.06658,0.0666,0.06662,0.06668,0.06687,0.06689,0.06692,0.06694,255,388,2236,6927,313,296,610,324,315,865,618,2494,2493,2492,2491,329,5585,7114,1315,6417
352,0.06632,0.06631,0.06629,0.06627,0.06626,0.06622,0.06609,0.066,0.06599,0.06597,0.06652,0.06653,0.06655,0.06658,0.0666,0.06662,0.06668,0.06688,0.06689,0.06692,2387,389,6927,313,296,324,612,315,865,1315,618,121,2494,2493,2492,2491,329,5574,7114,1315
353,0.06631,0.0663,0.06627,0.06614,0.06608,0.06607,0.06606,0.06605,0.066,0.06599,0.06648,0.06649,0.06653,0.06655,0.06658,0.06659,0.0666,0.06662,0.06685,0.06692,1153,296,923,723,612,612,6951,612,315,865,766,2496,121,2494,2493,5568,2825,2491,7114,1315
354,0.06631,0.0663,0.06627,0.06624,0.06614,0.06599,0.06595,0.06594,0.06593,0.06591,0.06648,0.06649,0.06653,0.06655,0.06658,0.06659,0.0666,0.06662,0.06681,0.06692,705,296,923,6932,723,865,10454,5315,7491,751,403,2496,121,2494,2493,5568,2825,2491,7114,1315
355,0.06623,0.06622,0.06613,0.06606,0.06601,0.06599,0.06594,0.06593,0.06591,0.0659,0.06641,0.06642,0.06646,0.06649,0.06654,0.06655,0.06665,0.06677,0.06678,0.06681,256,2489,113,944,6956,865,5315,3815,751,31769,134,2499,2497,2496,5860,2494,313,389,1303,7114
356,0.06631,0.0663,0.06623,0.06613,0.06606,0.06602,0.06601,0.06599,0.06594,0.06593,0.0664,0.06642,0.06646,0.0666,0.06665,0.06677,0.06678,0.0668,0.06681,0.0669,1720,2503,256,328,612,31824,6956,865,5315,3815,2240,2499,2497,331,313,389,1303,5534,7114,143139
357,0.06642,0.06641,0.06633,0.06624,0.06621,0.06618,0.06606,0.06605,0.06599,0.06594,0.06649,0.06665,0.06676,0.06677,0.0668,0.06681,0.0669,0.06694,0.06696,0.06697,1275,255,2502,328,611,6938,31692,1309,865,4985,2496,313,713,389,5534,7114,143139,6417,144658,161417
358,0.06647,0.06646,0.06644,0.06643,0.06637,0.06632,0.06621,0.06618,0.06616,0.06606,0.06657,0.06665,0.06677,0.06679,0.0668,0.06681,0.06694,0.06696,0.06701,0.06702,542,2497,2498,255,609,330,611,6938,112,31692,2493,313,389,1122,5864,7114,6417,144658,10288,566
359,0.06646,0.06643,0.06626,0.06621,0.06619,0.06618,0.06617,0.06607,0.06606,0.06599,0.06653,0.06654,0.06658,0.06665,0.06673,0.06677,0.0668,0.06681,0.06694,0.06702,2497,255,324,611,929,6938,112,31688,1328,865,1261,2494,2493,313,328,389,5534,7114,6417,566
360,0.06647,0.06646,0.06643,0.06626,0.06621,0.06618,0.06607,0.06606,0.06599,0.06596,0.06654,0.06665,0.06673,0.06677,0.06679,0.0668,0.06681,0.06694,0.06702,0.06704,674,2497,255,324,611,6938,31688,1328,865,4832,2494,313,328,389,1166,5534,7114,6417,566,1309
361,0.06647,0.06646,0.06644,0.06643,0.06626,0.06621,0.06618,0.06607,0.06606,0.06599,0.06654,0.06665,0.06673,0.06677,0.06679,0.0668,0.06681,0.06694,0.06702,0.06704,354,2497,2498,255,324,611,6938,31688,1328,865,2494,313,328,389,1166,5534,7114,6417,566,1309
362,0.06651,0.0665,0.06644,0.06643,0.06636,0.06635,0.06621,0.06607,0.06606,0.06601,0.06658,0.06659,0.06665,0.06677,0.0668,0.06681,0.06694,0.06702,0.06704,0.06711,579,2496,2498,255,6920,331,611,31688,1328,10484,931,2156,313,389,5914,7114,6417,566,10924,424317
363,0.06651,0.0665,0.06644,0.06643,0.06636,0.06635,0.06621,0.06607,0.06606,0.06602,0.06659,0.06665,0.06676,0.06677,0.0668,0.06681,0.06694,0.06702,0.06704,0.06715,84,2496,2498,255,6920,331,611,31688,1328,300,2156,313,2619,389,5914,7114,6417,566,10924,569804
364,0.06655,0.06654,0.06652,0.0665,0.06644,0.06643,0.06632,0.06621,0.06618,0.06617,0.06663,0.06665,0.06677,0.06683,0.06684,0.06685,0.0669,0.06694,0.06702,0.06709,793,2494,2495,2496,324,255,6926,611,31635,1299,2491,313,389,1832,5585,7114,328,6417,566,10449
365,0.06653,0.06652,0.0665,0.06643,0.06637,0.06632,0.06621,0.06618,0.06617,0.06606,0.06661,0.06665,0.06677,0.06682,0.06683,0.06684,0.06685,0.06694,0.06702,0.06709,638,2495,2496,255,323,6926,611,31635,1299,300,2261,313,389,1832,323,5585,7114,6417,566,10449
366,0.06656,0.06655,0.06652,0.0665,0.06643,0.0664,0.06638,0.06621,0.06618,0.06617,0.06663,0.06665,0.06677,0.06683,0.06684,0.06685,0.06686,0.06694,0.06702,0.06714,740,2494,2495,2496,255,329,6919,611,31635,1299,2491,313,389,1694,5585,7114,329,6417,566,11212
367,0.0665,0.06643,0.06639,0.06638,0.06636,0.06634,0.06617,0.06606,0.06602,0.06601,0.06659,0.0666,0.06663,0.06665,0.06677,0.0668,0.06681,0.06694,0.06702,0.06714,2496,255,651,6919,609,331,1299,300,31712,10264,1004,2492,284,313,389,5916,7114,6417,566,11212
368,0.06652,0.06651,0.06649,0.06647,0.06643,0.06638,0.06636,0.06635,0.06617,0.06606,0.06659,0.06665,0.06677,0.06679,0.0668,0.06681,0.06682,0.06694,0.06702,0.06707,495,2495,2496,2497,255,6919,609,333,1310,300,2492,313,389,2264,5585,7114,333,6417,566,10151
369,0.06653,0.06651,0.06649,0.06643,0.06638,0.06636,0.06635,0.06617,0.06603,0.06602,0.06658,0.06659,0.0666,0.06663,0.06665,0.06677,0.0668,0.06681,0.06682,0.06694,2495,2495,2496,255,6919,609,327,1310,574,31712,1006,284,2492,2491,313,389,5585,7114,328,6417
370,0.06652,0.06651,0.06649,0.06643,0.06638,0.06636,0.06635,0.06608,0.06607,0.06599,0.06659,0.0666,0.06665,0.06676,0.06677,0.06679,0.0668,0.06681,0.06694,0.06702,526,2495,2496,255,6919,609,327,31683,1312,10926,284,2492,313,326,389,1362,5585,7114,6417,566
371,0.06649,0.06648,0.06646,0.06643,0.06638,0.06628,0.06621,0.06608,0.06607,0.06599,0.06654,0.06655,0.06658,0.06659,0.0666,0.06665,0.06676,0.06677,0.06694,0.06702,980,2496,2497,255,6919,331,611,31683,1312,10926,637,2494,2493,150,2492,313,5911,7503,6417,566
372,0.06649,0.06648,0.06643,0.06638,0.06628,0.06621,0.06608,0.06607,0.06599,0.06596,0.06657,0.06658,0.0666,0.06665,0.06676,0.06677,0.0668,0.06681,0.06694,0.06702,896,2496,255,6919,331,611,31683,1312,11104,4546,141,2493,2492,313,326,389,5585,7114,6417,566
373,0.06653,0.06652,0.0665,0.06643,0.06638,0.06635,0.06621,0.06608,0.06607,0.06599,0.06658,0.0666,0.06665,0.06677,0.06679,0.0668,0.06681,0.06682,0.06694,0.06702,1368,2495,2496,255,6919,327,611,31683,1312,11104,150,2492,313,389,376,5585,7114,324,6417,566
374,0.06656,0.06655,0.06652,0.06643,0.06642,0.06638,0.06635,0.06616,0.06608,0.06603,0.06665,0.06676,0.06677,0.0668,0.06681,0.0669,0.06694,0.06702,0.06709,0.06713,1320,2494,2495,255,328,6919,609,1312,31683,10283,313,1025,389,5585,7114,330,6417,566,9503,291700
375,0.06644,0.06643,0.06638,0.06635,0.06634,0.06606,0.06605,0.06603,0.06602,0.06599,0.06657,0.06658,0.0666,0.06665,0.06676,0.06677,0.0668,0.06694,0.06702,0.06704,1820,255,6919,609,324,31692,1306,10283,140530,865,426,2493,2492,313,7114,715,5585,6417,566,9817
376,0.06657,0.06656,0.06654,0.06652,0.06643,0.06642,0.06638,0.06635,0.06616,0.06607,0.06663,0.06665,0.06677,0.06679,0.0668,0.06681,0.06684,0.06694,0.06702,0.06704,1154,2493,2494,2495,255,328,6919,609,1311,31688,2380,313,389,1111,5585,7114,325,6417,566,9817
377,0.06656,0.06654,0.06644,0.06643,0.06642,0.06638,0.06635,0.06617,0.06616,0.06608,0.06661,0.06662,0.06664,0.06665,0.06677,0.06681,0.06684,0.06694,0.06702,0.06711,2493,2494,1212,255,328,6919,609,31640,1311,10161,743,2491,2490,313,389,12699,332,6417,566,147326
378,0.06656,0.06654,0.06644,0.06643,0.06642,0.06638,0.06635,0.06617,0.06616,0.06608,0.06661,0.06662,0.06664,0.06665,0.06677,0.06681,0.06684,0.06694,0.06702,0.06712,2493,2494,1212,255,328,6919,609,31640,1311,10161,669,2491,2490,313,389,12699,332,6417,566,9668
379,0.06657,0.06656,0.06654,0.06643,0.06638,0.06635,0.06616,0.06607,0.06606,0.06599,0.06662,0.06665,0.06675,0.06676,0.06677,0.06684,0.06694,0.06702,0.06705,0.06715,819,2493,2494,255,6919,938,1311,31688,10202,865,2491,313,1227,5585,7503,332,6417,566,1314,10390
380,0.06651,0.06643,0.06638,0.06635,0.06634,0.06608,0.06607,0.06606,0.06603,0.06599,0.06657,0.06658,0.0666,0.06662,0.06665,0.06676,0.06677,0.06681,0.06694,0.06702,2495,255,6919,609,327,2020,31688,10202,1296,865,693,2493,2492,2491,313,5585,7503,330,6417,566
381,0.06652,0.06651,0.06649,0.06643,0.06638,0.06635,0.06633,0.06607,0.06606,0.06603,0.06658,0.0666,0.06665,0.06673,0.06674,0.06676,0.06677,0.06694,0.06702,0.06703,1343,2495,2496,255,6919,609,331,31688,10202,1296,2493,2492,313,496,331,5585,7503,6417,566,9740
382,0.06651,0.06643,0.06638,0.06634,0.06621,0.06616,0.06615,0.06614,0.06605,0.06599,0.06657,0.06659,0.06665,0.06676,0.06677,0.0668,0.06681,0.06694,0.06702,0.06703,2495,255,6919,333,611,2509,31649,1298,10382,865,2493,2492,313,496,389,5912,7114,6417,566,9740
383,0.06652,0.06651,0.06643,0.06638,0.06634,0.06621,0.06611,0.0661,0.06605,0.06604,0.06656,0.06657,0.06659,0.06665,0.06675,0.06676,0.06677,0.0668,0.06694,0.06702,148,1310,255,6919,333,611,2509,31673,10382,1330,469,2343,2492,313,496,5585,7503,327,6417,566
384,0.06654,0.06653,0.06651,0.06643,0.06638,0.06634,0.06621,0.06615,0.06605,0.06604,0.0666,0.06662,0.06664,0.06665,0.06677,0.0668,0.06681,0.06694,0.06702,0.06705,448,2495,1073,255,6919,324,611,1310,1781,31702,2587,3332,2490,313,389,5909,7114,6417,566,1295
385,0.06656,0.06655,0.06654,0.06653,0.06651,0.06643,0.06638,0.06634,0.06621,0.06617,0.06659,0.0666,0.06662,0.06664,0.06665,0.06677,0.0668,0.06681,0.06694,0.06702,727,2195,448,2495,1073,255,6919,324,611,1781,104,2151,2491,2490,313,389,5909,7114,6417,566
386,0.06659,0.06658,0.06656,0.06655,0.06643,0.06638,0.06634,0.06621,0.06615,0.06601,0.06661,0.06662,0.06664,0.06665,0.06677,0.06679,0.0668,0.06681,0.06694,0.06702,555,384,382,2195,255,6919,324,611,1310,1781,810,2491,2490,313,389,1224,5909,7114,6417,566
387,0.06656,0.06655,0.06643,0.06639,0.06638,0.06634,0.06621,0.06616,0.06615,0.06606,0.06658,0.0666,0.06661,0.06662,0.06664,0.06665,0.06677,0.0668,0.06681,0.06694,382,2195,255,1781,6919,324,611,31644,1310,10412,809,809,999,2491,2490,313,389,5909,7114,6417
