timestamp,bid_price_0,bid_price_1,bid_price_2,bid_price_3,bid_price_4,bid_price_5,bid_price_6,bid_price_7,bid_price_8,bid_price_9,ask_price_0,ask_price_1,ask_price_2,ask_price_3,ask_price_4,ask_price_5,ask_price_6,ask_price_7,ask_price_8,ask_price_9,bid_size_0,bid_size_1,bid_size_2,bid_size_3,bid_size_4,bid_size_5,bid_size_6,bid_size_7,bid_size_8,bid_size_9,ask_size_0,ask_size_1,ask_size_2,ask_size_3,ask_size_4,ask_size_5,ask_size_6,ask_size_7,ask_size_8,ask_size_9
0,0.06564,0.06563,0.06561,0.06544,0.06538,0.06534,0.0653,0.06529,0.06526,0.06524,0.06569,0.06589,0.0659,0.06591,0.06592,0.066,0.06613,0.06617,0.06619,0.0662,1373,2529,2530,329,7068,317,31720,40524,132748,125052,2348,1329,5251,6417,324,6487,10180,115641,115744,118139
1,0.06561,0.06549,0.06544,0.06539,0.06538,0.06537,0.06534,0.06531,0.0653,0.06529,0.06567,0.06569,0.06583,0.06589,0.0659,0.06591,0.066,0.06612,0.06613,0.06617,2530,622,397,2089,7068,331,317,10075,31720,30635,2411,2348,331,916,5251,6417,6487,1312,10180,115641
2,0.06568,0.06567,0.06565,0.06563,0.06562,0.06552,0.06549,0.06544,0.06534,0.06531,0.06573,0.06589,0.0659,0.06591,0.06599,0.066,0.06613,0.06619,0.0662,0.06622,775,2527,2528,2529,2529,329,622,397,317,10075,2525,1939,5251,6417,324,6487,9974,117164,120860,121825
3,0.06567,0.06565,0.06563,0.06552,0.06547,0.06546,0.06545,0.06544,0.06538,0.06534,0.0657,0.06574,0.06598,0.06599,0.066,0.06608,0.06613,0.06619,0.06622,0.06623,2527,2528,2529,327,31637,30526,126597,397,138364,317,620,2525,1939,5655,6487,6417,9974,117164,121825,1300
4,0.06569,0.06567,0.06565,0.06563,0.06552,0.06547,0.06546,0.06545,0.06544,0.06538,0.06576,0.06577,0.06598,0.06599,0.066,0.06608,0.06619,0.06623,0.06624,0.06626,2922,2527,2528,2529,327,31637,30526,126597,397,138364,562,2523,1939,5655,6487,6417,12318,124389,240740,17705
5,0.06567,0.06565,0.06563,0.06553,0.06552,0.06547,0.06546,0.06545,0.06544,0.06538,0.06575,0.06576,0.06581,0.06595,0.06596,0.06597,0.06599,0.06608,0.06619,0.06623,3180,2528,2529,621,327,31637,30526,126597,397,138364,694,2524,694,3005,5310,6487,324,6417,12318,124389
6,0.06571,0.0657,0.06567,0.06548,0.06546,0.06544,0.06543,0.06542,0.06541,0.06536,0.06577,0.06578,0.0658,0.06594,0.06601,0.06602,0.06608,0.06619,0.06623,0.06624,609,2526,2360,331,30526,397,316,31661,9855,7072,1510,2523,2522,331,5359,6487,6417,12318,1300,122151
7,0.06567,0.06549,0.06548,0.06546,0.06544,0.06542,0.06541,0.06536,0.06534,0.06527,0.06574,0.06575,0.06578,0.06587,0.06601,0.06602,0.06608,0.06612,0.06619,0.06621,2135,939,331,30842,397,31661,9855,7072,250851,278137,1292,2524,2523,332,5306,6487,6417,1328,2066,10013
8,0.06572,0.06571,0.06569,0.06567,0.06555,0.06546,0.06544,0.06543,0.06542,0.06537,0.06578,0.06579,0.06582,0.06598,0.06601,0.06602,0.06608,0.06619,0.06621,0.06623,1016,2526,2527,2135,327,30842,397,31657,10288,577,625,2523,2522,331,5306,6487,6417,2066,10013,1317
9,0.0658,0.06579,0.06576,0.06574,0.06571,0.06563,0.06547,0.06546,0.06542,0.0654,0.06587,0.06606,0.06607,0.06608,0.06609,0.06613,0.06619,0.06624,0.06626,0.06628,558,2523,2524,2525,2526,333,31637,30526,10288,576,2520,1866,5394,6417,6657,333,2066,123578,17705,117287
10,0.0658,0.06579,0.06576,0.06574,0.06571,0.06564,0.06563,0.06555,0.06549,0.06547,0.06587,0.06606,0.06607,0.06608,0.06609,0.06613,0.06619,0.06624,0.06626,0.06628,293,2523,2524,2525,2526,620,333,712,7059,31637,2337,1866,5394,6417,6657,333,2066,9551,17705,117287
11,0.06588,0.06587,0.06585,0.06583,0.06581,0.06571,0.0657,0.06557,0.06555,0.06553,0.06596,0.06614,0.06615,0.06616,0.06617,0.06619,0.0662,0.06625,0.06633,0.06636,544,2520,2520,2521,2522,619,331,316,396,31608,2516,2461,181,5488,6487,2066,328,6417,610,10083
12,0.06588,0.06585,0.06583,0.06571,0.06569,0.06556,0.06553,0.06552,0.06549,0.06546,0.06597,0.06598,0.06612,0.06615,0.06616,0.06617,0.06619,0.06625,0.06633,0.06636,2536,2520,2521,619,332,7053,32183,143701,1295,125179,1707,2515,331,181,5488,6487,2066,6417,610,10083
13,0.06588,0.06585,0.06583,0.06571,0.0657,0.06563,0.06559,0.06556,0.06553,0.06552,0.06595,0.06612,0.06613,0.06616,0.06617,0.06619,0.06625,0.06633,0.06636,0.06644,1221,2520,2521,619,328,711,10318,7053,32183,134602,2517,3005,333,5488,6487,2066,6417,610,10083,5622
14,0.06585,0.06583,0.06572,0.0657,0.06566,0.06563,0.06559,0.06553,0.06552,0.06551,0.06593,0.06615,0.06616,0.06617,0.06619,0.06621,0.06625,0.06633,0.06641,0.06644,2520,2521,619,323,315,395,17367,32183,134602,124637,2517,3005,5488,328,2066,6487,6417,610,10048,5622
15,0.06591,0.06589,0.06587,0.06585,0.06577,0.06566,0.06563,0.06562,0.06559,0.06555,0.06598,0.06618,0.06619,0.0662,0.06621,0.06623,0.06625,0.06633,0.06641,0.06644,1322,2146,2520,2520,933,315,395,10441,7049,31599,2515,3005,2066,5481,6487,332,6417,610,10048,5622
16,0.06585,0.06573,0.06566,0.06563,0.06562,0.06559,0.06555,0.06554,0.06553,0.06552,0.0659,0.06591,0.06593,0.06594,0.066,0.06608,0.0662,0.06621,0.06624,0.06625,2220,608,315,725,10441,7049,31599,130180,575,123542,1367,2518,2517,257,2375,324,5481,6487,171,6417
17,0.06576,0.06566,0.06565,0.06563,0.06559,0.06556,0.06555,0.06554,0.06553,0.06548,0.06583,0.06584,0.06587,0.06594,0.066,0.06615,0.06616,0.06619,0.0662,0.06625,2524,315,609,395,7049,30512,31599,130506,575,274282,1474,2521,2520,257,2701,5422,6487,1304,218,6417
18,0.06576,0.06568,0.06566,0.06563,0.0656,0.06559,0.06556,0.06554,0.06549,0.06548,0.06583,0.06584,0.06587,0.06594,0.066,0.06611,0.06612,0.06619,0.0662,0.06625,2238,608,315,395,338,7049,30512,326,31628,139981,1650,2521,2520,257,2701,5373,6487,1304,218,6417
19,0.06574,0.06566,0.06563,0.0656,0.06559,0.06556,0.06555,0.06554,0.06548,0.06545,0.06578,0.06581,0.06582,0.06584,0.06587,0.066,0.06611,0.06612,0.06619,0.0662,2525,315,1004,1080,7049,30512,575,326,303,32163,257,1700,2522,2521,2520,326,5373,6487,1304,218
20,0.06573,0.06572,0.06566,0.06563,0.06559,0.06556,0.06555,0.06548,0.06545,0.06544,0.06578,0.06582,0.06584,0.06592,0.0661,0.06611,0.06612,0.06619,0.06624,0.06625,986,2525,315,1004,7049,30512,575,633,32163,10416,1460,2522,2521,330,1375,5326,6487,1304,10317,6417
21,0.06575,0.06574,0.06572,0.06567,0.06566,0.06563,0.06559,0.06556,0.06555,0.06546,0.06582,0.06584,0.06598,0.06606,0.06607,0.06612,0.06619,0.06621,0.06625,0.06629,714,2525,2525,608,315,395,7049,30512,903,31642,2368,2521,329,1897,5337,6487,1304,9705,6417,232358
22,0.06566,0.06563,0.0656,0.06559,0.06556,0.0655,0.06548,0.06546,0.06545,0.06543,0.06579,0.0658,0.06582,0.06584,0.06597,0.06611,0.06612,0.0662,0.06621,0.06625,608,395,1290,7049,30828,575,332,31642,10245,441,246,2522,2522,2521,332,5357,6487,1297,9705,6417
23,0.06576,0.06575,0.06573,0.06566,0.06563,0.06559,0.06557,0.06556,0.0655,0.06545,0.06582,0.06599,0.0661,0.06611,0.06612,0.06616,0.06621,0.06625,0.0663,0.06632,751,2524,2525,608,395,7049,31589,31158,575,10245,2522,329,1562,5357,6487,196,9705,6417,1313,235366
24,0.06576,0.06575,0.06573,0.06566,0.06563,0.06559,0.06557,0.06556,0.06545,0.06543,0.06582,0.06599,0.0661,0.06611,0.06612,0.06616,0.06625,0.0663,0.06631,0.06637,182,2524,2525,608,395,7049,31589,31733,9549,441,2522,329,1562,5357,6487,196,16279,1313,119476,131042
25,0.06582,0.06581,0.06577,0.06575,0.06572,0.06565,0.06563,0.06559,0.06557,0.06556,0.06587,0.06612,0.06613,0.06615,0.06616,0.06625,0.06631,0.06632,0.06638,0.0664,525,2522,2523,2524,608,331,395,7049,31589,31403,2520,1968,331,5399,6683,16279,119476,118594,117403,1297
26,0.06586,0.06584,0.06581,0.06577,0.06573,0.06567,0.06563,0.0656,0.06559,0.06557,0.06592,0.06612,0.06613,0.06616,0.06619,0.0662,0.06625,0.06631,0.06632,0.06635,1323,2521,2444,2523,608,328,395,316,7049,31589,2518,2968,328,196,5431,6487,6417,119476,118594,10139
27,0.06586,0.06584,0.06581,0.06577,0.06567,0.06563,0.0656,0.06559,0.06557,0.06556,0.06592,0.06613,0.06618,0.06619,0.0662,0.06625,0.06635,0.06638,0.0664,0.06642,885,2521,2444,607,328,395,316,7049,31589,31087,1260,328,2968,5431,6641,6417,10139,113565,1297,238231
28,0.06589,0.06586,0.06584,0.06581,0.06577,0.06571,0.06563,0.0656,0.06559,0.06557,0.06595,0.06616,0.06617,0.06619,0.0662,0.06624,0.06625,0.0664,0.06642,0.06644,2519,885,2521,2444,607,332,395,316,7049,31589,2517,2968,323,5431,6487,161,6417,1297,355799,123205
29,0.06595,0.06593,0.06591,0.06589,0.06586,0.06579,0.06577,0.06565,0.06563,0.0656,0.06601,0.06622,0.06623,0.06624,0.06625,0.0664,0.06642,0.06644,0.06648,0.06649,2252,2517,2518,2519,885,330,607,9907,395,31891,2514,2968,5493,6973,6417,10166,117568,123205,608,126280
30,0.06595,0.06593,0.06591,0.06589,0.06586,0.06579,0.06577,0.06565,0.06563,0.0656,0.06601,0.06622,0.06623,0.06624,0.06625,0.0664,0.06644,0.06648,0.0665,0.06651,2252,2517,2518,2519,885,330,607,9907,395,31891,2283,2968,5493,6973,6417,10166,123205,608,1301,365276
31,0.06596,0.06593,0.06591,0.06589,0.06586,0.06579,0.06565,0.0656,0.06559,0.06556,0.066,0.06601,0.06618,0.06619,0.0662,0.06624,0.06625,0.06644,0.06648,0.0665,1321,2517,2518,2519,885,330,9873,31891,138280,159680,627,2514,2968,5497,6487,486,6417,10248,608,124092
32,0.06596,0.06594,0.06591,0.06589,0.06586,0.06579,0.06565,0.0656,0.06559,0.06556,0.06603,0.06604,0.06613,0.06619,0.0662,0.06624,0.06625,0.06628,0.06644,0.06648,2516,2517,2518,2519,885,330,9873,31575,138280,159105,1003,2513,257,5507,6487,325,6417,207,10248,608
33,0.06598,0.06596,0.06594,0.06591,0.06579,0.06572,0.06569,0.06568,0.06562,0.06561,0.06604,0.06613,0.06623,0.06624,0.06625,0.06628,0.06646,0.06648,0.0665,0.06652,2314,2516,2517,2518,330,315,270,10288,32139,128167,2359,257,2318,12330,6417,207,10105,608,1301,118303
34,0.06604,0.06603,0.066,0.06596,0.06594,0.06591,0.06589,0.06572,0.06571,0.0657,0.06626,0.06627,0.06628,0.06633,0.06635,0.06638,0.06646,0.06647,0.06658,0.06661,257,486,2515,2516,2517,2518,329,315,31522,134519,379,2519,5581,137,329,6487,10105,6417,1311,4300
35,0.066,0.06598,0.06596,0.06594,0.06591,0.06589,0.06584,0.06583,0.06579,0.06573,0.06613,0.06614,0.06623,0.06624,0.06635,0.06647,0.06652,0.06658,0.0666,0.06661,2467,2515,2516,2517,2518,332,31459,30463,30426,10264,1515,636,5529,6487,332,6417,9709,118372,119203,4300
36,0.06599,0.06598,0.06596,0.06594,0.06583,0.0658,0.06579,0.06573,0.06572,0.06567,0.06607,0.06609,0.06614,0.06626,0.06627,0.06628,0.06647,0.06652,0.06656,0.06658,842,2347,2516,2517,31074,31808,30426,10264,315,7039,249,2511,636,3005,5536,6812,6417,9709,122411,118372
37,0.06605,0.06604,0.06603,0.06602,0.066,0.06598,0.0659,0.06586,0.06585,0.06584,0.06613,0.06614,0.06616,0.06631,0.06632,0.06633,0.06636,0.06647,0.06651,0.06654,893,2513,893,2514,2515,2347,327,30440,607,31459,302,636,2509,3005,5561,6487,330,6417,608,9626
