timestamp,bid_price_0,bid_price_1,bid_price_2,bid_price_3,bid_price_4,bid_price_5,bid_price_6,bid_price_7,bid_price_8,bid_price_9,ask_price_0,ask_price_1,ask_price_2,ask_price_3,ask_price_4,ask_price_5,ask_price_6,ask_price_7,ask_price_8,ask_price_9,bid_size_0,bid_size_1,bid_size_2,bid_size_3,bid_size_4,bid_size_5,bid_size_6,bid_size_7,bid_size_8,bid_size_9,ask_size_0,ask_size_1,ask_size_2,ask_size_3,ask_size_4,ask_size_5,ask_size_6,ask_size_7,ask_size_8,ask_size_9
0,0.213,0.212,0.211,0.21,0.209,0.208,0.207,0.206,0.205,0.204,0.214,0.215,0.216,0.217,0.218,0.219,0.22,0.221,0.222,0.223,2035.1,220767.3,152207.9,21834.1,180907.7,30328.4,60455.8,9598.8,676.9,652.5,11492.3,238950.7,9202.7,57791,174465,14266.3,77310.3,3764.7,1106.8,700.4
1,0.213,0.212,0.211,0.21,0.209,0.208,0.207,0.206,0.205,0.204,0.214,0.215,0.216,0.217,0.218,0.219,0.22,0.221,0.222,0.223,11586.7,218480.3,151392.5,22309.4,182393.1,28848.2,60455.8,9598.8,676.9,652.5,9482.9,240258.5,14209.9,52783.8,176338.6,13812.6,77310.3,3764.7,1106.8,700.4
2,0.213,0.212,0.211,0.21,0.209,0.208,0.207,0.206,0.205,0.204,0.214,0.215,0.216,0.217,0.218,0.219,0.22,0.221,0.222,0.223,9119.8,223971.9,151501.5,21728.5,182393.1,28848.2,60455.8,9598.8,676.9,652.5,5395,245173.3,14210,52783.8,154357,35792.1,77310.3,3764.7,1106.8,700.4
3,0.212,0.211,0.21,0.209,0.208,0.207,0.206,0.205,0.204,0.203,0.213,0.214,0.215,0.216,0.217,0.218,0.219,0.22,0.221,0.222,49745.1,307747.2,44704.5,91692.3,135414.7,62076.5,9598.8,676.9,652.5,3622.8,3187.5,172941.1,124250.5,32100.5,110230.2,57106.3,44395.1,68253.6,3764.7,1106.8
4,0.212,0.211,0.21,0.209,0.208,0.207,0.206,0.205,0.204,0.203,0.213,0.214,0.215,0.216,0.217,0.218,0.219,0.22,0.221,0.222,12775.8,318612.5,46496.4,93036.1,135533.5,62076.5,9338.6,676.9,911.5,3622.8,7717.6,178931.5,116871.7,38813.4,101308.4,57106.3,44395.1,68516.4,3764.7,842.6
5,0.212,0.211,0.21,0.209,0.208,0.207,0.206,0.205,0.204,0.203,0.213,0.214,0.215,0.216,0.217,0.218,0.219,0.22,0.221,0.222,13322.6,231948.8,149214.7,77225.7,128720.6,61983.4,8856.2,1161.6,911.5,3877,12903.8,237600.5,10439.1,46375.5,108420.4,55727.3,44395.1,68516.4,3764.7,842.6
6,0.212,0.211,0.21,0.209,0.208,0.207,0.206,0.205,0.204,0.203,0.213,0.214,0.215,0.216,0.217,0.218,0.219,0.22,0.221,0.222,13279.6,237998.2,149214.7,77219.7,138167.5,61983.4,8856.2,1161.6,911.5,931.4,13137.5,237600.5,10439.1,46375.5,108420.4,55727.3,44395.1,68516.4,3764.7,842.6
7,0.212,0.211,0.21,0.209,0.208,0.207,0.206,0.205,0.204,0.203,0.213,0.214,0.215,0.216,0.217,0.218,0.219,0.22,0.221,0.222,17566.5,251403.1,149318.6,77592.7,138167.5,61983.4,8856.2,1161.6,911.5,931.4,8479.4,246504.5,10439.1,46375.5,108420.4,55727.3,52694.6,60216.9,3764.7,842.6
8,0.212,0.211,0.21,0.209,0.208,0.207,0.206,0.205,0.204,0.203,0.213,0.214,0.215,0.216,0.217,0.218,0.219,0.22,0.221,0.222,17865.2,317920.7,62774.6,83973.7,137394.3,60455.8,9338.6,701.3,911.5,652.5,10065.2,184247.7,114299.6,46872.5,104263.1,57202.1,52694.6,60216.9,3764.7,842.6
9,0.212,0.211,0.21,0.209,0.208,0.207,0.206,0.205,0.204,0.203,0.213,0.214,0.215,0.216,0.217,0.218,0.219,0.22,0.221,0.222,19539.9,326396.7,62774.6,84810.6,137394.3,60455.8,9338.6,701.3,911.5,652.5,9575.1,193019,114299.6,46872.5,104263.1,57202.1,52694.6,60216.9,3764.7,842.6
10,0.212,0.211,0.21,0.209,0.208,0.207,0.206,0.205,0.204,0.203,0.213,0.214,0.215,0.216,0.217,0.218,0.219,0.22,0.221,0.222,18459.4,318392.7,62880.1,84704.3,137394.3,60935.8,8856.2,701.3,911.5,652.5,4354.9,196659.5,118859.4,45155,108255.1,57202.1,52694.6,60216.9,3764.7,842.6
11,0.212,0.211,0.21,0.209,0.208,0.207,0.206,0.205,0.204,0.203,0.213,0.214,0.215,0.216,0.217,0.218,0.219,0.22,0.221,0.222,18819.4,321388.8,62880.1,84704.3,137154.4,60455.8,9338.6,701.3,911.5,652.5,4686,196659.5,118859.6,45155,108255.1,57202.1,52694.6,60216.9,3764.7,842.6
12,0.212,0.211,0.21,0.209,0.208,0.207,0.206,0.205,0.204,0.203,0.213,0.214,0.215,0.216,0.217,0.218,0.219,0.22,0.221,0.222,7990.2,326498,62880.1,84704.3,137154.4,63400.5,9338.6,701.3,911.5,652.5,11596,201299.7,118859.6,45155,108255.1,57202.1,68544.3,44367.2,3764.7,842.6
13,0.212,0.211,0.21,0.209,0.208,0.207,0.206,0.205,0.204,0.203,0.213,0.214,0.215,0.216,0.217,0.218,0.219,0.22,0.221,0.222,17754.2,226020.7,158013.9,78680.6,135314.5,61928.5,9338.6,676.9,911.5,652.5,10966.4,264502.7,13737.6,42384.6,107704.6,57077.1,77067.5,35844,3764.7,842.6
14,0.213,0.212,0.211,0.21,0.209,0.208,0.207,0.206,0.205,0.204,0.214,0.215,0.216,0.217,0.218,0.219,0.22,0.221,0.222,0.223,2269.9,49275.5,80335.5,41931.6,78680.6,29187.6,60455.8,9338.6,676.9,911.5,14940.1,126578.8,17810.4,19992.8,58475.7,99918.6,12992.9,3764.7,842.6,8032.1
15,0.212,0.211,0.21,0.209,0.208,0.207,0.206,0.205,0.204,0.203,0.213,0.214,0.215,0.216,0.217,0.218,0.219,0.22,0.221,0.222,30224.8,317273,61104,86920.4,135495.1,63243.1,7891.4,676.9,911.5,4072.8,3994.9,188459,130345.1,42639.7,107549.6,57077.1,99918.6,12992.9,3764.7,842.6
16,0.212,0.211,0.21,0.209,0.208,0.207,0.206,0.205,0.204,0.203,0.213,0.214,0.215,0.216,0.217,0.218,0.219,0.22,0.221,0.222,30446.2,317434.7,61104,86920.4,135972.8,62763.1,7891.4,676.9,911.5,4072.8,3595.8,181062.2,127437.9,47646.9,107549.6,78147.1,78846.5,12992.9,3764.7,842.6
17,0.213,0.212,0.211,0.21,0.209,0.208,0.207,0.206,0.205,0.204,0.214,0.215,0.216,0.217,0.218,0.219,0.22,0.221,0.222,0.223,20845.7,227818.5,158651.2,21420.4,184433.9,29447.3,59975.8,7891.4,676.9,911.5,7308.4,243040.8,15619.4,61190.9,185052.4,79728.1,13181.8,3764.7,1107.3,8032.1
18,0.214,0.213,0.212,0.211,0.21,0.209,0.208,0.207,0.206,0.205,0.215,0.216,0.217,0.218,0.219,0.22,0.221,0.222,0.223,0.224,2287.7,186576,146867.3,54259.7,117494.5,74966.3,28840.4,60504.2,8150.1,652.5,25331.6,241793,37489.1,123291.2,187176.3,24676,3764.7,1107.3,700.4,10957.7
19,0.213,0.212,0.211,0.21,0.209,0.208,0.207,0.206,0.205,0.204,0.214,0.215,0.216,0.217,0.218,0.219,0.22,0.221,0.222,0.223,20257.7,197279.9,168864.6,15293.9,181290.3,30222.5,60504.2,8150.1,652.5,3583.6,3412.3,190682.3,122131.7,49820,168353.2,66302.4,25127.7,17190.4,1107.3,700.4
20,0.213,0.212,0.211,0.21,0.209,0.208,0.207,0.206,0.205,0.204,0.214,0.215,0.216,0.217,0.218,0.219,0.22,0.221,0.222,0.223,19959.7,202089.4,171288.4,15769.2,181290.3,30700.2,60024.2,8150.1,652.5,3583.6,3412.3,188791.1,122131.7,49820,168353.2,66302.4,25127.7,14126.1,4171.6,700.4
21,0.213,0.212,0.211,0.21,0.209,0.208,0.207,0.206,0.205,0.204,0.214,0.215,0.216,0.217,0.218,0.219,0.22,0.221,0.222,0.223,22609,209483.5,169188.4,14290.9,182763.4,30700.2,60024.2,8150.1,652.5,3583.6,3412.3,184806.4,122131.7,49820,168353.2,66302.4,25127.7,14126.1,4171.6,700.4
22,0.214,0.213,0.212,0.211,0.21,0.209,0.208,0.207,0.206,0.205,0.215,0.216,0.217,0.218,0.219,0.22,0.221,0.222,0.223,0.224,2025.6,188600.1,147505.7,61398.2,116843.2,74966.3,29318.1,52409.8,498.8,652.5,21460.3,243927.7,35380.6,113402.9,164286.1,33427.2,14126.1,4147.9,700.4,10957.7
23,0.213,0.212,0.211,0.21,0.209,0.208,0.207,0.206,0.205,0.204,0.214,0.215,0.216,0.217,0.218,0.219,0.22,0.221,0.222,0.223,13002.6,201734.6,170345.7,13649.2,183578.5,28362.7,52385.6,498.8,652.5,4080.4,12167.3,188341.8,122236.1,47027.8,172777.4,58002.9,33427.2,14126.1,4147.9,700.4
24,0.213,0.212,0.211,0.21,0.209,0.208,0.207,0.206,0.205,0.204,0.214,0.215,0.216,0.217,0.218,0.219,0.22,0.221,0.222,0.223,11429.7,206414,169392.8,13397.1,182627.7,29318.1,52385.6,498.8,928.7,3802.9,12573.3,188764.1,124979.1,84445.5,172777.4,58456.6,32975.5,14126.1,4147.9,700.4
25,0.213,0.212,0.211,0.21,0.209,0.208,0.207,0.206,0.205,0.204,0.214,0.215,0.216,0.217,0.218,0.219,0.22,0.221,0.222,0.223,9593.2,178142.7,162519.4,13397.1,183103.1,30430.4,52385.6,498.8,928.7,3802.9,8510.2,174169.1,127069.3,99812.8,172777.4,58456.6,32975.5,14126.1,4147.9,700.4
26,0.213,0.212,0.211,0.21,0.209,0.208,0.207,0.206,0.205,0.204,0.214,0.215,0.216,0.217,0.218,0.219,0.22,0.221,0.222,0.223,13883,208036.6,157269.8,13872.7,183734.7,30296.7,52385.6,498.8,652.5,4080.4,3135.9,193754.3,127836,95662.3,180633,42153.2,49276.9,14126.1,4147.9,700.4
27,0.213,0.212,0.211,0.21,0.209,0.208,0.207,0.206,0.205,0.204,0.214,0.215,0.216,0.217,0.218,0.219,0.22,0.221,0.222,0.223,10519,205105.6,159982,13872.7,184210.1,29819,52385.6,498.8,652.5,4080.4,12272,198512.8,124487.4,95555.9,180633,42153.2,49276.9,14126.1,4147.9,700.4
28,0.212,0.211,0.21,0.209,0.208,0.207,0.206,0.205,0.204,0.203,0.213,0.214,0.215,0.216,0.217,0.218,0.219,0.22,0.221,0.222,10918,296426.3,53851,88859,137379.8,55570.8,240.1,953.1,1109.3,652.5,2894.6,182880.2,117021.5,51126.6,153388.1,66657,40817.9,49089.8,14126.1,3883.2
29,0.212,0.211,0.21,0.209,0.208,0.207,0.206,0.205,0.204,0.203,0.213,0.214,0.215,0.216,0.217,0.218,0.219,0.22,0.221,0.222,13310.1,296286.2,53805.5,89334.4,135899.6,55090.8,240.1,1147,914.5,652.5,4325.4,182880.2,122319.4,51126.6,153388.1,66657,40817.9,49089.8,14126.1,3883.2
30,0.212,0.211,0.21,0.209,0.208,0.207,0.206,0.205,0.204,0.203,0.213,0.214,0.215,0.216,0.217,0.218,0.219,0.22,0.221,0.222,10660.8,288169,53805.5,88859,135899.6,55570.8,240.1,1147,914.5,652.5,16034.4,182083.1,117021.5,51126.6,153388.1,66657,40817.9,49089.8,14126.1,3883.2
31,0.212,0.211,0.21,0.209,0.208,0.207,0.206,0.205,0.204,0.203,0.213,0.214,0.215,0.216,0.217,0.218,0.219,0.22,0.221,0.222,10660.8,291797.6,53805.5,88859,135899.6,55570.8,240.1,953.1,1109.3,652.5,16211.1,192109.3,117021.5,51126.6,153388.1,66657,40817.9,49089.8,14126.1,3883.2
32,0.212,0.211,0.21,0.209,0.208,0.207,0.206,0.205,0.204,0.203,0.213,0.214,0.215,0.216,0.217,0.218,0.219,0.22,0.221,0.222,10660.8,286228.2,55905.5,88859,135899.6,55570.8,240.1,1147,914.5,652.5,16211.1,188348.3,116616.7,51126.6,153388.1,66657,40817.9,49089.8,14126.1,3883.2
33,0.212,0.211,0.21,0.209,0.208,0.207,0.206,0.205,0.204,0.203,0.213,0.214,0.215,0.216,0.217,0.218,0.219,0.22,0.221,0.222,7968.2,294772.4,59459.6,88859,135899.6,55595,240.1,1147,914.5,652.5,17715.3,188160.2,120524.9,63270.5,140689.1,78602.9,40817.9,37143.9,14126.1,3883.2
34,0.212,0.211,0.21,0.209,0.208,0.207,0.206,0.205,0.204,0.203,0.213,0.214,0.215,0.216,0.217,0.218,0.219,0.22,0.221,0.222,1527.7,293053.8,57625.9,90700.5,135899.6,55595,240.1,1147,914.5,652.5,17909.4,188025.9,120524.9,63270.5,140689.1,78602.9,54243.6,37143.9,3764.7,818.9
35,0.212,0.211,0.21,0.209,0.208,0.207,0.206,0.205,0.204,0.203,0.213,0.214,0.215,0.216,0.217,0.218,0.219,0.22,0.221,0.222,711.7,290068.5,56690.5,91558.3,135899.6,55595,240.1,1147,914.5,652.5,18399.5,184566.9,120524.9,63270.5,140689.1,77253.1,54243.6,37143.9,3764.7,818.9
36,0.212,0.211,0.21,0.209,0.208,0.207,0.206,0.205,0.204,0.203,0.213,0.214,0.215,0.216,0.217,0.218,0.219,0.22,0.221,0.222,711.7,288893.5,56690.5,91558.3,135899.6,54610.8,1204.9,1147,914.5,652.5,18399.5,179542.5,120524.9,63270.5,140689.1,77253.1,54243.6,37143.9,3764.7,818.9
37,0.211,0.21,0.209,0.208,0.207,0.206,0.205,0.204,0.203,0.202,0.212,0.213,0.214,0.215,0.216,0.217,0.218,0.219,0.22,0.221,69802.7,291105.9,96922.3,33070.6,162170.4,2878.8,870.8,914.5,652.5,6212.9,2506.9,191552.9,130552.8,46372.8,125618.9,34681.5,77253.1,62543.1,28844.4,3764.7
38,0.212,0.211,0.21,0.209,0.208,0.207,0.206,0.205,0.204,0.203,0.213,0.214,0.215,0.216,0.217,0.218,0.219,0.22,0.221,0.222,1430.7,256615.4,139091.6,87730.9,136971.6,55298.5,240.1,1147,914.5,652.5,22647.7,261291,13431.3,58523.8,140564.1,78600.4,62543.1,28844.4,3764.7,818.9
39,0.212,0.211,0.21,0.209,0.208,0.207,0.206,0.205,0.204,0.203,0.213,0.214,0.215,0.216,0.217,0.218,0.219,0.22,0.221,0.222,12769.2,261583.5,134549.3,85829.2,136971.6,55298.5,240.1,1147,914.5,652.5,17583.1,263690.3,13326.2,58627.5,140564.1,78144.6,62996.8,28844.4,3764.7,818.9
40,0.212,0.211,0.21,0.209,0.208,0.207,0.206,0.205,0.204,0.203,0.213,0.214,0.215,0.216,0.217,0.218,0.219,0.22,0.221,0.222,12375.9,260223.6,136649.3,85829.2,136971.6,55298.5,240.1,676.9,1386.8,652.5,16608.8,264790.9,12556.4,51283.4,148255.9,78144.6,62996.8,28844.4,3764.7,818.9
41,0.212,0.211,0.21,0.209,0.208,0.207,0.206,0.205,0.204,0.203,0.213,0.214,0.215,0.216,0.217,0.218,0.219,0.22,0.221,0.222,2863.3,251544.6,141614.6,85933,136971.6,55298.5,240.1,676.9,1386.8,652.5,16318.9,261453.2,13007.8,58523.8,140564.1,78600.4,62543.1,28844.4,3764.7,818.9
42,0.211,0.21,0.209,0.208,0.207,0.206,0.205,0.204,0.203,0.202,0.212,0.213,0.214,0.215,0.216,0.217,0.218,0.219,0.22,0.221,70562,282572.5,110221.3,33420.2,162747.8,2397.4,676.9,1386.8,652.5,6212.9,14760.9,203146.4,117465.5,43340.9,122358.9,34681.5,77253.1,62543.1,28844.4,3764.7
43,0.211,0.21,0.209,0.208,0.207,0.206,0.205,0.204,0.203,0.202,0.212,0.213,0.214,0.215,0.216,0.217,0.218,0.219,0.22,0.221,29515.3,294885.1,125652.9,34657.1,162649.7,2397.4,676.9,1386.8,652.5,6212.9,14764.8,210186.3,117465.5,43340.9,122358.9,34681.5,85776.3,69869.6,12994.7,3764.7
44,0.211,0.21,0.209,0.208,0.207,0.206,0.205,0.204,0.203,0.202,0.212,0.213,0.214,0.215,0.216,0.217,0.218,0.219,0.22,0.221,16890.8,298741.2,127752.9,34657.1,163129.7,1915,676.9,1386.8,652.5,6212.9,14447.5,205528.9,117571.6,43237,122358.9,34681.5,85776.3,69869.6,12994.7,3764.7
45,0.211,0.21,0.209,0.208,0.207,0.206,0.205,0.204,0.203,0.202,0.212,0.213,0.214,0.215,0.216,0.217,0.218,0.219,0.22,0.221,16890.8,295107.9,127275.7,34555,162649.7,2397.4,676.9,1386.8,652.5,6212.9,14869.7,205291.8,117571.6,43237,122358.9,35139.4,85320.5,69869.6,12994.7,3764.7
46,0.211,0.21,0.209,0.208,0.207,0.206,0.205,0.204,0.203,0.202,0.212,0.213,0.214,0.215,0.216,0.217,0.218,0.219,0.22,0.221,13463.2,300661.7,125175.7,34555,162649.7,2397.4,676.9,1386.8,652.5,6212.9,14869.7,205195,117465.5,43342.4,122358.9,56665.2,63794.7,69869.6,12994.7,3764.7
