timestamp,bid_price_0,bid_price_1,bid_price_2,bid_price_3,bid_price_4,bid_price_5,bid_price_6,bid_price_7,bid_price_8,bid_price_9,ask_price_0,ask_price_1,ask_price_2,ask_price_3,ask_price_4,ask_price_5,ask_price_6,ask_price_7,ask_price_8,ask_price_9,bid_size_0,bid_size_1,bid_size_2,bid_size_3,bid_size_4,bid_size_5,bid_size_6,bid_size_7,bid_size_8,bid_size_9,ask_size_0,ask_size_1,ask_size_2,ask_size_3,ask_size_4,ask_size_5,ask_size_6,ask_size_7,ask_size_8,ask_size_9
0,0.213,0.212,0.211,0.21,0.209,0.208,0.207,0.206,0.205,0.204,0.214,0.215,0.216,0.217,0.218,0.219,0.22,0.221,0.222,0.223,2035.1,220767.3,152207.9,21834.1,180907.7,30328.4,60455.8,9598.8,676.9,652.5,11492.3,238950.7,9202.7,57791,174465,14266.3,77310.3,3764.7,1106.8,700.4
1,0.213,0.212,0.211,0.21,0.209,0.208,0.207,0.206,0.205,0.204,0.214,0.215,0.216,0.217,0.218,0.219,0.22,0.221,0.222,0.223,11586.7,218480.3,151392.5,22309.4,182393.1,28848.2,60455.8,9598.8,676.9,652.5,9482.9,240258.5,14209.9,52783.8,176338.6,13812.6,77310.3,3764.7,1106.8,700.4
2,0.213,0.212,0.211,0.21,0.209,0.208,0.207,0.206,0.205,0.204,0.214,0.215,0.216,0.217,0.218,0.219,0.22,0.221,0.222,0.223,9119.8,223971.9,151501.5,21728.5,182393.1,28848.2,60455.8,9598.8,676.9,652.5,5395,245173.3,14210,52783.8,154357,35792.1,77310.3,3764.7,1106.8,700.4
3,0.212,0.211,0.21,0.209,0.208,0.207,0.206,0.205,0.204,0.203,0.213,0.214,0.215,0.216,0.217,0.218,0.219,0.22,0.221,0.222,49745.1,307747.2,44704.5,91692.3,135414.7,62076.5,9598.8,676.9,652.5,3622.8,3187.5,172941.1,124250.5,32100.5,110230.2,57106.3,44395.1,68253.6,3764.7,1106.8
4,0.212,0.211,0.21,0.209,0.208,0.207,0.206,0.205,0.204,0.203,0.213,0.214,0.215,0.216,0.217,0.218,0.219,0.22,0.221,0.222,12775.8,318612.5,46496.4,93036.1,135533.5,62076.5,9338.6,676.9,911.5,3622.8,7717.6,178931.5,116871.7,38813.4,101308.4,57106.3,44395.1,68516.4,3764.7,842.6
5,0.212,0.211,0.21,0.209,0.208,0.207,0.206,0.205,0.204,0.203,0.213,0.214,0.215,0.216,0.217,0.218,0.219,0.22,0.221,0.222,13322.6,231948.8,149214.7,77225.7,128720.6,61983.4,8856.2,1161.6,911.5,3877,12903.8,237600.5,10439.1,46375.5,108420.4,55727.3,44395.1,68516.4,3764.7,842.6
6,0.212,0.211,0.21,0.209,0.208,0.207,0.206,0.205,0.204,0.203,0.213,0.214,0.215,0.216,0.217,0.218,0.219,0.22,0.221,0.222,13279.6,237998.2,149214.7,77219.7,138167.5,61983.4,8856.2,1161.6,911.5,931.4,13137.5,237600.5,10439.1,46375.5,108420.4,55727.3,44395.1,68516.4,3764.7,842.6
7,0.212,0.211,0.21,0.209,0.208,0.207,0.206,0.205,0.204,0.203,0.213,0.214,0.215,0.216,0.217,0.218,0.219,0.22,0.221,0.222,17566.5,251403.1,149318.6,77592.7,138167.5,61983.4,8856.2,1161.6,911.5,931.4,8479.4,246504.5,10439.1,46375.5,108420.4,55727.3,52694.6,60216.9,3764.7,842.6
8,0.212,0.211,0.21,0.209,0.208,0.207,0.206,0.205,0.204,0.203,0.213,0.214,0.215,0.216,0.217,0.218,0.219,0.22,0.221,0.222,17865.2,317920.7,62774.6,83973.7,137394.3,60455.8,9338.6,701.3,911.5,652.5,10065.2,184247.7,114299.6,46872.5,104263.1,57202.1,52694.6,60216.9,3764.7,842.6
9,0.212,0.211,0.21,0.209,0.208,0.207,0.206,0.205,0.204,0.203,0.213,0.214,0.215,0.216,0.217,0.218,0.219,0.22,0.221,0.222,19539.9,326396.7,62774.6,84810.6,137394.3,60455.8,9338.6,701.3,911.5,652.5,9575.1,193019,114299.6,46872.5,104263.1,57202.1,52694.6,60216.9,3764.7,842.6
10,0.212,0.211,0.21,0.209,0.208,0.207,0.206,0.205,0.204,0.203,0.213,0.214,0.215,0.216,0.217,0.218,0.219,0.22,0.221,0.222,18459.4,318392.7,62880.1,84704.3,137394.3,60935.8,8856.2,701.3,911.5,652.5,4354.9,196659.5,118859.4,45155,108255.1,57202.1,52694.6,60216.9,3764.7,842.6
11,0.212,0.211,0.21,0.209,0.208,0.207,0.206,0.205,0.204,0.203,0.213,0.214,0.215,0.216,0.217,0.218,0.219,0.22,0.221,0.222,18819.4,321388.8,62880.1,84704.3,137154.4,60455.8,9338.6,701.3,911.5,652.5,4686,196659.5,118859.6,45155,108255.1,57202.1,52694.6,60216.9,3764.7,842.6
12,0.212,0.211,0.21,0.209,0.208,0.207,0.206,0.205,0.204,0.203,0.213,0.214,0.215,0.216,0.217,0.218,0.219,0.22,0.221,0.222,7990.2,326498,62880.1,84704.3,137154.4,63400.5,9338.6,701.3,911.5,652.5,11596,201299.7,118859.6,45155,108255.1,57202.1,68544.3,44367.2,3764.7,842.6
13,0.212,0.211,0.21,0.209,0.208,0.207,0.206,0.205,0.204,0.203,0.213,0.214,0.215,0.216,0.217,0.218,0.219,0.22,0.221,0.222,17754.2,226020.7,158013.9,78680.6,135314.5,61928.5,9338.6,676.9,911.5,652.5,10966.4,264502.7,13737.6,42384.6,107704.6,57077.1,77067.5,35844,3764.7,842.6
14,0.213,0.212,0.211,0.21,0.209,0.208,0.207,0.206,0.205,0.204,0.214,0.215,0.216,0.217,0.218,0.219,0.22,0.221,0.222,0.223,2269.9,49275.5,80335.5,41931.6,78680.6,29187.6,60455.8,9338.6,676.9,911.5,14940.1,126578.8,17810.4,19992.8,58475.7,99918.6,12992.9,3764.7,842.6,8032.1
15,0.212,0.211,0.21,0.209,0.208,0.207,0.206,0.205,0.204,0.203,0.213,0.214,0.215,0.216,0.217,0.218,0.219,0.22,0.221,0.222,30224.8,317273,61104,86920.4,135495.1,63243.1,7891.4,676.9,911.5,4072.8,3994.9,188459,130345.1,42639.7,107549.6,57077.1,99918.6,12992.9,3764.7,842.6
16,0.212,0.211,0.21,0.209,0.208,0.207,0.206,0.205,0.204,0.203,0.213,0.214,0.215,0.216,0.217,0.218,0.219,0.22,0.221,0.222,30446.2,317434.7,61104,86920.4,135972.8,62763.1,7891.4,676.9,911.5,4072.8,3595.8,181062.2,127437.9,47646.9,107549.6,78147.1,78846.5,12992.9,3764.7,842.6
17,0.213,0.212,0.211,0.21,0.209,0.208,0.207,0.206,0.205,0.204,0.214,0.215,0.216,0.217,0.218,0.219,0.22,0.221,0.222,0.223,20845.7,227818.5,158651.2,21420.4,184433.9,29447.3,59975.8,7891.4,676.9,911.5,7308.4,243040.8,15619.4,61190.9,185052.4,79728.1,13181.8,3764.7,1107.3,8032.1
18,0.214,0.213,0.212,0.211,0.21,0.209,0.208,0.207,0.206,0.205,0.215,0.216,0.217,0.218,0.219,0.22,0.221,0.222,0.223,0.224,2287.7,186576,146867.3,54259.7,117494.5,74966.3,28840.4,60504.2,8150.1,652.5,25331.6,241793,37489.1,123291.2,187176.3,24676,3764.7,1107.3,700.4,10957.7
19,0.213,0.212,0.211,0.21,0.209,0.208,0.207,0.206,0.205,0.204,0.214,0.215,0.216,0.217,0.218,0.219,0.22,0.221,0.222,0.223,20257.7,197279.9,168864.6,15293.9,181290.3,30222.5,60504.2,8150.1,652.5,3583.6,3412.3,190682.3,122131.7,49820,168353.2,66302.4,25127.7,17190.4,1107.3,700.4
20,0.213,0.212,0.211,0.21,0.209,0.208,0.207,0.206,0.205,0.204,0.214,0.215,0.216,0.217,0.218,0.219,0.22,0.221,0.222,0.223,19959.7,202089.4,171288.4,15769.2,181290.3,30700.2,60024.2,8150.1,652.5,3583.6,3412.3,188791.1,122131.7,49820,168353.2,66302.4,25127.7,14126.1,4171.6,700.4
21,0.213,0.212,0.211,0.21,0.209,0.208,0.207,0.206,0.205,0.204,0.214,0.215,0.216,0.217,0.218,0.219,0.22,0.221,0.222,0.223,22609,209483.5,169188.4,14290.9,182763.4,30700.2,60024.2,8150.1,652.5,3583.6,3412.3,184806.4,122131.7,49820,168353.2,66302.4,25127.7,14126.1,4171.6,700.4
22,0.214,0.213,0.212,0.211,0.21,0.209,0.208,0.207,0.206,0.205,0.215,0.216,0.217,0.218,0.219,0.22,0.221,0.222,0.223,0.224,2025.6,188600.1,147505.7,61398.2,116843.2,74966.3,29318.1,52409.8,498.8,652.5,21460.3,243927.7,35380.6,113402.9,164286.1,33427.2,14126.1,4147.9,700.4,10957.7
23,0.213,0.212,0.211,0.21,0.209,0.208,0.207,0.206,0.205,0.204,0.214,0.215,0.216,0.217,0.218,0.219,0.22,0.221,0.222,0.223,13002.6,201734.6,170345.7,13649.2,183578.5,28362.7,52385.6,498.8,652.5,4080.4,12167.3,188341.8,122236.1,47027.8,172777.4,58002.9,33427.2,14126.1,4147.9,700.4
24,0.213,0.212,0.211,0.21,0.209,0.208,0.207,0.206,0.205,0.204,0.214,0.215,0.216,0.217,0.218,0.219,0.22,0.221,0.222,0.223,11429.7,206414,169392.8,13397.1,182627.7,29318.1,52385.6,498.8,928.7,3802.9,12573.3,188764.1,124979.1,84445.5,172777.4,58456.6,32975.5,14126.1,4147.9,700.4
25,0.213,0.212,0.211,0.21,0.209,0.208,0.207,0.206,0.205,0.204,0.214,0.215,0.216,0.217,0.218,0.219,0.22,0.221,0.222,0.223,9593.2,178142.7,162519.4,13397.1,183103.1,30430.4,52385.6,498.8,928.7,3802.9,8510.2,174169.1,127069.3,99812.8,172777.4,58456.6,32975.5,14126.1,4147.9,700.4
26,0.213,0.212,0.211,0.21,0.209,0.208,0.207,0.206,0.205,0.204,0.214,0.215,0.216,0.217,0.218,0.219,0.22,0.221,0.222,0.223,13883,208036.6,157269.8,13872.7,183734.7,30296.7,52385.6,498.8,652.5,4080.4,3135.9,193754.3,127836,95662.3,180633,42153.2,49276.9,14126.1,4147.9,700.4
27,0.213,0.212,0.211,0.21,0.209,0.208,0.207,0.206,0.205,0.204,0.214,0.215,0.216,0.217,0.218,0.219,0.22,0.221,0.222,0.223,10519,205105.6,159982,13872.7,184210.1,29819,52385.6,498.8,652.5,4080.4,12272,198512.8,124487.4,95555.9,180633,42153.2,49276.9,14126.1,4147.9,700.4
28,0.212,0.211,0.21,0.209,0.208,0.207,0.206,0.205,0.204,0.203,0.213,0.214,0.215,0.216,0.217,0.218,0.219,0.22,0.221,0.222,10918,296426.3,53851,88859,137379.8,55570.8,240.1,953.1,1109.3,652.5,2894.6,182880.2,117021.5,51126.6,153388.1,66657,40817.9,49089.8,14126.1,3883.2
29,0.212,0.211,0.21,0.209,0.208,0.207,0.206,0.205,0.204,0.203,0.213,0.214,0.215,0.216,0.217,0.218,0.219,0.22,0.221,0.222,13310.1,296286.2,53805.5,89334.4,135899.6,55090.8,240.1,1147,914.5,652.5,4325.4,182880.2,122319.4,51126.6,153388.1,66657,40817.9,49089.8,14126.1,3883.2
30,0.212,0.211,0.21,0.209,0.208,0.207,0.206,0.205,0.204,0.203,0.213,0.214,0.215,0.216,0.217,0.218,0.219,0.22,0.221,0.222,10660.8,288169,53805.5,88859,135899.6,55570.8,240.1,1147,914.5,652.5,16034.4,182083.1,117021.5,51126.6,153388.1,66657,40817.9,49089.8,14126.1,3883.2
31,0.212,0.211,0.21,0.209,0.208,0.207,0.206,0.205,0.204,0.203,0.213,0.214,0.215,0.216,0.217,0.218,0.219,0.22,0.221,0.222,10660.8,291797.6,53805.5,88859,135899.6,55570.8,240.1,953.1,1109.3,652.5,16211.1,192109.3,117021.5,51126.6,153388.1,66657,40817.9,49089.8,14126.1,3883.2
32,0.212,0.211,0.21,0.209,0.208,0.207,0.206,0.205,0.204,0.203,0.213,0.214,0.215,0.216,0.217,0.218,0.219,0.22,0.221,0.222,10660.8,286228.2,55905.5,88859,135899.6,55570.8,240.1,1147,914.5,652.5,16211.1,188348.3,116616.7,51126.6,153388.1,66657,40817.9,49089.8,14126.1,3883.2
33,0.212,0.211,0.21,0.209,0.208,0.207,0.206,0.205,0.204,0.203,0.213,0.214,0.215,0.216,0.217,0.218,0.219,0.22,0.221,0.222,7968.2,294772.4,59459.6,88859,135899.6,55595,240.1,1147,914.5,652.5,17715.3,188160.2,120524.9,63270.5,140689.1,78602.9,40817.9,37143.9,14126.1,3883.2
34,0.212,0.211,0.21,0.209,0.208,0.207,0.206,0.205,0.204,0.203,0.213,0.214,0.215,0.216,0.217,0.218,0.219,0.22,0.221,0.222,1527.7,293053.8,57625.9,90700.5,135899.6,55595,240.1,1147,914.5,652.5,17909.4,188025.9,120524.9,63270.5,140689.1,78602.9,54243.6,37143.9,3764.7,818.9
35,0.212,0.211,0.21,0.209,0.208,0.207,0.206,0.205,0.204,0.203,0.213,0.214,0.215,0.216,0.217,0.218,0.219,0.22,0.221,0.222,711.7,290068.5,56690.5,91558.3,135899.6,55595,240.1,1147,914.5,652.5,18399.5,184566.9,120524.9,63270.5,140689.1,77253.1,54243.6,37143.9,3764.7,818.9
36,0.212,0.211,0.21,0.209,0.208,0.207,0.206,0.205,0.204,0.203,0.213,0.214,0.215,0.216,0.217,0.218,0.219,0.22,0.221,0.222,711.7,288893.5,56690.5,91558.3,135899.6,54610.8,1204.9,1147,914.5,652.5,18399.5,179542.5,120524.9,63270.5,140689.1,77253.1,54243.6,37143.9,3764.7,818.9
37,0.211,0.21,0.209,0.208,0.207,0.206,0.205,0.204,0.203,0.202,0.212,0.213,0.214,0.215,0.216,0.217,0.218,0.219,0.22,0.221,69802.7,291105.9,96922.3,33070.6,162170.4,2878.8,870.8,914.5,652.5,6212.9,2506.9,191552.9,130552.8,46372.8,125618.9,34681.5,77253.1,62543.1,28844.4,3764.7
38,0.212,0.211,0.21,0.209,0.208,0.207,0.206,0.205,0.204,0.203,0.213,0.214,0.215,0.216,0.217,0.218,0.219,0.22,0.221,0.222,1430.7,256615.4,139091.6,87730.9,136971.6,55298.5,240.1,1147,914.5,652.5,22647.7,261291,13431.3,58523.8,140564.1,78600.4,62543.1,28844.4,3764.7,818.9
39,0.212,0.211,0.21,0.209,0.208,0.207,0.206,0.205,0.204,0.203,0.213,0.214,0.215,0.216,0.217,0.218,0.219,0.22,0.221,0.222,12769.2,261583.5,134549.3,85829.2,136971.6,55298.5,240.1,1147,914.5,652.5,17583.1,263690.3,13326.2,58627.5,140564.1,78144.6,62996.8,28844.4,3764.7,818.9
40,0.212,0.211,0.21,0.209,0.208,0.207,0.206,0.205,0.204,0.203,0.213,0.214,0.215,0.216,0.217,0.218,0.219,0.22,0.221,0.222,12375.9,260223.6,136649.3,85829.2,136971.6,55298.5,240.1,676.9,1386.8,652.5,16608.8,264790.9,12556.4,51283.4,148255.9,78144.6,62996.8,28844.4,3764.7,818.9
41,0.212,0.211,0.21,0.209,0.208,0.207,0.206,0.205,0.204,0.203,0.213,0.214,0.215,0.216,0.217,0.218,0.219,0.22,0.221,0.222,2863.3,251544.6,141614.6,85933,136971.6,55298.5,240.1,676.9,1386.8,652.5,16318.9,261453.2,13007.8,58523.8,140564.1,78600.4,62543.1,28844.4,3764.7,818.9
42,0.211,0.21,0.209,0.208,0.207,0.206,0.205,0.204,0.203,0.202,0.212,0.213,0.214,0.215,0.216,0.217,0.218,0.219,0.22,0.221,70562,282572.5,110221.3,33420.2,162747.8,2397.4,676.9,1386.8,652.5,6212.9,14760.9,203146.4,117465.5,43340.9,122358.9,34681.5,77253.1,62543.1,28844.4,3764.7
43,0.211,0.21,0.209,0.208,0.207,0.206,0.205,0.204,0.203,0.202,0.212,0.213,0.214,0.215,0.216,0.217,0.218,0.219,0.22,0.221,29515.3,294885.1,125652.9,34657.1,162649.7,2397.4,676.9,1386.8,652.5,6212.9,14764.8,210186.3,117465.5,43340.9,122358.9,34681.5,85776.3,69869.6,12994.7,3764.7
44,0.211,0.21,0.209,0.208,0.207,0.206,0.205,0.204,0.203,0.202,0.212,0.213,0.214,0.215,0.216,0.217,0.218,0.219,0.22,0.221,16890.8,298741.2,127752.9,34657.1,163129.7,1915,676.9,1386.8,652.5,6212.9,14447.5,205528.9,117571.6,43237,122358.9,34681.5,85776.3,69869.6,12994.7,3764.7
45,0.211,0.21,0.209,0.208,0.207,0.206,0.205,0.204,0.203,0.202,0.212,0.213,0.214,0.215,0.216,0.217,0.218,0.219,0.22,0.221,16890.8,295107.9,127275.7,34555,162649.7,2397.4,676.9,1386.8,652.5,6212.9,14869.7,205291.8,117571.6,43237,122358.9,35139.4,85320.5,69869.6,12994.7,3764.7
46,0.211,0.21,0.209,0.208,0.207,0.206,0.205,0.204,0.203,0.202,0.212,0.213,0.214,0.215,0.216,0.217,0.218,0.219,0.22,0.221,13463.2,300661.7,125175.7,34555,162649.7,2397.4,676.9,1386.8,652.5,6212.9,14869.7,205195,117465.5,43342.4,122358.9,56665.2,63794.7,69869.6,12994.7,3764.7
47,0.211,0.21,0.209,0.208,0.207,0.206,0.205,0.204,0.203,0.202,0.212,0.213,0.214,0.215,0.216,0.217,0.218,0.219,0.22,0.221,13104.1,302226.8,128636.6,34555,162649.7,2397.4,676.9,1386.8,652.5,6212.9,14379.6,204726.9,121359,55590,109659.9,56665.2,63794.7,69869.6,12994.7,3764.7
48,0.212,0.211,0.21,0.209,0.208,0.207,0.206,0.205,0.204,0.203,0.213,0.214,0.215,0.216,0.217,0.218,0.219,0.22,0.221,0.222,2106.5,199243.7,138835.4,119388.1,136803.5,54818.5,722.5,1271.8,1386.8,652.5,19932.7,254801.1,14538.5,56480.2,162089.9,65847.2,69869.6,12994.7,3764.7,8150.6
49,0.212,0.211,0.21,0.209,0.208,0.207,0.206,0.205,0.204,0.203,0.213,0.214,0.215,0.216,0.217,0.218,0.219,0.22,0.221,0.222,16595.3,216585.3,135371.5,101605.8,136803.5,55298.5,240.1,676.9,1192,848.3,12656.7,251925.5,10570.3,61592.1,162089.9,65391.4,70323.3,12994.7,3764.7,8150.6
50,0.212,0.211,0.21,0.209,0.208,0.207,0.206,0.205,0.204,0.203,0.213,0.214,0.215,0.216,0.217,0.218,0.219,0.22,0.221,0.222,16494.8,212960.9,137601.8,101605.8,136803.5,53321.4,722.5,676.9,1386.8,652.5,17717.6,251925.5,10674,61487.4,162089.9,65391.4,70323.3,12994.7,3764.7,8150.6
51,0.212,0.211,0.21,0.209,0.208,0.207,0.206,0.205,0.204,0.203,0.213,0.214,0.215,0.216,0.217,0.218,0.219,0.22,0.221,0.222,16494.8,204448.1,137601.8,101605.8,136803.5,55081.8,240.1,676.9,1386.8,652.5,25442.1,249508.9,15681.2,56480.2,162089.9,65391.4,70323.3,12994.7,3764.7,8150.6
52,0.212,0.211,0.21,0.209,0.208,0.207,0.206,0.205,0.204,0.203,0.213,0.214,0.215,0.216,0.217,0.218,0.219,0.22,0.221,0.222,16494.8,210649.8,136956.3,101605.8,136803.5,55081.8,240.1,676.9,1109.3,652.5,12182.8,261776.4,15577.5,56585.8,162089.9,65391.4,70323.3,12994.7,3764.7,8150.6
53,0.212,0.211,0.21,0.209,0.208,0.207,0.206,0.205,0.204,0.203,0.213,0.214,0.215,0.216,0.217,0.218,0.219,0.22,0.221,0.222,20043.5,211527.1,137532.6,101605.8,136803.5,55081.8,240.1,676.9,1386.8,652.5,10462.1,256212.3,17677.5,56585.8,162089.9,65391.4,70323.3,12994.7,3764.7,8150.6
54,0.212,0.211,0.21,0.209,0.208,0.207,0.206,0.205,0.204,0.203,0.213,0.214,0.215,0.216,0.217,0.218,0.219,0.22,0.221,0.222,26739.2,214681,136989.2,101497.3,136803.5,55081.8,240.1,676.9,1386.8,652.5,22352.2,258272.3,15577.5,56585.9,162089.9,65391.4,70323.3,12994.7,3764.7,8150.6
55,0.211,0.21,0.209,0.208,0.207,0.206,0.205,0.204,0.203,0.202,0.212,0.213,0.214,0.215,0.216,0.217,0.218,0.219,0.22,0.221,43163.7,318543.9,105828.5,33058.9,162994.7,1688.5,676.9,1386.8,652.5,6212.9,3882.3,205165,121558.1,45009.9,117852.1,54788.5,64250.5,69869.6,12994.7,3764.7
56,0.211,0.21,0.209,0.208,0.207,0.206,0.205,0.204,0.203,0.202,0.212,0.213,0.214,0.215,0.216,0.217,0.218,0.219,0.22,0.221,44897.2,322807.1,112029.4,30837.7,162769.2,1619.3,953.1,1109.3,652.5,6212.9,3216.5,203757.6,122009.5,51186.9,109993.5,54788.5,64250.5,69869.6,12994.7,3764.7
57,0.211,0.21,0.209,0.208,0.207,0.206,0.205,0.204,0.203,0.202,0.212,0.213,0.214,0.215,0.216,0.217,0.218,0.219,0.22,0.221,22815.2,320764.5,109147.9,30837.7,162769.2,1619.3,676.9,1386.8,652.5,6212.9,3640.8,209974.5,118417.8,43948.5,117685.3,54788.5,64250.5,69869.6,12994.7,3764.7
58,0.211,0.21,0.209,0.208,0.207,0.206,0.205,0.204,0.203,0.202,0.212,0.213,0.214,0.215,0.216,0.217,0.218,0.219,0.22,0.221,22815.2,321813.2,107510.6,30837.7,162769.2,1619.3,676.9,1386.8,652.5,6212.9,3804.7,211034.9,118521.6,43842.6,117685.3,54788.5,80100.2,54019.9,12994.7,3764.7
59,0.211,0.21,0.209,0.208,0.207,0.206,0.205,0.204,0.203,0.202,0.212,0.213,0.214,0.215,0.216,0.217,0.218,0.219,0.22,0.221,11881.8,305350.1,126198.4,33378.8,162916.1,1619.3,676.9,1192,848.3,6212.9,3804.7,202280.3,118521.6,43842.6,117685.3,55246.4,79644.4,54019.9,12994.7,3764.7
60,0.211,0.21,0.209,0.208,0.207,0.206,0.205,0.204,0.203,0.202,0.212,0.213,0.214,0.215,0.216,0.217,0.218,0.219,0.22,0.221,27044.9,214535.1,204820.8,39468.3,162916.1,1619.3,652.5,1411.4,652.5,6188.1,13069.4,185884.7,116023.4,19521.6,109845.5,54952.8,79644.4,54019.9,12994.7,3764.7
61,0.211,0.21,0.209,0.208,0.207,0.206,0.205,0.204,0.203,0.202,0.212,0.213,0.214,0.215,0.216,0.217,0.218,0.219,0.22,0.221,26677.6,214104.2,204820.8,39577.2,162436.1,2101.7,652.5,1411.4,652.5,6188.1,16118.4,185843.7,115806.6,51038.8,109845.5,56316.3,79644.4,54019.9,12994.7,3764.7
62,0.211,0.21,0.209,0.208,0.207,0.206,0.205,0.204,0.203,0.202,0.212,0.213,0.214,0.215,0.216,0.217,0.218,0.219,0.22,0.221,26107.2,214126,204820.8,39493.3,161329.2,3066.5,652.5,1216.6,652.5,6188.1,11178.9,181076.7,115806.6,51038.8,109845.5,55858.4,80100.2,54019.9,12994.7,3764.7
63,0.211,0.21,0.209,0.208,0.207,0.206,0.205,0.204,0.203,0.202,0.212,0.213,0.214,0.215,0.216,0.217,0.218,0.219,0.22,0.221,25455.8,213995,206662.7,39493.3,161809.2,2584.1,652.5,1411.4,652.5,6188.1,11206.3,181049.3,115806.6,51038.8,109845.5,55858.4,80100.2,54019.9,12994.7,3764.7
64,0.211,0.21,0.209,0.208,0.207,0.206,0.205,0.204,0.203,0.202,0.212,0.213,0.214,0.215,0.216,0.217,0.218,0.219,0.22,0.221,25683.3,213929.4,206662.7,39384.4,161809.2,2584.1,652.5,1411.4,652.5,6188.1,11777.9,180854.2,115806.6,51038.8,109845.5,78709.5,84469.2,26799.8,16059,700.4
65,0.21,0.209,0.208,0.207,0.206,0.205,0.204,0.203,0.202,0.201,0.211,0.212,0.213,0.214,0.215,0.216,0.217,0.218,0.219,0.22,24607.4,355488.8,54607,80709.3,103336.9,764.3,1149.4,652.5,3462.1,3669.4,7589.1,184470.4,118122.7,28925.2,121914,2028.5,77346,93331.6,16875,15794.4
66,0.21,0.209,0.208,0.207,0.206,0.205,0.204,0.203,0.202,0.201,0.211,0.212,0.213,0.214,0.215,0.216,0.217,0.218,0.219,0.22,23667,257029.6,186693.3,59186.5,98624.6,2591.6,847.3,677.2,3462.1,3669.4,23850.6,199191.4,121275.9,49433.5,111927,2028.5,77346,93331.6,16875,15794.4
67,0.21,0.209,0.208,0.207,0.206,0.205,0.204,0.203,0.202,0.201,0.211,0.212,0.213,0.214,0.215,0.216,0.217,0.218,0.219,0.22,20542.8,266269.3,181321.8,56499.9,95331.1,1040.5,847.3,677.2,3462.1,694.5,19707,193201.3,118464.8,46737.9,109215,2028.5,77346,93331.6,16875,15794.4
68,0.211,0.21,0.209,0.208,0.207,0.206,0.205,0.204,0.203,0.202,0.212,0.213,0.214,0.215,0.216,0.217,0.218,0.219,0.22,0.221,1171,209843.4,185665.1,52797.3,160539.3,722.5,764.3,1124.8,677.2,3462.1,35267.4,259131.7,3512.3,37093.5,115643.3,77803.9,101631.1,8575.5,15794.4,700.4
69,0.21,0.209,0.208,0.207,0.206,0.205,0.204,0.203,0.202,0.201,0.211,0.212,0.213,0.214,0.215,0.216,0.217,0.218,0.219,0.22,13246.4,350530.7,74001.3,78080.2,105651.7,2467.2,847.3,677.2,3462.1,3669.4,19174,225069.5,116384.5,36627.7,124725.7,21730.1,77346,89685.2,819.8,15794.4
70,0.21,0.209,0.208,0.207,0.206,0.205,0.204,0.203,0.202,0.201,0.211,0.212,0.213,0.214,0.215,0.216,0.217,0.218,0.219,0.22,34716.7,352797.6,76074.8,87794.7,106134.1,2661.1,652.5,677.2,3462.1,3669.4,3890.8,214380.7,122160.5,49823.8,112026.7,21730.1,77346,89685.2,819.8,15794.4
71,0.21,0.209,0.208,0.207,0.206,0.205,0.204,0.203,0.202,0.201,0.211,0.212,0.213,0.214,0.215,0.216,0.217,0.218,0.219,0.22,17125,348634.9,80092.1,92414.5,105651.7,2661.1,652.5,677.2,3462.1,3669.4,16773.1,223141,120060.5,49627.7,112026.7,21730.1,77346,89685.2,819.8,15794.4
72,0.21,0.209,0.208,0.207,0.206,0.205,0.204,0.203,0.202,0.201,0.211,0.212,0.213,0.214,0.215,0.216,0.217,0.218,0.219,0.22,29286.6,338561.9,78820.1,91934.5,106134.1,2661.1,652.5,677.2,3462.1,3669.4,2018.7,97932.6,228090.8,17917.6,5138.2,128618.6,93195.7,73835.5,819.8,15794.4
73,0.21,0.209,0.208,0.207,0.206,0.205,0.204,0.203,0.202,0.201,0.211,0.212,0.213,0.214,0.215,0.216,0.217,0.218,0.219,0.22,12803.5,348162.4,79964.7,92894.5,106134.1,2661.1,652.5,677.2,3462.1,3669.4,16418.9,217592.2,120060.5,49627.7,112026.7,21730.1,101718.9,65312.3,819.8,15794.4
74,0.21,0.209,0.208,0.207,0.206,0.205,0.204,0.203,0.202,0.201,0.211,0.212,0.213,0.214,0.215,0.216,0.217,0.218,0.219,0.22,19660.8,363383.3,74313.7,75301.4,104020.9,1040.5,847.3,677.2,3462.1,3694.2,2180.7,211891.7,118850.6,31273.5,124557.2,22621.2,101718.9,65768.1,819.8,15794.4
75,0.21,0.209,0.208,0.207,0.206,0.205,0.204,0.203,0.202,0.201,0.211,0.212,0.213,0.214,0.215,0.216,0.217,0.218,0.219,0.22,30165.2,352488.8,73963.2,80574.6,98120.9,2483.6,847.3,677.2,3462.1,3694.2,2086.9,79381.9,154114,8607.7,17837.2,58250.7,102176.8,65312.3,819.8,15794.4
76,0.21,0.209,0.208,0.207,0.206,0.205,0.204,0.203,0.202,0.201,0.211,0.212,0.213,0.214,0.215,0.216,0.217,0.218,0.219,0.22,16762.6,360263.2,75837.2,73822.5,101387,764.3,1124.8,677.2,3462.1,3694.2,1489.8,76125.3,188536.2,8607.7,17837.2,93880.2,102176.8,65312.3,819.8,15794.4
77,0.211,0.21,0.209,0.208,0.207,0.206,0.205,0.204,0.203,0.202,0.212,0.213,0.214,0.215,0.216,0.217,0.218,0.219,0.22,0.221,6996.3,214721.1,207094.8,57245.6,162392.9,1637.5,1040.5,847.3,677.2,3462.1,40363.4,265843.5,8607.7,53289.3,118767.6,102991.8,65768.1,819.8,15794.4,8032.1
78,0.211,0.21,0.209,0.208,0.207,0.206,0.205,0.204,0.203,0.202,0.212,0.213,0.214,0.215,0.216,0.217,0.218,0.219,0.22,0.221,17124.5,218170.7,213719.8,49093.6,162392.9,1637.5,1040.5,847.3,677.2,3462.1,32652.9,264581.7,8607.7,53289.3,118767.6,102991.8,65312.3,1273.5,15794.4,8032.1
79,0.211,0.21,0.209,0.208,0.207,0.206,0.205,0.204,0.203,0.202,0.212,0.213,0.214,0.215,0.216,0.217,0.218,0.219,0.22,0.221,13803.6,223310.6,200913,44499.4,160541.2,3442.3,1234.4,652.5,677.2,6446.9,29165.5,261062,6920.9,50584,117416.5,101718.9,65050.8,1273.5,16055,8032.1
80,0.211,0.21,0.209,0.208,0.207,0.206,0.205,0.204,0.203,0.202,0.212,0.213,0.214,0.215,0.216,0.217,0.218,0.219,0.22,0.221,3945.2,222355.4,207969.8,44977.1,160061.2,3442.3,1234.4,652.5,677.2,6446.9,32160,261147,7024.3,50477.6,117416.5,101718.9,65050.8,1273.5,16055,8032.1
81,0.211,0.21,0.209,0.208,0.207,0.206,0.205,0.204,0.203,0.202,0.212,0.213,0.214,0.215,0.216,0.217,0.218,0.219,0.22,0.221,5670.5,229317.1,207859.7,47301.3,163343.1,4770.3,764.3,1124.8,677.2,6446.9,34342.7,265310.4,7227.2,46039.1,127910.2,101718.9,65050.8,1273.5,16055,8032.1
82,0.211,0.21,0.209,0.208,0.207,0.206,0.205,0.204,0.203,0.202,0.212,0.213,0.214,0.215,0.216,0.217,0.218,0.219,0.22,0.221,3673.2,229161.8,207859.7,47301.3,163343.1,4770.3,1040.5,847.3,677.2,6446.9,34272,265155.1,7227.2,46039.1,127910.2,101718.9,65050.8,1273.5,16055,8032.1
83,0.211,0.21,0.209,0.208,0.207,0.206,0.205,0.204,0.203,0.202,0.212,0.213,0.214,0.215,0.216,0.217,0.218,0.219,0.22,0.221,15559.7,228390.7,205307.4,47779,162863.1,4770.3,1040.5,847.3,677.2,6446.9,29838.1,264060.9,7123.8,46144,127910.2,101718.9,65050.8,1273.5,16055,8032.1
84,0.211,0.21,0.209,0.208,0.207,0.206,0.205,0.204,0.203,0.202,0.212,0.213,0.214,0.215,0.216,0.217,0.218,0.219,0.22,0.221,24834.2,228129.3,202326.5,47779,162863.1,4770.3,1234.4,652.5,677.2,6446.9,28679.7,263570.8,9737,53384.4,120218.4,101718.9,65050.8,1273.5,16055,8032.1
85,0.212,0.211,0.21,0.209,0.208,0.207,0.206,0.205,0.204,0.203,0.213,0.214,0.215,0.216,0.217,0.218,0.219,0.22,0.221,0.222,17131.3,194663.3,162059.9,79782.7,144707.9,54285.9,3466.6,1258.8,913.3,652.5,12794.5,173912.5,119076.3,88977.1,204657,66812.4,819.8,16055,8481.7,795.2
86,0.212,0.211,0.21,0.209,0.208,0.207,0.206,0.205,0.204,0.203,0.213,0.214,0.215,0.216,0.217,0.218,0.219,0.22,0.221,0.222,17131.3,191617.9,170187.2,80260.3,136022,54285.9,3466.6,1258.8,913.3,652.5,12794.5,170422.8,122406.3,88977.1,204657,66812.4,819.8,16055,8481.7,795.2
87,0.212,0.211,0.21,0.209,0.208,0.207,0.206,0.205,0.204,0.203,0.213,0.214,0.215,0.216,0.217,0.218,0.219,0.22,0.221,0.222,17131.3,192408.9,171006.8,77706.3,136499.7,53805.9,3466.6,1258.8,913.3,652.5,11163,122787.5,122731,75378.2,159099.3,66812.4,16794.5,16055,8032.1,1242.8
88,0.213,0.212,0.211,0.21,0.209,0.208,0.207,0.206,0.205,0.204,0.214,0.215,0.216,0.217,0.218,0.219,0.22,0.221,0.222,0.223,9773.4,195498.5,131865.3,53023.9,178103.3,39416.7,51927.6,3466.6,1064.9,1108.1,19739,254799.4,67922.6,133210.2,161957.6,16794.5,16055,8032.1,795.2,11426.9
89,0.212,0.211,0.21,0.209,0.208,0.207,0.206,0.205,0.204,0.203,0.213,0.214,0.215,0.216,0.217,0.218,0.219,0.22,0.221,0.222,32606.8,288017,68870.4,80911.3,143905,53783.2,3466.6,1258.8,913.3,3598.1,4634.8,139302.9,122858.6,58776.5,159099.3,66715.3,28740.4,16055,8032.1,795.2
90,0.212,0.211,0.21,0.209,0.208,0.207,0.206,0.205,0.204,0.203,0.213,0.214,0.215,0.216,0.217,0.218,0.219,0.22,0.221,0.222,19611.7,299447.1,69070.1,82356.6,144382.7,53783.2,3442.3,1258.8,913.3,3598.1,5124.9,180822.7,120708.4,73467.7,194228.2,66715.3,28740.4,16055,8481.7,795.2
91,0.212,0.211,0.21,0.209,0.208,0.207,0.206,0.205,0.204,0.203,0.213,0.214,0.215,0.216,0.217,0.218,0.219,0.22,0.221,0.222,19639.1,299478.9,71337.1,82356.6,144382.7,53783.2,3466.6,1258.8,913.3,3598.1,4634.8,178781.9,122808.4,73467.7,194228.2,66715.3,28740.4,16055,8481.7,795.2
92,0.212,0.211,0.21,0.209,0.208,0.207,0.206,0.205,0.204,0.203,0.213,0.214,0.215,0.216,0.217,0.218,0.219,0.22,0.221,0.222,27298.6,290570.1,69049,82356.6,144379.7,53303.2,3466.6,1258.8,913.3,3598.1,4691.9,169873.1,130363.1,73573.3,185705,66715.3,37263.6,16055,1150,795.2
93,0.212,0.211,0.21,0.209,0.208,0.207,0.206,0.205,0.204,0.203,0.213,0.214,0.215,0.216,0.217,0.218,0.219,0.22,0.221,0.222,14602,289322.4,71044.3,81458.3,135698.8,53783.2,3466.6,1258.8,913.3,652.5,6833.2,174085.6,115700.8,78474.9,162853.9,66715.3,60114.7,12990.7,4214.3,795.2
94,0.212,0.211,0.21,0.209,0.208,0.207,0.206,0.205,0.204,0.203,0.213,0.214,0.215,0.216,0.217,0.218,0.219,0.22,0.221,0.222,17071,299672.6,70282.3,80980.7,136176.5,53303.2,3466.6,788.7,1385.7,652.5,6363.8,179339.7,115700.8,78474.9,162853.9,66715.3,60114.7,12990.7,4214.3,795.2
95,0.213,0.212,0.211,0.21,0.209,0.208,0.207,0.206,0.205,0.204,0.214,0.215,0.216,0.217,0.218,0.219,0.22,0.221,0.222,0.223,2649.7,210428.8,121230,52280.4,180814,30732.8,51927.6,3466.6,788.7,1385.7,25448.2,255126.6,34159.6,79709.6,158547.2,95934.3,12990.7,4214.3,795.2,12052.2
96,0.212,0.211,0.21,0.209,0.208,0.207,0.206,0.205,0.204,0.203,0.213,0.214,0.215,0.216,0.217,0.218,0.219,0.22,0.221,0.222,20078.9,298441.2,69615.8,79910.1,135720.3,53232.9,3442.3,788.7,1385.7,3598.1,2875,190671.7,119510.1,54666,141341.9,56440.8,95934.3,12990.7,4214.3,795.2
97,0.212,0.211,0.21,0.209,0.208,0.207,0.206,0.205,0.204,0.203,0.213,0.214,0.215,0.216,0.217,0.218,0.219,0.22,0.221,0.222,20032.6,298719.5,69615.8,82740,134287.2,53232.9,3442.3,1258.8,913.3,3598.1,2875,196627.4,121965.9,49658.8,141341.9,56440.8,95934.3,12990.7,4214.3,795.2
98,0.213,0.212,0.211,0.21,0.209,0.208,0.207,0.206,0.205,0.204,0.214,0.215,0.216,0.217,0.218,0.219,0.22,0.221,0.222,0.223,2077.2,209789,121230,53086,184069.9,28822,51927.6,3442.3,1064.9,1108.2,21222.5,250407.7,34734.8,84206.1,162323.4,95934.3,12990.7,4214.3,795.2,12052.2
99,0.213,0.212,0.211,0.21,0.209,0.208,0.207,0.206,0.205,0.204,0.214,0.215,0.216,0.217,0.218,0.219,0.22,0.221,0.222,0.223,2455.6,210296.3,121230,52741.8,184069.9,28822,51927.6,3442.3,1258.8,913.3,14255.4,249956.3,14731.5,96905.1,154023.9,103690,21290.2,3764.7,1242.8,8055.7
100,0.212,0.211,0.21,0.209,0.208,0.207,0.206,0.205,0.204,0.203,0.213,0.214,0.215,0.216,0.217,0.218,0.219,0.22,0.221,0.222,32132.6,280948.6,68914.7,82098.9,133808.9,51927.6,3442.3,1258.8,913.3,652.5,3155,216294.3,119404.2,45465.9,109224.7,48141.3,103690,21290.2,4214.3,795.2
101,0.212,0.211,0.21,0.209,0.208,0.207,0.206,0.205,0.204,0.203,0.213,0.214,0.215,0.216,0.217,0.218,0.219,0.22,0.221,0.222,32132.6,283576.3,69734.2,83489.1,133808.9,51927.6,3442.3,1258.8,913.3,652.5,3155,211297.5,119404.2,45465.9,109224.7,48141.3,103690,21290.2,4214.3,795.2
102,0.212,0.211,0.21,0.209,0.208,0.207,0.206,0.205,0.204,0.203,0.213,0.214,0.215,0.216,0.217,0.218,0.219,0.22,0.221,0.222,31960.9,278146.8,69108.7,84358.2,109948.8,53248.2,3717.2,982.6,913.3,3598.1,4769.4,228883.6,124411.4,42836.5,109224.7,48141.3,103690,21290.2,4214.3,795.2
103,0.212,0.211,0.21,0.209,0.208,0.207,0.206,0.205,0.204,0.203,0.213,0.214,0.215,0.216,0.217,0.218,0.219,0.22,0.221,0.222,31960.9,279500.3,71546.6,84071.7,109948.8,53248.2,3442.3,1258.8,913.3,3598.1,4769.4,223091.7,124411.4,42836.5,109224.7,48141.3,103690,21290.2,4214.3,795.2
104,0.212,0.211,0.21,0.209,0.208,0.207,0.206,0.205,0.204,0.203,0.213,0.214,0.215,0.216,0.217,0.218,0.219,0.22,0.221,0.222,16538.3,292525.8,71133.1,84071.7,109948.8,53248.2,3442.3,1258.8,913.3,3598.1,5057,219714.3,122417.8,42730.9,109224.7,48141.3,103690,21290.2,4214.3,795.2
105,0.212,0.211,0.21,0.209,0.208,0.207,0.206,0.205,0.204,0.203,0.213,0.214,0.215,0.216,0.217,0.218,0.219,0.22,0.221,0.222,16378.5,294508.5,69132.2,83596.3,110426.5,53202,3717.2,982.6,913.3,3598.1,4934.6,221760.7,124411.4,42834.5,109224.7,48141.3,103690,21290.2,4214.3,795.2
106,0.213,0.212,0.211,0.21,0.209,0.208,0.207,0.206,0.205,0.204,0.214,0.215,0.216,0.217,0.218,0.219,0.22,0.221,0.222,0.223,2741,178601.4,131740.7,52990.7,180814.8,9591.3,51881.4,3442.3,1258.8,913.3,43482.5,254678.4,8536.4,58833.2,153528,105034.9,21290.2,4214.3,795.2,8055.7
107,0.213,0.212,0.211,0.21,0.209,0.208,0.207,0.206,0.205,0.204,0.214,0.215,0.216,0.217,0.218,0.219,0.22,0.221,0.222,0.223,15722.9,195739.5,135297.8,36941.4,181290.2,9113.6,51881.4,3442.3,1258.8,913.3,38956.5,261316.6,9766.4,58833.2,153528,105034.9,21290.2,3764.7,1242.8,724
108,0.213,0.212,0.211,0.21,0.209,0.208,0.207,0.206,0.205,0.204,0.214,0.215,0.216,0.217,0.218,0.219,0.22,0.221,0.222,0.223,15605.1,198366.6,132976.4,36063,181290.2,9113.6,51881.4,3717.2,982.6,913.3,38764.5,254869.3,11762.8,58938.2,153528,73660.6,52664.5,700.4,4307.1,724
109,0.213,0.212,0.211,0.21,0.209,0.208,0.207,0.206,0.205,0.204,0.214,0.215,0.216,0.217,0.218,0.219,0.22,0.221,0.222,0.223,15605.1,198145,132976.4,36063,181290.2,9113.6,51881.4,3442.3,982.6,913.3,38770.4,255377.2,20528.9,46097.4,153528,73660.6,52403.9,700.4,4571.2,724
110,0.213,0.212,0.211,0.21,0.209,0.208,0.207,0.206,0.205,0.204,0.214,0.215,0.216,0.217,0.218,0.219,0.22,0.221,0.222,0.223,15605.1,196899.9,132976.4,36063,181290.2,9113.6,51881.4,3442.3,1258.8,913.3,38724.2,253817.4,10481.1,58796.4,153528,60234.9,65829.6,700.4,4571.2,724
111,0.214,0.213,0.212,0.211,0.21,0.209,0.208,0.207,0.206,0.205,0.215,0.216,0.217,0.218,0.219,0.22,0.221,0.222,0.223,0.224,6787.2,207425.7,119622,28874.5,126489.3,76224.2,7695.9,51905.6,3701.1,1234.4,17879,246781.1,29943.6,94311,165415.9,65829.6,700.4,4123.6,1169.6,6961.2
112,0.214,0.213,0.212,0.211,0.21,0.209,0.208,0.207,0.206,0.205,0.215,0.216,0.217,0.218,0.219,0.22,0.221,0.222,0.223,0.224,18732,188892.7,122994.7,28761.6,126880.8,75748.8,7695.9,51905.6,3701.1,1234.4,22432.6,243093.3,17376.1,48283.1,165415.9,65829.6,700.4,4123.6,724,7404.8
113,0.214,0.213,0.212,0.211,0.21,0.209,0.208,0.207,0.206,0.205,0.215,0.216,0.217,0.218,0.219,0.22,0.221,0.222,0.223,0.224,26226.1,188935.1,140494.6,12861.4,127827.2,74798,7695.9,51905.6,3975.9,958.2,9753.5,243135.7,17376.1,48283.1,165415.9,65829.6,700.4,4123.6,724,7404.8
114,0.214,0.213,0.212,0.211,0.21,0.209,0.208,0.207,0.206,0.205,0.215,0.216,0.217,0.218,0.219,0.22,0.221,0.222,0.223,0.224,38187.4,181789.9,146551.4,11978.6,120413.3,74322.6,7695.9,51905.6,4168.9,764.3,6909,248590.7,17376.1,48141.3,165415.9,57530.1,8999.9,4123.6,724,7404.8
115,0.215,0.214,0.213,0.212,0.211,0.21,0.209,0.208,0.207,0.206,0.216,0.217,0.218,0.219,0.22,0.221,0.222,0.223,0.224,0.225,2322,185384.8,157621.1,41656.1,113874.8,13415.3,72790.5,7695.9,51905.6,4168.9,23772.6,176647.5,181963.2,105746,162085.5,8999.9,4123.6,724,7404.8,27227.8
116,0.215,0.214,0.213,0.212,0.211,0.21,0.209,0.208,0.207,0.206,0.216,0.217,0.218,0.219,0.22,0.221,0.222,0.223,0.224,0.225,1669.5,56632.7,55342.3,42291.1,11890.8,13415.3,72790.5,10095.5,51905.6,4168.9,18642.6,176647.5,177206.1,105746,162085.5,8999.9,4123.6,724,7404.8,27227.8
117,0.214,0.213,0.212,0.211,0.21,0.209,0.208,0.207,0.206,0.205,0.215,0.216,0.217,0.218,0.219,0.22,0.221,0.222,0.223,0.224,16677.6,216751.6,150615.4,11865.2,119628.6,74099.9,10095.5,51905.6,4168.9,3681.1,3568.8,171535.9,138765.6,97493.7,165415.9,59211.4,8999.9,4123.6,724,7404.8
118,0.214,0.213,0.212,0.211,0.21,0.209,0.208,0.207,0.206,0.205,0.215,0.216,0.217,0.218,0.219,0.22,0.221,0.222,0.223,0.224,14574.7,215257.1,151073.2,12442.8,119393,74575.3,10095.5,51905.6,4168.9,3681.1,8317.2,178339.7,123860.8,110087,165415.9,59211.4,8999.9,4123.6,724,7404.8
119,0.214,0.213,0.212,0.211,0.21,0.209,0.208,0.207,0.206,0.205,0.215,0.216,0.217,0.218,0.219,0.22,0.221,0.222,0.223,0.224,14865.9,216298.5,153304,12634.4,119205,75050.7,10095.5,51905.6,4168.9,3681.1,4375.3,172773.1,123860.8,110087,149566.2,59211.4,24849.6,4123.6,724,1144
120,0.214,0.213,0.212,0.211,0.21,0.209,0.208,0.207,0.206,0.205,0.215,0.216,0.217,0.218,0.219,0.22,0.221,0.222,0.223,0.224,16718.1,201337.2,151163.1,13146.2,118731.8,75050.7,10095.5,51905.6,4168.9,764.3,4324.7,167034.6,123860.8,110087,149566.2,59211.4,24849.6,4123.6,724,1144
121,0.214,0.213,0.212,0.211,0.21,0.209,0.208,0.207,0.206,0.205,0.215,0.216,0.217,0.218,0.219,0.22,0.221,0.222,0.223,0.224,16718.1,207934.4,151266.6,13041.7,119678.2,74099.9,7695.9,52371.1,3701.1,764.3,2779.8,166430,130347.7,105417.5,149566.2,59211.4,24849.6,4123.6,724,1144
122,0.214,0.213,0.212,0.211,0.21,0.209,0.208,0.207,0.206,0.205,0.215,0.216,0.217,0.218,0.219,0.22,0.221,0.222,0.223,0.224,16718.1,206615.9,151266.6,12568.6,119678.2,74099.9,7695.9,52371.1,3701.1,764.3,2790.9,165111.5,130347.7,100660.4,149566.2,50688.2,33372.8,4123.6,724,1144
123,0.214,0.213,0.212,0.211,0.21,0.209,0.208,0.207,0.206,0.205,0.215,0.216,0.217,0.218,0.219,0.22,0.221,0.222,0.223,0.224,13663.9,205677.8,151266.6,12566.7,118967.4,74575.3,7695.9,52371.1,3701.1,764.3,2825.5,171232.8,140600.6,87857.4,149566.2,27837.1,56223.9,4123.6,724,1144
124,0.214,0.213,0.212,0.211,0.21,0.209,0.208,0.207,0.206,0.205,0.215,0.216,0.217,0.218,0.219,0.22,0.221,0.222,0.223,0.224,13663.9,209308.9,151162.6,12199.4,118209,75050.7,7695.9,52371.1,3701.1,764.3,2902.4,168820.7,140600.6,87857.4,149566.2,27837.1,56223.9,1059.3,3788.3,1144
125,0.214,0.213,0.212,0.211,0.21,0.209,0.208,0.207,0.206,0.205,0.215,0.216,0.217,0.218,0.219,0.22,0.221,0.222,0.223,0.224,13663.9,209175.9,150350.8,12199.4,118209,75050.7,7695.9,52371.1,3701.1,764.3,2902.4,166520.9,140600.6,87857.4,128040.4,44993.9,60592.9,1059.3,4233.9,700.4
126,0.214,0.213,0.212,0.211,0.21,0.209,0.208,0.207,0.206,0.205,0.215,0.216,0.217,0.218,0.219,0.22,0.221,0.222,0.223,0.224,13586.2,200583.7,150455.2,12093.6,118209,75050.7,7695.9,52371.1,3701.1,764.3,2902.4,155827.3,142700.6,87857.4,128040.4,35937.2,69649.6,1059.3,4233.9,700.4
127,0.215,0.214,0.213,0.212,0.211,0.21,0.209,0.208,0.207,0.206,0.216,0.217,0.218,0.219,0.22,0.221,0.222,0.223,0.224,0.225,2826.9,181652.4,141022.3,42803.4,112853.4,11995.7,73741.3,7695.9,52179.1,3894.1,15404.2,172030.6,168224.5,65038.3,140345.6,69649.6,1059.3,3788.3,1144,19896.1
128,0.215,0.214,0.213,0.212,0.211,0.21,0.209,0.208,0.207,0.206,0.216,0.217,0.218,0.219,0.22,0.221,0.222,0.223,0.224,0.225,3275.8,179785.1,139581.7,42672.6,112853.4,11522.5,74216.7,7695.9,52179.1,3894.1,24940.8,170800.6,169596.3,65038.3,140345.6,70933.9,1059.3,3788.3,1144,19896.1
129,0.215,0.214,0.213,0.212,0.211,0.21,0.209,0.208,0.207,0.206,0.216,0.217,0.218,0.219,0.22,0.221,0.222,0.223,0.224,0.225,19518.1,190986.2,151755.1,24013.3,113711.2,9878.2,73741.3,7720,52154.9,3894.1,6881.2,187511.2,170019.1,53097.2,140345.6,62634.4,9094.7,3788.3,1405.9,19896.1
130,0.215,0.214,0.213,0.212,0.211,0.21,0.209,0.208,0.207,0.206,0.216,0.217,0.218,0.219,0.22,0.221,0.222,0.223,0.224,0.225,19243.5,190445.6,149655.1,24013.1,113711.2,9878.2,73741.3,7720,52347,3701.1,5550.4,191069.3,168791.6,42381.3,140345.6,74580.3,9094.7,3788.3,1405.9,19896.1
131,0.215,0.214,0.213,0.212,0.211,0.21,0.209,0.208,0.207,0.206,0.216,0.217,0.218,0.219,0.22,0.221,0.222,0.223,0.224,0.225,56495.6,227526.3,151308.9,21481.3,114444.7,8580.7,73849.8,7720,51881.4,7071.7,2561,198699.1,165042.3,58777.7,140202.2,75917.8,9094.7,3788.3,1405.9,19896.1
132,0.215,0.214,0.213,0.212,0.211,0.21,0.209,0.208,0.207,0.206,0.216,0.217,0.218,0.219,0.22,0.221,0.222,0.223,0.224,0.225,56446.7,264919.4,151309.7,21010.5,114444.7,9906.2,73849.8,7720,51881.4,7071.7,2458.3,194386.6,170496.5,51085.9,140202.2,74580.3,9094.7,3788.3,962.3,20337.7
133,0.216,0.215,0.214,0.213,0.212,0.211,0.21,0.209,0.208,0.207,0.217,0.218,0.219,0.22,0.221,0.222,0.223,0.224,0.225,0.226,2000.1,200941.4,220503.1,45470.4,123745.8,10036.3,8580.7,73849.8,7720,51881.4,15745.2,216808.1,137565.7,86064.2,162286,9094.7,19638,1405.9,19896.1,16120.6
134,0.215,0.214,0.213,0.212,0.211,0.21,0.209,0.208,0.207,0.206,0.216,0.217,0.218,0.219,0.22,0.221,0.222,0.223,0.224,0.225,69503.6,259032.2,138565.2,19372.3,114444.7,8580.7,73849.8,7720,52155,6796.8,1418.8,98864.6,136133,22797,105399.4,58730.6,9094.7,19638,962.3,20337.7
135,0.216,0.215,0.214,0.213,0.212,0.211,0.21,0.209,0.208,0.207,0.217,0.218,0.219,0.22,0.221,0.222,0.223,0.224,0.225,0.226,14914.2,219097.1,227997.9,11238.3,115718.8,9913.5,8107.5,74325.2,401.4,51881.4,12115.9,209722.9,125666.3,84740.7,163976.2,17718.5,19763,962.3,20337.7,9859.8
136,0.216,0.215,0.214,0.213,0.212,0.211,0.21,0.209,0.208,0.207,0.217,0.218,0.219,0.22,0.221,0.222,0.223,0.224,0.225,0.226,14914.2,268753.3,227997.9,11238.3,115248,9913.5,8580.7,73849.8,401.4,51881.4,8277.4,209271.5,125666.3,84740.7,163976.2,17718.5,19763,1405.9,19896.1,9859.8
137,0.216,0.215,0.214,0.213,0.212,0.211,0.21,0.209,0.208,0.207,0.217,0.218,0.219,0.22,0.221,0.222,0.223,0.224,0.225,0.226,14798.5,194259.2,153231.7,11706.9,115248,9913.5,8535.2,73849.8,401.4,51881.4,8440.9,214510.2,125666.3,84740.7,155453,17718.5,28286.2,962.3,20337.7,9859.8
138,0.216,0.215,0.214,0.213,0.212,0.211,0.21,0.209,0.208,0.207,0.217,0.218,0.219,0.22,0.221,0.222,0.223,0.224,0.225,0.226,19566.9,203350,151379,11600.9,113502,8184.5,8535.2,73873.8,377.3,51881.4,1968.8,222640.9,130069.9,74458.7,132601.9,17718.5,51137.3,962.3,20337.7,2528.1
139,0.216,0.215,0.214,0.213,0.212,0.211,0.21,0.209,0.208,0.207,0.217,0.218,0.219,0.22,0.221,0.222,0.223,0.224,0.225,0.226,55417.1,229920.9,144091.7,11749.4,114253.2,9002.9,9481.6,72923,377.3,55043.6,10490.1,220714.4,134557.8,74352.9,128232.9,17718.5,52442,962.3,23402,2528.1
140,0.216,0.215,0.214,0.213,0.212,0.211,0.21,0.209,0.208,0.207,0.217,0.218,0.219,0.22,0.221,0.222,0.223,0.224,0.225,0.226,19398.5,194314.6,141991.7,11749.4,114253.2,9002.9,8535.2,73873.8,377.3,55235.7,5390.3,220714.4,134557.8,74352.9,119176.2,17718.5,61498.7,962.3,23402,2528.1
141,0.216,0.215,0.214,0.213,0.212,0.211,0.21,0.209,0.208,0.207,0.217,0.218,0.219,0.22,0.221,0.222,0.223,0.224,0.225,0.226,54438.1,227947.2,141991.7,11749.4,114253.2,9002.9,9008.4,73398.4,377.3,54770,5898.4,197125.7,126866,60518.9,119176.2,39244.3,61498.7,962.3,23402,2528.1
142,0.216,0.215,0.214,0.213,0.212,0.211,0.21,0.209,0.208,0.207,0.217,0.218,0.219,0.22,0.221,0.222,0.223,0.224,0.225,0.226,56406,230649.8,142098,11645.8,115556.5,7713.6,9481.6,72923,377.3,54770,1737,200603.8,131071.5,60624.1,119176.2,39244.3,61498.7,962.3,23402,2528.1
143,0.216,0.215,0.214,0.213,0.212,0.211,0.21,0.209,0.208,0.207,0.217,0.218,0.219,0.22,0.221,0.222,0.223,0.224,0.225,0.226,54823.1,239587.5,141779.4,11645.8,110514.7,8184.5,9481.6,72923,377.3,54770,2523.3,188722.1,122260.7,56400.5,119176.2,39244.3,61498.7,962.3,23402,2528.1
144,0.215,0.214,0.213,0.212,0.211,0.21,0.209,0.208,0.207,0.206,0.216,0.217,0.218,0.219,0.22,0.221,0.222,0.223,0.224,0.225,54683.5,208903.7,133543,11856.6,112472.8,9481.6,72923,377.3,52347.1,6369.2,2552.4,184887.5,138036.4,34484.6,119825.9,13930.6,30944.8,70243.8,962.3,22960.4
145,0.216,0.215,0.214,0.213,0.212,0.211,0.21,0.209,0.208,0.207,0.217,0.218,0.219,0.22,0.221,0.222,0.223,0.224,0.225,0.226,9477.8,224298.2,146451.1,11490.2,115782.9,9753.5,8535.2,73873.8,377.3,52347.1,22517,194373.8,123710.3,49264.6,119270.2,30944.8,69798.2,1405.9,22960.4,2528.1
146,0.216,0.215,0.214,0.213,0.212,0.211,0.21,0.209,0.208,0.207,0.217,0.218,0.219,0.22,0.221,0.222,0.223,0.224,0.225,0.226,10140.2,223570.6,145463.5,11021.6,114843.4,10224.4,9008.4,73398.4,377.3,52347.1,16466,202518.9,123710.3,49264.6,119270.2,30944.8,69798.2,1405.9,22960.4,2528.1
147,0.215,0.214,0.213,0.212,0.211,0.21,0.209,0.208,0.207,0.206,0.216,0.217,0.218,0.219,0.22,0.221,0.222,0.223,0.224,0.225,55177.4,214436,133023.9,11491.4,108556.5,9008.4,73398.4,377.3,52347.1,6369.2,4861.3,190970.9,134580.6,48790.6,119906.4,13930.6,30921.1,70243.8,962.3,22960.4
148,0.215,0.214,0.213,0.212,0.211,0.21,0.209,0.208,0.207,0.206,0.216,0.217,0.218,0.219,0.22,0.221,0.222,0.223,0.224,0.225,14500.9,189004.4,158817.4,12449.9,108085.6,9008.4,73398.4,377.3,52347.1,6369.2,12843.6,196540,141782.1,36091.6,119906.4,13930.6,46770.8,54394.1,962.3,22960.4
149,0.215,0.214,0.213,0.212,0.211,0.21,0.209,0.208,0.207,0.206,0.216,0.217,0.218,0.219,0.22,0.221,0.222,0.223,0.224,0.225,14975.2,188182,158817.4,11981.2,108556.5,9008.4,73398.4,377.3,52347.1,3442.3,8247.2,191394.9,141782.1,36091.6,119906.4,13930.6,46770.8,54394.1,962.3,22960.4
150,0.215,0.214,0.213,0.212,0.211,0.21,0.209,0.208,0.207,0.206,0.216,0.217,0.218,0.219,0.22,0.221,0.222,0.223,0.224,0.225,25897.1,183393.9,158817.4,11981.2,108556.5,9008.4,73398.4,377.3,52347.1,3442.3,8219.8,191422.3,141782.1,36091.6,119906.4,13930.6,46770.8,54394.1,962.3,22960.4
151,0.215,0.214,0.213,0.212,0.211,0.21,0.209,0.208,0.207,0.206,0.216,0.217,0.218,0.219,0.22,0.221,0.222,0.223,0.224,0.225,14218.2,188304,158817.4,11981.2,108556.5,10377.1,73398.4,377.3,52347.1,3442.3,8332.6,196304.2,141782.1,36091.6,119906.4,13930.6,46770.8,54394.1,962.3,22960.4
152,0.215,0.214,0.213,0.212,0.211,0.21,0.209,0.208,0.207,0.206,0.216,0.217,0.218,0.219,0.22,0.221,0.222,0.223,0.224,0.225,8804.5,188277.3,158679.6,11981.2,108556.5,10377.1,73422.5,377.3,49448.6,3442.3,15664.3,191394.9,141782.1,36091.6,119906.4,13930.6,78145.1,23019.8,962.3,22960.4
153,0.215,0.214,0.213,0.212,0.211,0.21,0.209,0.208,0.207,0.206,0.216,0.217,0.218,0.219,0.22,0.221,0.222,0.223,0.224,0.225,12497.2,185494.7,156579.6,11981.2,108556.5,9430.7,74373.3,377.3,49448.6,3442.3,14560.3,188002.4,141782.1,36091.6,119906.4,13930.6,78145.1,23019.8,962.3,22960.4
154,0.216,0.215,0.214,0.213,0.212,0.211,0.21,0.209,0.208,0.207,0.217,0.218,0.219,0.22,0.221,0.222,0.223,0.224,0.225,0.226,2456,181329,121431.7,49016.3,114843.7,9486.8,8062,74373.3,377.3,49448.6,63597.6,197624.2,118704.9,50582.1,119421.7,78145.1,23019.8,962.3,22960.4,2528.1
155,0.216,0.215,0.214,0.213,0.212,0.211,0.21,0.209,0.208,0.207,0.217,0.218,0.219,0.22,0.221,0.222,0.223,0.224,0.225,0.226,2456,181030.3,120315.6,49016.3,114843.7,9486.8,8062,74373.3,377.3,49448.6,63597.6,197624.2,118704.9,50582.1,119421.7,78145.1,23019.8,962.3,22960.4,2528.1
156,0.216,0.215,0.214,0.213,0.212,0.211,0.21,0.209,0.208,0.207,0.217,0.218,0.219,0.22,0.221,0.222,0.223,0.224,0.225,0.226,2456,183468.7,117820,49016.3,114843.7,9486.8,9008.4,73422.5,377.3,48982.9,26171.2,193068.4,117992.9,58273.9,119421.7,78145.1,23019.8,962.3,22960.4,2528.1
157,0.216,0.215,0.214,0.213,0.212,0.211,0.21,0.209,0.208,0.207,0.217,0.218,0.219,0.22,0.221,0.222,0.223,0.224,0.225,0.226,6028.1,186949.5,117820,49016.3,114843.7,9486.8,9481.6,72923,377.3,49448.6,55433.8,202493.6,118704.9,50582.1,119421.7,78145.1,23019.8,962.3,22960.4,2528.1
158,0.216,0.215,0.214,0.213,0.212,0.211,0.21,0.209,0.208,0.207,0.217,0.218,0.219,0.22,0.221,0.222,0.223,0.224,0.225,0.226,5855.3,184566.4,115720,49016.3,114843.7,9486.8,9481.6,72923,377.3,48982.9,55415.5,197766,118563.1,50582.1,119421.7,79441.3,22574.2,1405.9,22960.4,2528.1
159,0.216,0.215,0.214,0.213,0.212,0.211,0.21,0.209,0.208,0.207,0.217,0.218,0.219,0.22,0.221,0.222,0.223,0.224,0.225,0.226,2082.7,184535.9,115720,49016.3,114843.7,9486.8,9481.6,72923,377.3,49448.6,55477.1,202688.2,118563.1,50582.1,119421.7,79441.3,23019.8,962.3,22960.4,2528.1
160,0.214,0.213,0.212,0.211,0.21,0.209,0.208,0.207,0.206,0.205,0.215,0.216,0.217,0.218,0.219,0.22,0.221,0.222,0.223,0.224,16250.1,219902.4,127500.7,11017.1,110214.3,75460,118,49472.7,3706.1,652.5,51458.4,187524.3,120610.3,66768.2,107345.7,13635.6,13095.9,78406,22574.2,700.4
161,0.214,0.213,0.212,0.211,0.21,0.209,0.208,0.207,0.206,0.205,0.215,0.216,0.217,0.218,0.219,0.22,0.221,0.222,0.223,0.224,10980.2,198055.5,148586.2,14063.2,109536.5,75935.4,118,49472.6,3706.1,652.5,58233.1,190372.6,122036.4,33671.7,107345.7,12586.7,13095.9,78406,22574.2,700.4
162,0.214,0.213,0.212,0.211,0.21,0.209,0.208,0.207,0.206,0.205,0.215,0.216,0.217,0.218,0.219,0.22,0.221,0.222,0.223,0.224,2001.5,201245.2,146116.7,25525.9,116952,75935.4,118,49496.8,3706.1,652.5,62288.6,267107.1,30708.7,50556,107799.4,12586.7,12646.3,78406,22574.2,700.4
163,0.214,0.213,0.212,0.211,0.21,0.209,0.208,0.207,0.206,0.205,0.215,0.216,0.217,0.218,0.219,0.22,0.221,0.222,0.223,0.224,789.8,197159.8,146116.7,25525.9,116952,75460,595.7,49496.8,3706.1,652.5,54981.8,272013,25621.9,50556,107487.5,12586.7,28945.6,62556.3,22574.2,700.4
164,0.213,0.212,0.211,0.21,0.209,0.208,0.207,0.206,0.205,0.204,0.214,0.215,0.216,0.217,0.218,0.219,0.22,0.221,0.222,0.223,39810.4,282381.2,29195.7,40330.4,172228.6,1073.4,49496.8,3706.1,652.5,3608.2,2021.7,188910,135781.2,51316.8,118560.2,10347.9,12586.7,28945.6,54800.6,22574.2
165,0.213,0.212,0.211,0.21,0.209,0.208,0.207,0.206,0.205,0.204,0.214,0.215,0.216,0.217,0.218,0.219,0.22,0.221,0.222,0.223,53854.1,171381.5,53303.8,12294.3,111741.7,1073.4,49496.8,3706.1,652.5,677.1,792.7,17323.9,264779.4,24728,56350.5,125925,13038.4,16550.1,53932.5,22574.2
166,0.213,0.212,0.211,0.21,0.209,0.208,0.207,0.206,0.205,0.204,0.214,0.215,0.216,0.217,0.218,0.219,0.22,0.221,0.222,0.223,56683.6,266054.6,53536.2,33209.7,168503.6,1059,49031.3,3706.1,652.5,677.1,1483.4,67062.7,254615.4,24025.7,18761.9,124381.8,13038.4,16550.1,53932.5,22574.2
167,0.214,0.213,0.212,0.211,0.21,0.209,0.208,0.207,0.206,0.205,0.215,0.216,0.217,0.218,0.219,0.22,0.221,0.222,0.223,0.224,24486.1,196309.7,140758.6,33774.4,116716.4,75746.5,867.9,49199.1,3706.1,652.5,15511.8,257583,26020,55995,124523.6,13967.9,25073.3,45856.9,22574.2,700.4
168,0.215,0.214,0.213,0.212,0.211,0.21,0.209,0.208,0.207,0.206,0.216,0.217,0.218,0.219,0.22,0.221,0.222,0.223,0.224,0.225,8866.6,178548.7,147655.6,29542.3,114588.5,9952,73849.8,2995.3,49472.6,3706.1,23603.2,164979.8,142806,60208.6,120344.5,47924.4,22558.2,23019.8,700.4,36552.9
169,0.214,0.213,0.212,0.211,0.21,0.209,0.208,0.207,0.206,0.205,0.215,0.216,0.217,0.218,0.219,0.22,0.221,0.222,0.223,0.224,31943.4,184992,144310.7,20137.6,109581.3,73374.4,3473,49472.6,3706.1,3569.3,2359.1,57832.6,149731.4,137572.2,32207.2,118863.2,47924.4,22558.2,23019.8,700.4
170,0.214,0.213,0.212,0.211,0.21,0.209,0.208,0.207,0.206,0.205,0.215,0.216,0.217,0.218,0.219,0.22,0.221,0.222,0.223,0.224,16476.7,200415.3,146910.5,19783.1,109866.5,73849.8,3458.6,49007.1,3706.1,3569.3,12634.2,176468.3,130503.1,55474.9,129268.9,13967.9,61350.1,23005.8,9148.5,700.4
171,0.214,0.213,0.212,0.211,0.21,0.209,0.208,0.207,0.206,0.205,0.215,0.216,0.217,0.218,0.219,0.22,0.221,0.222,0.223,0.224,17874.8,208490.1,139239.6,19783.1,109866.5,74728.1,3473,49472.6,3706.1,3569.3,4311.3,183548.7,118255.5,68173.9,129268.9,35493.7,61350.1,1480,9148.5,700.4
172,0.214,0.213,0.212,0.211,0.21,0.209,0.208,0.207,0.206,0.205,0.215,0.216,0.217,0.218,0.219,0.22,0.221,0.222,0.223,0.224,30979.8,196459.4,137065.5,19783.1,109866.5,75203.5,3267.5,49199.1,3706.1,3569.3,6720.5,182004.2,128507,55369.8,129268.9,35493.7,61350.1,1480,9148.5,700.4
173,0.214,0.213,0.212,0.211,0.21,0.209,0.208,0.207,0.206,0.205,0.215,0.216,0.217,0.218,0.219,0.22,0.221,0.222,0.223,0.224,16839.5,206630.1,138904.5,19783.1,109866.5,78067,2517.6,49472.6,3706.1,652.5,6603.7,181552.8,116259.4,68068.8,129268.9,35493.7,61350.1,1480,9148.5,700.4
174,0.214,0.213,0.212,0.211,0.21,0.209,0.208,0.207,0.206,0.205,0.215,0.216,0.217,0.218,0.219,0.22,0.221,0.222,0.223,0.224,16839.5,203165.7,137087,19759.4,110104.1,75678.9,2517.6,49472.5,3706.1,652.5,6603.7,186900.5,116259.4,68068.8,129268.9,35493.7,69649.6,1480,3913.3,700.4
175,0.214,0.213,0.212,0.211,0.21,0.209,0.208,0.207,0.206,0.205,0.215,0.216,0.217,0.218,0.219,0.22,0.221,0.222,0.223,0.224,16839.5,206502.1,135379.8,19286.3,109818.9,75678.9,2517.6,49472.5,3706.1,652.5,6603.7,186794.2,116259.4,68068.8,129268.9,35493.7,69649.6,1480,3913.3,700.4
176,0.214,0.213,0.212,0.211,0.21,0.209,0.208,0.207,0.206,0.205,0.215,0.216,0.217,0.218,0.219,0.22,0.221,0.222,0.223,0.224,16482.1,208916.5,134567.5,19280.5,109818.9,75678.9,2980.8,49007.1,3706.1,652.5,7024.8,187200.3,128507,55369.8,129268.9,35493.7,69649.6,1480,3913.3,700.4
177,0.214,0.213,0.212,0.211,0.21,0.209,0.208,0.207,0.206,0.205,0.215,0.216,0.217,0.218,0.219,0.22,0.221,0.222,0.223,0.224,14626.8,205449.4,138092.2,19280.5,109818.9,75678.9,2980.8,49007.1,3706.1,652.5,6603.7,178649.3,128507,55369.8,129268.9,35493.7,69649.6,1480,3913.3,700.4
178,0.214,0.213,0.212,0.211,0.21,0.209,0.208,0.207,0.206,0.205,0.215,0.216,0.217,0.218,0.219,0.22,0.221,0.222,0.223,0.224,14654.2,209444,136385,19280.5,109818.9,75678.9,390.1,49199.1,3706.1,652.5,3927.8,184135.9,118255.5,68174.6,129268.9,35493.7,69649.6,1480,3913.3,700.4
179,0.214,0.213,0.212,0.211,0.21,0.209,0.208,0.207,0.206,0.205,0.215,0.216,0.217,0.218,0.219,0.22,0.221,0.222,0.223,0.224,14036.5,202376.9,135383.8,19280.5,111067.4,75877.7,581.2,49007.1,3706.1,652.5,2438.7,189053.1,126926.3,69169.2,129268.9,35493.7,69649.6,1456.3,3913.3,700.4
180,0.214,0.213,0.212,0.211,0.21,0.209,0.208,0.207,0.206,0.205,0.215,0.216,0.217,0.218,0.219,0.22,0.221,0.222,0.223,0.224,14036.5,198674.2,138908.7,19284.2,111540.6,75402.3,581.2,49007.1,3706.1,652.5,2776.4,191616.5,137215.7,56328.4,129268.9,35493.7,69649.6,1456.3,3913.3,700.4
181,0.214,0.213,0.212,0.211,0.21,0.209,0.208,0.207,0.206,0.205,0.215,0.216,0.217,0.218,0.219,0.22,0.221,0.222,0.223,0.224,14004.5,201100.8,138908.7,19284.2,111540.6,75402.3,581.2,49007.1,3706.1,652.5,2776.4,190453.5,137215.7,56328.4,129268.9,35493.7,69649.6,1456.3,3913.3,700.4
182,0.214,0.213,0.212,0.211,0.21,0.209,0.208,0.207,0.206,0.205,0.215,0.216,0.217,0.218,0.219,0.22,0.221,0.222,0.223,0.224,26765.7,187023.8,138908.3,19284.2,111540.6,75402.3,581.2,49007.1,3706.1,652.5,2926.8,182714.3,132311.8,45891.3,129268.9,35493.7,69649.6,1456.3,3913.3,700.4
183,0.214,0.213,0.212,0.211,0.21,0.209,0.208,0.207,0.206,0.205,0.215,0.216,0.217,0.218,0.219,0.22,0.221,0.222,0.223,0.224,13798.5,200271.4,138908.3,19284.2,112487,74451.5,581.2,49007.1,3706.1,652.5,2926.8,188935.9,130211.8,45891.3,129268.9,35493.7,69649.6,1456.3,3913.3,700.4
184,0.214,0.213,0.212,0.211,0.21,0.209,0.208,0.207,0.206,0.205,0.215,0.216,0.217,0.218,0.219,0.22,0.221,0.222,0.223,0.224,13786.3,204939,138908.3,19284.2,112487,74451.5,581.2,49007.1,3706.1,652.5,3018.8,191530.9,132311.8,45891.3,129268.9,35493.7,69649.6,1456.3,3913.3,700.4
185,0.214,0.213,0.212,0.211,0.21,0.209,0.208,0.207,0.206,0.205,0.215,0.216,0.217,0.218,0.219,0.22,0.221,0.222,0.223,0.224,13786.3,200572.1,138096.5,19284.2,112487,74451.5,581.2,49007.1,3706.1,652.5,3018.8,196899.3,130211.8,45891.3,129268.9,35618.7,69649.6,1456.3,3788.3,700.4
186,0.214,0.213,0.212,0.211,0.21,0.209,0.208,0.207,0.206,0.205,0.215,0.216,0.217,0.218,0.219,0.22,0.221,0.222,0.223,0.224,13758.9,200992.4,137990.5,19280.5,112487,74722.3,309.1,49007.1,3442.3,652.5,3439.9,193535,130211.8,45786.2,129268.9,35618.7,69649.6,1195.4,3788.3,700.4
187,0.214,0.213,0.212,0.211,0.21,0.209,0.208,0.207,0.206,0.205,0.215,0.216,0.217,0.218,0.219,0.22,0.221,0.222,0.223,0.224,14954.5,198070.6,138464.7,19280.5,112487,74451.5,581.2,49007.1,3442.3,652.5,11132,189885.3,126013.6,45786.2,129268.9,35618.7,69649.6,1195.4,3788.3,700.4
188,0.214,0.213,0.212,0.211,0.21,0.209,0.208,0.207,0.206,0.205,0.215,0.216,0.217,0.218,0.219,0.22,0.221,0.222,0.223,0.224,14954.5,202617,139959.7,19751.4,112013.8,74451.5,581.2,49007.1,3442.3,652.5,3199.4,193296.2,130269.8,45786.2,129268.9,35618.7,69649.6,1195.4,3788.3,700.4
189,0.214,0.213,0.212,0.211,0.21,0.209,0.208,0.207,0.206,0.205,0.215,0.216,0.217,0.218,0.219,0.22,0.221,0.222,0.223,0.224,15131.7,198673.1,139959.7,21126.9,111067.4,73976.1,581.2,49007.1,3442.3,652.5,7576.8,193056.2,126013.6,45786.2,129268.9,35618.7,69649.6,1195.4,3788.3,700.4
190,0.214,0.213,0.212,0.211,0.21,0.209,0.208,0.207,0.206,0.205,0.215,0.216,0.217,0.218,0.219,0.22,0.221,0.222,0.223,0.224,15131.7,193580.2,140772.5,20656,111540.6,73976.1,581.2,49007.1,3442.3,652.5,7576.8,184464.9,126013.6,45786.2,129268.9,35618.7,69649.6,1195.4,3788.3,700.4
191,0.214,0.213,0.212,0.211,0.21,0.209,0.208,0.207,0.206,0.205,0.215,0.216,0.217,0.218,0.219,0.22,0.221,0.222,0.223,0.224,15051.6,204276.4,139522.5,20656,111067.4,73976.1,581.2,49007.1,3442.3,652.5,2778.3,187900.8,130295,45786.2,129268.9,35618.7,69649.6,1195.4,3788.3,700.4
192,0.214,0.213,0.212,0.211,0.21,0.209,0.208,0.207,0.206,0.205,0.215,0.216,0.217,0.218,0.219,0.22,0.221,0.222,0.223,0.224,15051.6,202153.7,140772.7,21126.9,111067.4,73976.1,581.2,49007.1,3442.3,652.5,3731.1,187900.8,130295,45786.2,129268.9,35618.7,69649.6,1195.4,3788.3,700.4
193,0.214,0.213,0.212,0.211,0.21,0.209,0.208,0.207,0.206,0.205,0.215,0.216,0.217,0.218,0.219,0.22,0.221,0.222,0.223,0.224,27801,190550.9,140862,21126.9,110810.1,73869.2,581.2,49007.1,3702.3,3569.3,2226.4,177757.3,122795.1,68006.1,129268.9,35618.7,69649.6,1195.4,4048.3,700.4
194,0.215,0.214,0.213,0.212,0.211,0.21,0.209,0.208,0.207,0.206,0.216,0.217,0.218,0.219,0.22,0.221,0.222,0.223,0.224,0.225,4975.9,187670.8,135737.6,31710.1,119029.6,9714.4,72423.6,581.2,49007.1,3702.3,33350.3,191536.3,143877.5,66794.5,142113.7,69649.6,747.8,4048.3,1144,19896.1
195,0.215,0.214,0.213,0.212,0.211,0.21,0.209,0.208,0.207,0.206,0.216,0.217,0.218,0.219,0.22,0.221,0.222,0.223,0.224,0.225,6943.8,182169.7,140542.2,30361.1,118558.7,9714.4,72423.6,581.2,49007.1,3702.3,23672.1,196471.3,141038,54848.6,142113.7,81595.5,747.8,4048.3,1144,19896.1
196,0.215,0.214,0.213,0.212,0.211,0.21,0.209,0.208,0.207,0.206,0.216,0.217,0.218,0.219,0.22,0.221,0.222,0.223,0.224,0.225,15386.6,194087,155927.2,14908.1,109057.2,9714.4,72423.6,581.2,49007.1,3702.3,17325.6,191592.3,142547.1,52270.5,141626.8,81595.5,747.8,4048.3,1144,19896.1
197,0.215,0.214,0.213,0.212,0.211,0.21,0.209,0.208,0.207,0.206,0.216,0.217,0.218,0.219,0.22,0.221,0.222,0.223,0.224,0.225,15386.3,191091.6,158337.3,14908.1,109057.2,9714.4,72423.6,581.2,1304.7,3702.3,16596.9,191592.3,140447.1,52269.3,141626.8,50221.2,32122.1,4048.3,1144,19896.1
198,0.215,0.214,0.213,0.212,0.211,0.21,0.209,0.208,0.207,0.206,0.216,0.217,0.218,0.219,0.22,0.221,0.222,0.223,0.224,0.225,14336.5,161649.8,168790.2,15482.6,114147.2,9527.1,72423.6,605.3,1280.5,3702.3,24506.2,186577.7,138476.4,50355.1,141626.8,51512.6,32098.4,4048.3,1144,19896.1
199,0.214,0.213,0.212,0.211,0.21,0.209,0.208,0.207,0.206,0.205,0.215,0.216,0.217,0.218,0.219,0.22,0.221,0.222,0.223,0.224,5928.7,191496,150628.7,11985,114969.6,74658.8,142.1,1280.5,3702.3,3593.6,38368.1,194346.7,135800.2,50885,117323,35618.7,50221.2,32546,4048.3,700.4
200,0.213,0.212,0.211,0.21,0.209,0.208,0.207,0.206,0.205,0.204,0.214,0.215,0.216,0.217,0.218,0.219,0.22,0.221,0.222,0.223,22746.3,238779.8,89654.1,16447.8,175219.6,1648.5,1304.7,3702.3,652.5,3608.2,26342.2,168616.5,127018.8,53441.8,124148.6,9443.6,39058.2,46113.3,32098.4,3788.3
201,0.213,0.212,0.211,0.21,0.209,0.208,0.207,0.206,0.205,0.204,0.214,0.215,0.216,0.217,0.218,0.219,0.22,0.221,0.222,0.223,23096.9,245130.3,89992.5,16918.4,175695,1648.5,1304.7,3702.3,652.5,3608.2,34555,168616.5,127139.9,53336.6,124148.6,30969.4,17532.4,46113.3,32098.4,3788.3
202,0.213,0.212,0.211,0.21,0.209,0.208,0.207,0.206,0.205,0.204,0.214,0.215,0.216,0.217,0.218,0.219,0.22,0.221,0.222,0.223,19011.4,245130.3,91015.8,17391.6,175219.6,1648.5,1304.7,3702.3,652.5,3608.2,32455,170716.4,122104,53336.6,124148.6,30969.4,17532.4,46113.3,32098.4,3788.3
203,0.213,0.212,0.211,0.21,0.209,0.208,0.207,0.206,0.205,0.204,0.214,0.215,0.216,0.217,0.218,0.219,0.22,0.221,0.222,0.223,15559.4,251771.3,92920,22953.4,175219.6,1648.5,1328.9,3702.3,652.5,3608.2,33081.6,179744.8,122089.2,48329.4,124148.6,30969.4,25831.9,37813.8,32098.4,3788.3
204,0.213,0.212,0.211,0.21,0.209,0.208,0.207,0.206,0.205,0.204,0.214,0.215,0.216,0.217,0.218,0.219,0.22,0.221,0.222,0.223,10134.1,253530,92920.1,22953.4,175219.6,1648.5,1328.9,3702.3,652.5,3608.2,33081,179688.4,127621.6,40637.6,124148.6,30969.4,25831.9,37813.8,32098.4,3788.3
205,0.213,0.212,0.211,0.21,0.209,0.208,0.207,0.206,0.205,0.204,0.214,0.215,0.216,0.217,0.218,0.219,0.22,0.221,0.222,0.223,13586.1,252492.2,94372.3,19594.6,175695,1648.5,1328.9,3702.3,652.5,677.1,33005.3,179633.5,117082,53336.6,124148.6,42915.3,25831.9,25867.9,35162.7,724
206,0.213,0.212,0.211,0.21,0.209,0.208,0.207,0.206,0.205,0.204,0.214,0.215,0.216,0.217,0.218,0.219,0.22,0.221,0.222,0.223,10059.3,254920.6,94372.3,19433.9,174758.7,1648.5,1328.9,3702.3,652.5,677.1,33031.6,179229.3,117533.4,53336.6,124148.6,42915.3,25831.9,25867.9,35162.7,724
207,0.213,0.212,0.211,0.21,0.209,0.208,0.207,0.206,0.205,0.204,0.214,0.215,0.216,0.217,0.218,0.219,0.22,0.221,0.222,0.223,11411.9,254230.7,94843.2,19388.8,174948.8,1648.5,1328.9,3702.3,652.5,677.1,32542.8,179220.2,117533.4,53336.6,124148.6,42915.3,25831.9,25867.9,35162.7,724
208,0.212,0.211,0.21,0.209,0.208,0.207,0.206,0.205,0.204,0.203,0.213,0.214,0.215,0.216,0.217,0.218,0.219,0.22,0.221,0.222,23590.9,264866.4,89693.2,75628.5,95696,2867.6,3466.6,676.9,917.1,3648.5,26888,185695.3,124757.3,41100.4,122160.8,17906.7,42915.3,41229.9,10018.2,35162.7
209,0.212,0.211,0.21,0.209,0.208,0.207,0.206,0.205,0.204,0.203,0.213,0.214,0.215,0.216,0.217,0.218,0.219,0.22,0.221,0.222,23590.9,240098.1,114758.4,75732.9,95696,2867.6,3466.6,676.9,917.1,3648.5,35974.7,186042.2,125286.1,41803.1,122160.8,16220.9,43369,41229.9,10018.2,35162.7
210,0.212,0.211,0.21,0.209,0.208,0.207,0.206,0.205,0.204,0.203,0.213,0.214,0.215,0.216,0.217,0.218,0.219,0.22,0.221,0.222,19609.5,237681.4,119812.5,76045.3,95935.9,2867.6,3490.9,676.9,917.1,678.4,38632.7,181807.2,124007.8,41803.1,122160.8,16220.9,43369,41229.9,10018.2,35162.7
211,0.212,0.211,0.21,0.209,0.208,0.207,0.206,0.205,0.204,0.203,0.213,0.214,0.215,0.216,0.217,0.218,0.219,0.22,0.221,0.222,13876.6,239020.6,119339.3,76645.3,96223.8,2867.6,3490.9,676.9,917.1,678.4,38632.7,176590.3,124459.2,41351.7,122160.8,16220.9,43369,41229.9,10018.2,35162.7
212,0.211,0.21,0.209,0.208,0.207,0.206,0.205,0.204,0.203,0.202,0.212,0.213,0.214,0.215,0.216,0.217,0.218,0.219,0.22,0.221,16889.6,254125.7,147872.6,8359.7,106016.1,5474.6,701.3,917.1,678.4,3738.9,26564.6,179035.3,138049.6,50461.4,123968.7,2323.7,14685.5,66026.8,41229.9,9757.1
213,0.211,0.21,0.209,0.208,0.207,0.206,0.205,0.204,0.203,0.202,0.212,0.213,0.214,0.215,0.216,0.217,0.218,0.219,0.22,0.221,16917,262148.8,154610.4,11186.7,106016.1,5474.6,701.3,917.1,678.4,3738.9,26564.6,179035.3,138723.4,48644.2,123968.7,2323.7,23208.7,66026.8,41229.9,9757.1
214,0.211,0.21,0.209,0.208,0.207,0.206,0.205,0.204,0.203,0.202,0.212,0.213,0.214,0.215,0.216,0.217,0.218,0.219,0.22,0.221,30619.4,262148.8,154803.5,11186.7,106016.1,4931.4,701.3,917.1,678.4,3738.9,2340.9,61753.9,273913.7,16074.7,17585.7,108706.7,23208.7,66026.8,41229.9,9757.1
215,0.211,0.21,0.209,0.208,0.207,0.206,0.205,0.204,0.203,0.202,0.212,0.213,0.214,0.215,0.216,0.217,0.218,0.219,0.22,0.221,43561.6,254976.4,155928.1,8122,106167.5,5039.9,701.3,917.1,678.4,3738.9,16343.1,202828.9,134473.3,46634.6,123968.7,14394.6,32265.4,54080.9,41104.9,700.4
216,0.211,0.21,0.209,0.208,0.207,0.206,0.205,0.204,0.203,0.202,0.212,0.213,0.214,0.215,0.216,0.217,0.218,0.219,0.22,0.221,32342.1,254671.8,157256.2,7354.2,106167.5,5039.9,701.3,917.1,678.4,3738.9,21546.5,190366.7,130401.5,48490.9,122738.7,35920.4,36634.4,32555.1,36735.9,700.4
217,0.211,0.21,0.209,0.208,0.207,0.206,0.205,0.204,0.203,0.202,0.212,0.213,0.214,0.215,0.216,0.217,0.218,0.219,0.22,0.221,32610.4,254407.1,155794.2,7354.2,106167.5,5039.9,701.3,917.1,678.4,3738.9,22148.1,201852.6,130401.5,37546.5,121614.9,35920.4,36634.4,32555.1,36735.9,700.4
218,0.211,0.21,0.209,0.208,0.207,0.206,0.205,0.204,0.203,0.202,0.212,0.213,0.214,0.215,0.216,0.217,0.218,0.219,0.22,0.221,31967.6,254407.1,157256.3,7354.2,106167.5,5039.9,676.9,917.1,678.4,3738.9,22100.9,201879,130401.5,37546.5,121614.9,35920.4,44933.9,32555.1,28436.4,700.4
219,0.211,0.21,0.209,0.208,0.207,0.206,0.205,0.204,0.203,0.202,0.212,0.213,0.214,0.215,0.216,0.217,0.218,0.219,0.22,0.221,29634.6,257985.4,157731.7,6876.5,106167.5,5039.9,676.9,917.1,678.4,3738.9,22100.9,197560.8,130401.5,37546.5,121614.9,35920.4,44933.9,32555.1,28436.4,700.4
220,0.211,0.21,0.209,0.208,0.207,0.206,0.205,0.204,0.203,0.202,0.212,0.213,0.214,0.215,0.216,0.217,0.218,0.219,0.22,0.221,12787.3,302047.4,125158.6,3884.9,104580.6,5491,676.9,917.1,678.4,3712.9,16114.1,204952.1,129322.7,47985.4,110039.7,35920.4,44933.9,32555.1,31500.7,700.4
221,0.211,0.21,0.209,0.208,0.207,0.206,0.205,0.204,0.203,0.202,0.212,0.213,0.214,0.215,0.216,0.217,0.218,0.219,0.22,0.221,12698.5,298623.7,127839.1,4467.1,104453.4,5491,676.9,917.1,678.4,3712.9,16683.6,197284.9,129426.5,47881.7,110039.7,35462.5,45389.7,32555.1,31500.7,700.4
222,0.211,0.21,0.209,0.208,0.207,0.206,0.205,0.204,0.203,0.202,0.212,0.213,0.214,0.215,0.216,0.217,0.218,0.219,0.22,0.221,21352.3,177468.7,234928.7,3779.9,105886.9,5491.2,652.5,941.7,678.4,3712.9,17765.7,173553.4,131149.2,49455.6,109650.2,34635,60783.6,32555.1,15651,700.4
223,0.211,0.21,0.209,0.208,0.207,0.206,0.205,0.204,0.203,0.202,0.212,0.213,0.214,0.215,0.216,0.217,0.218,0.219,0.22,0.221,21352.3,178413.7,232621.6,3779.9,105886.9,5491.2,652.5,941.7,678.4,3712.9,16357.2,175846.2,131149.2,49455.6,109650.2,36176.1,60783.6,32555.1,15651,700.4
224,0.211,0.21,0.209,0.208,0.207,0.206,0.205,0.204,0.203,0.202,0.212,0.213,0.214,0.215,0.216,0.217,0.218,0.219,0.22,0.221,21124.2,179568.4,231461.3,3779.9,105886.9,5491.2,652.5,941.7,678.4,3712.9,16357.2,170910.9,131149.2,49455.6,109650.2,36176.1,60783.6,32555.1,15651,700.4
225,0.211,0.21,0.209,0.208,0.207,0.206,0.205,0.204,0.203,0.202,0.212,0.213,0.214,0.215,0.216,0.217,0.218,0.219,0.22,0.221,21124.2,179537.9,231461.3,3300,105886.9,5491.2,652.5,941.7,678.4,3712.9,16357.2,172746.2,131149.2,49455.6,109650.2,35718.2,61239.4,32555.1,15651,700.4
226,0.211,0.21,0.209,0.208,0.207,0.206,0.205,0.204,0.203,0.202,0.212,0.213,0.214,0.215,0.216,0.217,0.218,0.219,0.22,0.221,21124.2,180969.4,230023.4,3300,105886.9,5491.2,652.5,941.7,678.4,3712.9,16357.2,175900.7,129426.5,46171.1,114657.4,58569.3,61239.4,9704,15651,700.4
227,0.211,0.21,0.209,0.208,0.207,0.206,0.205,0.204,0.203,0.202,0.212,0.213,0.214,0.215,0.216,0.217,0.218,0.219,0.22,0.221,21150.6,184384.2,229927.3,3300,105886.9,5491.2,652.5,941.7,678.4,3712.9,16357.2,170910.9,129322.7,46274.6,114657.4,58569.3,61239.4,9704,15651,700.4
228,0.211,0.21,0.209,0.208,0.207,0.206,0.205,0.204,0.203,0.202,0.212,0.213,0.214,0.215,0.216,0.217,0.218,0.219,0.22,0.221,21124.2,181227.4,230030.5,3347.2,105886.9,5491.2,652.5,941.7,678.4,3712.9,16357.2,176364.2,129428.3,46171.1,114657.4,58569.3,61239.4,9704,15651,700.4
229,0.211,0.21,0.209,0.208,0.207,0.206,0.205,0.204,0.203,0.202,0.212,0.213,0.214,0.215,0.216,0.217,0.218,0.219,0.22,0.221,12532.5,177015.8,234018.2,3277.1,105760.4,5491.2,652.5,941.7,678.4,3712.9,27207.5,165300.2,131151,44448.4,114657.4,58569.3,61239.4,9704,15651,700.4
230,0.211,0.21,0.209,0.208,0.207,0.206,0.205,0.204,0.203,0.202,0.212,0.213,0.214,0.215,0.216,0.217,0.218,0.219,0.22,0.221,1126.5,178345.3,232363.6,4685.7,103420.7,7087.5,652.5,941.7,678.4,728.1,26172.8,185756.1,128561.4,15892.8,114598.4,57028.2,61239.4,9704,15651,700.4
231,0.211,0.21,0.209,0.208,0.207,0.206,0.205,0.204,0.203,0.202,0.212,0.213,0.214,0.215,0.216,0.217,0.218,0.219,0.22,0.221,2088.9,188751,237563.6,4847.1,109903,5491.2,652.5,941.7,678.4,728.1,36601.6,275100.2,24441.4,39684.3,136640.8,35502.4,60783.6,9704,15651,700.4
232,0.211,0.21,0.209,0.208,0.207,0.206,0.205,0.204,0.203,0.202,0.212,0.213,0.214,0.215,0.216,0.217,0.218,0.219,0.22,0.221,12516.3,186322.1,238514.4,3891.7,109903,5491.2,652.5,941.7,678.4,728.1,32005.6,276921.6,23028.8,39684.3,136180.8,35502.4,61239.4,9704,15651,700.4
233,0.211,0.21,0.209,0.208,0.207,0.206,0.205,0.204,0.203,0.202,0.212,0.213,0.214,0.215,0.216,0.217,0.218,0.219,0.22,0.221,4077.7,187390.4,238989.8,3414,109903,5491.2,652.5,941.7,678.4,728.1,32005.6,276672.8,23217.1,39496,136180.8,35502.4,61239.4,9704,15651,700.4
234,0.209,0.208,0.207,0.206,0.205,0.204,0.203,0.202,0.201,0.2,0.21,0.211,0.212,0.213,0.214,0.215,0.216,0.217,0.218,0.219,113434.1,174262.4,130294.8,9348.7,103443.2,2000.4,678.4,1014.3,746.9,3668.6,39559.4,60846.2,204624.7,131480,25425.5,114151.1,29934,35502.4,60783.6,1948.3
235,0.209,0.208,0.207,0.206,0.205,0.204,0.203,0.202,0.201,0.2,0.21,0.211,0.212,0.213,0.214,0.215,0.216,0.217,0.218,0.219,118679.5,174605.6,141115.7,11485.1,103443.2,2000.4,678.4,1014.3,746.9,3668.6,37953.8,60846.2,203767.9,133186.9,23718.6,114151.1,30802.1,35502.4,63847.9,1080.2
236,0.209,0.208,0.207,0.206,0.205,0.204,0.203,0.202,0.201,0.2,0.21,0.211,0.212,0.213,0.214,0.215,0.216,0.217,0.218,0.219,114039.7,174474.8,141246.5,11485.1,103443.2,2000.4,678.4,1014.3,746.9,3668.6,37686.2,60846.2,199147.3,133186.9,23718.6,114151.1,30802.1,35502.4,63847.9,1080.2
237,0.209,0.208,0.207,0.206,0.205,0.204,0.203,0.202,0.201,0.2,0.21,0.211,0.212,0.213,0.214,0.215,0.216,0.217,0.218,0.219,116658.8,176424.3,141726.5,11002.7,103443.2,2000.4,678.4,1014.3,746.9,3668.6,41727.1,60846.2,195738.5,131899,21901.4,114151.1,35171.4,35502.4,63847.9,1080.2
238,0.209,0.208,0.207,0.206,0.205,0.204,0.203,0.202,0.201,0.2,0.21,0.211,0.212,0.213,0.214,0.215,0.216,0.217,0.218,0.219,115200,180123.6,141726.5,11002.7,103443.2,2000.4,678.4,1014.3,746.9,3668.6,41727.1,60846.2,203872.9,131899,21901.4,114151.1,52899.9,35502.4,47998.2,1080.2
239,0.209,0.208,0.207,0.206,0.205,0.204,0.203,0.202,0.201,0.2,0.21,0.211,0.212,0.213,0.214,0.215,0.216,0.217,0.218,0.219,97014.1,180874.2,156128.4,11782.5,103443.2,2000.4,678.4,1014.3,746.9,3693.5,51338.4,211440.5,139936.1,54670.5,128070.2,7908.3,52899.9,35502.4,47998.2,1080.2
240,0.209,0.208,0.207,0.206,0.205,0.204,0.203,0.202,0.201,0.2,0.21,0.211,0.212,0.213,0.214,0.215,0.216,0.217,0.218,0.219,96806.7,180900.7,156608.4,10331.1,103443.2,2000.4,678.4,1014.3,746.9,3693.5,51267,203378.1,140042,54564.4,128258.5,7720,52899.9,35763.4,47998.2,819.8
241,0.209,0.208,0.207,0.206,0.205,0.204,0.203,0.202,0.201,0.2,0.21,0.211,0.212,0.213,0.214,0.215,0.216,0.217,0.218,0.219,90586.9,180900.7,156608.4,10331.1,103467.6,2000.4,678.4,1014.3,746.9,3693.5,51267,203378.1,128104.2,54564.4,128258.5,42517,52899.9,966.4,47998.2,819.8
242,0.209,0.208,0.207,0.206,0.205,0.204,0.203,0.202,0.201,0.2,0.21,0.211,0.212,0.213,0.214,0.215,0.216,0.217,0.218,0.219,88456.3,180874.5,156510.7,10913.2,103759.7,2000.4,678.4,1014.3,746.9,3693.5,51267,211252.6,128104.2,54554.2,128258.5,42517,52899.9,966.4,47998.2,819.8
243,0.209,0.208,0.207,0.206,0.205,0.204,0.203,0.202,0.201,0.2,0.21,0.211,0.212,0.213,0.214,0.215,0.216,0.217,0.218,0.219,82638.3,183500.5,155601.9,11878,103759.7,2000.4,678.4,752.9,746.9,3693.5,53051.5,211134.2,127998.3,54554.2,128526.8,42248.7,61423.1,705.4,39475,819.8
244,0.209,0.208,0.207,0.206,0.205,0.204,0.203,0.202,0.201,0.2,0.21,0.211,0.212,0.213,0.214,0.215,0.216,0.217,0.218,0.219,83689.6,183500.5,156034.3,11213.2,103759.7,2000.4,3137.1,752.9,746.9,3693.5,53598.9,206869.6,127998.3,54554.2,128526.8,42248.7,61423.1,705.4,39475,819.8
245,0.209,0.208,0.207,0.206,0.205,0.204,0.203,0.202,0.201,0.2,0.21,0.211,0.212,0.213,0.214,0.215,0.216,0.217,0.218,0.219,83831,183501,155554.3,11695.6,103911.5,2000.4,3137.1,752.9,746.9,3693.5,52388.4,206869.6,130349.4,52203.1,128526.8,42248.7,70479.8,705.4,30418.3,819.8
246,0.209,0.208,0.207,0.206,0.205,0.204,0.203,0.202,0.201,0.2,0.21,0.211,0.212,0.213,0.214,0.215,0.216,0.217,0.218,0.219,78337.3,182339.5,158747.1,10730.8,103911.5,2000.4,3137.1,752.9,746.9,3693.5,52388.4,211172.7,133468.9,49707.8,132406.1,37509.8,74848.8,705.4,26049.3,819.8
247,0.209,0.208,0.207,0.206,0.205,0.204,0.203,0.202,0.201,0.2,0.21,0.211,0.212,0.213,0.214,0.215,0.216,0.217,0.218,0.219,76456.5,182450,162216.7,10984.3,104504,2000.4,3137.1,752.9,746.9,678.8,62391.2,203351.7,133468.9,51430.5,130951.7,58767.3,53323,705.4,26049.3,819.8
248,0.209,0.208,0.207,0.206,0.205,0.204,0.203,0.202,0.201,0.2,0.21,0.211,0.212,0.213,0.214,0.215,0.216,0.217,0.218,0.219,74800.6,181971.3,163548.7,11949.1,104504,2000.4,3137.1,752.9,746.9,678.8,54524.4,212474.6,133046.6,51430.5,130951.7,58767.3,61622.5,705.4,17749.8,819.8
249,0.209,0.208,0.207,0.206,0.205,0.204,0.203,0.202,0.201,0.2,0.21,0.211,0.212,0.213,0.214,0.215,0.216,0.217,0.218,0.219,13546.8,180649.6,146739.9,26914.9,95343.8,2000.4,678.4,752.9,746.9,3693.5,57276.4,194551.8,134765.6,51666.8,131362,57484.3,61622.5,705.4,17749.8,819.8
250,0.209,0.208,0.207,0.206,0.205,0.204,0.203,0.202,0.201,0.2,0.21,0.211,0.212,0.213,0.214,0.215,0.216,0.217,0.218,0.219,13546.8,183270.2,145893.6,26430.4,95343.8,2000.4,678.4,752.9,746.9,3693.5,59174.4,194129.5,133957.9,52896.8,131362,57484.3,61622.5,705.4,17749.8,819.8
251,0.209,0.208,0.207,0.206,0.205,0.204,0.203,0.202,0.201,0.2,0.21,0.211,0.212,0.213,0.214,0.215,0.216,0.217,0.218,0.219,6750.6,184170,144101.5,26430.4,95319.4,2000.4,678.4,752.9,746.9,3693.5,59181.1,203099.1,133957.9,52896.8,131362,57484.3,61622.5,705.4,17749.8,819.8
252,0.209,0.208,0.207,0.206,0.205,0.204,0.203,0.202,0.201,0.2,0.21,0.211,0.212,0.213,0.214,0.215,0.216,0.217,0.218,0.219,6273.8,198507.5,144845.7,32723.8,94957.6,3526.9,678.4,752.9,746.9,678.8,67954.1,211550,95500.2,54037.6,131961.1,57484.3,61622.5,705.4,17749.8,819.8
253,0.208,0.207,0.206,0.205,0.204,0.203,0.202,0.201,0.2,0.199,0.209,0.21,0.211,0.212,0.213,0.214,0.215,0.216,0.217,0.218,30238.3,276095.7,37435.2,25264.6,103993.7,2043.8,752.9,1008.7,678.8,5170,2291.4,238832.1,139886.1,52921.7,122561.1,22836.4,57022.1,61884.3,705.4,17749.8
254,0.208,0.207,0.206,0.205,0.204,0.203,0.202,0.201,0.2,0.199,0.209,0.21,0.211,0.212,0.213,0.214,0.215,0.216,0.217,0.218,34326.2,278246.9,37435.2,25749.3,103993.7,2043.8,752.9,1008.7,678.8,5170,2243.6,238879.9,134544.8,52806.9,122561.1,22836.4,57022.1,61884.3,705.4,17749.8
255,0.208,0.207,0.206,0.205,0.204,0.203,0.202,0.201,0.2,0.199,0.209,0.21,0.211,0.212,0.213,0.214,0.215,0.216,0.217,0.218,38172.4,278246.9,33850.3,25749.3,103993.7,2043.8,752.9,1008.7,678.8,5170,2243.6,238879.9,138995.9,52806.9,122561.1,22961.4,57022.1,61884.3,580.4,17749.8
256,0.208,0.207,0.206,0.205,0.204,0.203,0.202,0.201,0.2,0.199,0.209,0.21,0.211,0.212,0.213,0.214,0.215,0.216,0.217,0.218,30228.2,277655.7,38867.9,25891,103993.7,2043.8,752.9,1008.7,678.8,5170,2617.3,104206.8,142090.3,24035.5,26706.5,33301.8,34171,61884.3,580.4,17749.8
257,0.208,0.207,0.206,0.205,0.204,0.203,0.202,0.201,0.2,0.199,0.209,0.21,0.211,0.212,0.213,0.214,0.215,0.216,0.217,0.218,27998.1,279900.5,38867.9,25891,103993.7,2043.8,752.9,1008.7,678.8,5195,2755.4,107741.4,170101,24035.5,26706.5,69273.1,34171,61884.3,580.4,17749.8
258,0.208,0.207,0.206,0.205,0.204,0.203,0.202,0.201,0.2,0.199,0.209,0.21,0.211,0.212,0.213,0.214,0.215,0.216,0.217,0.218,20842.3,282415.3,38242.1,25919.7,104094.3,2043.8,752.9,1008.7,678.8,5195,16179.3,258678.3,131884.4,51325.6,135077,32845.2,34171,61884.3,580.4,17749.8
259,0.207,0.206,0.205,0.204,0.203,0.202,0.201,0.2,0.199,0.198,0.208,0.209,0.21,0.211,0.212,0.213,0.214,0.215,0.216,0.217,30253.6,271407.1,45524.3,26141,106021.6,2091.1,1033.6,678.8,2165.2,3697.8,3100.5,215472.4,177510.9,57863.8,122208.1,22635.1,31075.9,42694.2,53361.1,580.4
260,0.207,0.206,0.205,0.204,0.203,0.202,0.201,0.2,0.199,0.198,0.208,0.209,0.21,0.211,0.212,0.213,0.214,0.215,0.216,0.217,30584.3,273835,45256.1,27261.1,106167.1,2091.1,771.8,678.8,2430.2,3697.8,2976.3,216683.4,177510.9,57863.8,122208.1,30390.8,35444.9,42694.2,41236.4,580.4
261,0.208,0.207,0.206,0.205,0.204,0.203,0.202,0.201,0.2,0.199,0.209,0.21,0.211,0.212,0.213,0.214,0.215,0.216,0.217,0.218,11893.3,201241,154798,26980.3,114086.1,3563.9,728.1,771.8,678.8,2430.2,22209.3,312044.2,26115.5,59100,152555.5,44501.6,30748.3,32179.7,580.4,17749.8
262,0.208,0.207,0.206,0.205,0.204,0.203,0.202,0.201,0.2,0.199,0.209,0.21,0.211,0.212,0.213,0.214,0.215,0.216,0.217,0.218,13198.7,202267.1,153271.1,26980.3,114086.1,2043.8,728.1,771.8,678.8,2430.2,22023.1,309789,26115.5,59100,152089,66491.7,9222.5,32179.7,580.4,17749.8
263,0.208,0.207,0.206,0.205,0.204,0.203,0.202,0.201,0.2,0.199,0.209,0.21,0.211,0.212,0.213,0.214,0.215,0.216,0.217,0.218,1669.5,194068.6,156803.8,26980.3,113877.4,3824.5,728.1,771.8,678.8,2430.2,28977.8,317127.1,24408.6,59193,152156.6,66027.4,9222.5,32179.7,580.4,17749.8
264,0.208,0.207,0.206,0.205,0.204,0.203,0.202,0.201,0.2,0.199,0.209,0.21,0.211,0.212,0.213,0.214,0.215,0.216,0.217,0.218,1601.7,208518.3,147044.9,27465,113858.2,3824.5,728.1,771.8,678.8,5460,30542.7,312653.9,19854.3,59167.1,151603.2,66491.7,17522,23880.2,580.4,17749.8
265,0.208,0.207,0.206,0.205,0.204,0.203,0.202,0.201,0.2,0.199,0.209,0.21,0.211,0.212,0.213,0.214,0.215,0.216,0.217,0.218,3599,208699.3,148373.3,28542.2,112775.7,3824.5,728.1,771.8,678.8,5460,28735.5,319276.3,19854.3,58898.8,151871.5,66491.7,17522,23880.2,580.4,17749.8
266,0.208,0.207,0.206,0.205,0.204,0.203,0.202,0.201,0.2,0.199,0.209,0.21,0.211,0.212,0.213,0.214,0.215,0.216,0.217,0.218,11176.9,209961,146739.9,29169,112146.5,3824.5,728.1,771.8,678.8,5460,26440.3,314264.7,21561.2,58898.8,151871.5,66491.7,17522,23880.2,3644.7,14685.5
267,0.208,0.207,0.206,0.205,0.204,0.203,0.202,0.201,0.199,0.198,0.209,0.21,0.211,0.212,0.213,0.214,0.215,0.216,0.217,0.218,1138.6,207208.5,147129.1,28374.4,111636.1,3146.1,49.6,66.9,4781.1,25.3,26272.8,312190.7,21561.2,58898.8,151871.5,66491.7,33371.7,8030.5,3644.7,14685.5
268,0.208,0.207,0.206,0.205,0.204,0.203,0.202,0.201,0.199,0.198,0.209,0.21,0.211,0.212,0.213,0.214,0.215,0.216,0.217,0.218,3381.2,194442.6,152768,27889.7,112078.7,1479.5,49.6,66.9,1751.3,3045.3,27085.9,310904.7,19121.7,44493.7,151418.2,65374.9,32719.2,7378,3110.6,14033
269,0.208,0.207,0.206,0.205,0.204,0.203,0.202,0.201,0.199,0.198,0.209,0.21,0.211,0.212,0.213,0.214,0.215,0.216,0.217,0.218,1616.4,194442,147478.2,28857.3,110615.2,1479.5,49.6,66.9,1751.3,3045.3,35151,269796.1,19121.7,44493.7,150951.7,65839.2,32719.2,7378,3110.6,14033
270,0.208,0.207,0.206,0.205,0.204,0.203,0.202,0.201,0.199,0.198,0.209,0.21,0.211,0.212,0.213,0.214,0.215,0.216,0.217,0.218,1994.9,189836.5,156692.1,31663.6,111585.9,3155.7,49.6,66.9,1751.3,3045.3,23563.9,269897.5,19121.7,61528.7,174151.8,42523.8,32719.2,7378,3110.6,14033
271,0.208,0.207,0.206,0.205,0.204,0.203,0.202,0.201,0.199,0.198,0.209,0.21,0.211,0.212,0.213,0.214,0.215,0.216,0.217,0.218,2650.5,189773,156434.4,32258.2,110611.7,1479.5,49.6,66.9,1751.3,3045.3,20056.3,268814.9,19121.7,61528.7,173685.3,42988.1,32719.2,7378,3110.6,14033
272,0.208,0.207,0.206,0.205,0.204,0.203,0.202,0.201,0.199,0.198,0.209,0.21,0.211,0.212,0.213,0.214,0.215,0.216,0.217,0.218,12225.7,188062.7,158649.8,31451.7,111065,1479.5,49.6,66.9,1751.3,3045.3,15710.5,269479.9,19121.7,61528.7,173685.3,42988.1,32719.2,7378,3110.6,14033
273,0.208,0.207,0.206,0.205,0.204,0.203,0.202,0.201,0.199,0.198,0.209,0.21,0.211,0.212,0.213,0.214,0.215,0.216,0.217,0.218,12225.7,190701.5,155998.2,31451.7,111065,1479.5,49.6,66.9,4781.1,25.3,12080.4,275019.7,19121.7,61528.7,173685.3,42988.1,32719.2,7378,3110.6,14033
274,0.208,0.207,0.206,0.205,0.204,0.203,0.202,0.201,0.199,0.198,0.209,0.21,0.211,0.212,0.213,0.214,0.215,0.216,0.217,0.218,12225.7,188979.1,152386.5,32044.2,110469.6,1479.5,49.6,66.9,4781.1,25.3,11978.8,273350.1,20828.6,61077.3,169129.5,47995.3,32719.2,7378,3110.6,14033
275,0.208,0.207,0.206,0.205,0.204,0.203,0.202,0.201,0.199,0.198,0.209,0.21,0.211,0.212,0.213,0.214,0.215,0.216,0.217,0.218,11800.6,192800.4,152156.9,31451.7,111065,1479.5,49.6,66.9,4781.1,25.3,11314.8,273366,20828.6,61528.7,173685.3,29562.4,46144.9,7378,3110.6,14033
276,0.208,0.207,0.206,0.205,0.204,0.203,0.202,0.201,0.199,0.198,0.209,0.21,0.211,0.212,0.213,0.214,0.215,0.216,0.217,0.218,11800.6,188990.1,158420.2,31451.7,111065,1479.5,49.6,66.9,4781.1,25.3,11314.8,271297.2,17304.5,61528.7,173685.3,29562.4,46144.9,7378,3110.6,14033
277,0.208,0.207,0.206,0.205,0.204,0.203,0.202,0.201,0.199,0.198,0.209,0.21,0.211,0.212,0.213,0.214,0.215,0.216,0.217,0.218,13750.1,205886.1,152074.1,16448.8,111065.2,1479.5,49.6,327.8,4516.1,25.3,11314.8,201234.1,125031.6,51807.7,168845.4,29098.1,46607.1,7378,3110.6,14033
278,0.208,0.207,0.206,0.205,0.204,0.203,0.202,0.201,0.199,0.198,0.209,0.21,0.211,0.212,0.213,0.214,0.215,0.216,0.217,0.218,13723.6,205912.1,150409.8,16448.8,111065.2,1479.5,49.6,327.8,4516.1,25.3,12183.2,202777.1,123724.9,51701.6,168845.4,29098.1,46607.1,7378,3110.6,14033
279,0.208,0.207,0.206,0.205,0.204,0.203,0.202,0.201,0.199,0.198,0.209,0.21,0.211,0.212,0.213,0.214,0.215,0.216,0.217,0.218,11827.1,204411.3,153723.5,16448.8,111065.2,1479.5,49.6,327.8,4516.1,25.3,11381.1,198246.6,125447.6,49978.9,168845.4,29098.1,46607.1,7378,3110.6,14033
280,0.208,0.207,0.206,0.205,0.204,0.203,0.202,0.201,0.199,0.198,0.209,0.21,0.211,0.212,0.213,0.214,0.215,0.216,0.217,0.218,11827.1,205885.6,152242.1,16448.8,111065.2,1479.5,49.6,327.8,4516.1,25.3,11381.1,202631.7,125447.6,49978.9,168845.4,29098.1,46607.1,7378,3110.6,14033
281,0.208,0.207,0.206,0.205,0.204,0.203,0.202,0.201,0.199,0.198,0.209,0.21,0.211,0.212,0.213,0.214,0.215,0.216,0.217,0.218,12344.4,205885.7,150409.8,17041.5,110469.6,1479.5,49.6,327.8,4516.1,25.3,11381.1,202764.6,123724.9,51701.6,168845.4,29098.1,46607.1,7378,3110.6,14033
282,0.208,0.207,0.206,0.205,0.204,0.203,0.202,0.201,0.199,0.198,0.209,0.21,0.211,0.212,0.213,0.214,0.215,0.216,0.217,0.218,12344.4,201525.8,155379.2,16448.8,111065.2,1479.5,49.6,327.8,4516.1,25.3,13732.2,200281.9,125447.6,49978.9,168845.4,29098.1,46607.1,7378,3110.6,14033
283,0.208,0.207,0.206,0.205,0.204,0.203,0.202,0.201,0.199,0.198,0.209,0.21,0.211,0.212,0.213,0.214,0.215,0.216,0.217,0.218,12317.9,201552.4,153595.5,15964.1,111065.2,1971.2,49.6,327.8,4516.1,25.3,19981.3,204879.2,125447.6,49978.9,168845.4,29098.1,46607.1,7378,3110.6,14033
284,0.208,0.207,0.206,0.205,0.204,0.203,0.202,0.201,0.199,0.198,0.209,0.21,0.211,0.212,0.213,0.214,0.215,0.216,0.217,0.218,4740,211467.5,153427.8,16553,111065.2,1971.2,49.6,327.8,4516.1,25.3,27895.7,196932,125635.9,49790.6,168845.4,29098.1,46607.1,7378,3110.6,14033
285,0.208,0.207,0.206,0.205,0.204,0.203,0.202,0.201,0.199,0.198,0.209,0.21,0.211,0.212,0.213,0.214,0.215,0.216,0.217,0.218,4740,210121.2,154413,16553,111065.2,1971.2,49.6,327.8,4516.1,25.3,20007.8,209543,125447.6,49978.9,168845.4,29098.1,46607.1,7378,3110.6,14033
286,0.208,0.207,0.206,0.205,0.204,0.203,0.202,0.201,0.199,0.198,0.209,0.21,0.211,0.212,0.213,0.214,0.215,0.216,0.217,0.218,4740,209882.5,154263.2,16553,111065.2,1971.2,49.6,327.8,4516.1,25.3,20007.8,209010.1,125635.9,49790.6,145994.3,51949.2,46607.1,7378,3110.6,14033
287,0.208,0.207,0.206,0.205,0.204,0.203,0.202,0.201,0.199,0.198,0.209,0.21,0.211,0.212,0.213,0.214,0.215,0.216,0.217,0.218,2621.4,207782.5,156353.9,16553,111065.2,1971.2,49.6,327.8,4516.1,25.3,20007.8,205931.5,125635.9,49790.6,145994.3,51949.2,46607.1,7378,3110.6,14033
288,0.207,0.206,0.205,0.204,0.203,0.202,0.201,0.199,0.198,0.197,0.208,0.209,0.21,0.211,0.212,0.213,0.214,0.215,0.216,0.217,33309.6,286994,30381.7,25015.5,105819.6,1428.9,327.8,1486.3,3045.3,26.1,1651.2,203062.8,142009.7,47814.7,119289.4,41264.6,52413.5,46144.9,7378,3110.6
289,0.207,0.206,0.205,0.204,0.203,0.202,0.201,0.199,0.198,0.197,0.208,0.209,0.21,0.211,0.212,0.213,0.214,0.215,0.216,0.217,34147.4,286511.6,30866.4,25015.5,105432.6,1428.9,327.8,1486.3,3045.3,26.1,2804.5,202919.6,137594.7,47814.7,119289.4,42132.7,61470.2,37088.2,6509.9,3110.6
290,0.207,0.206,0.205,0.204,0.203,0.202,0.201,0.199,0.198,0.197,0.208,0.209,0.21,0.211,0.212,0.213,0.214,0.215,0.216,0.217,20571.5,270364.6,30756.9,25157.6,105432.6,1428.9,66.9,1752.2,3045.3,26.1,15038.7,209003,133281.2,47814.7,119289.4,42132.7,62593,28565,6509.9,3110.6
291,0.207,0.206,0.205,0.204,0.203,0.202,0.201,0.199,0.198,0.197,0.208,0.209,0.21,0.211,0.212,0.213,0.214,0.215,0.216,0.217,18471.3,275327.3,48629.5,25449.2,105446,1428.9,66.9,1752.2,3045.3,26.1,15065.2,210116.5,133281.2,47814.7,119289.4,42132.7,66962,24196,6509.9,3110.6
292,0.207,0.206,0.205,0.204,0.203,0.202,0.201,0.2,0.199,0.198,0.208,0.209,0.21,0.211,0.212,0.213,0.214,0.215,0.216,0.217,15141.8,176801.6,159207,14784.1,108633.2,3092.8,42,25,1752.2,3020,16902.1,202732.5,134806.6,46678.3,119621.6,42629.9,66962,24196,4631.1,3110.6
293,0.207,0.206,0.205,0.204,0.203,0.202,0.201,0.2,0.199,0.198,0.208,0.209,0.21,0.211,0.212,0.213,0.214,0.215,0.216,0.217,11213.6,181642.2,160156.7,14784.1,108738.3,3586.9,42,25,1752.2,3045.1,17116.1,209697.1,132940.9,47129.7,131869.2,55826,45436.2,24196,261.8,3110.6
294,0.207,0.206,0.205,0.204,0.203,0.202,0.201,0.2,0.199,0.198,0.208,0.209,0.21,0.211,0.212,0.213,0.214,0.215,0.216,0.217,11213.6,179625.5,159112,15271.2,108738.3,3586.9,42,25,1752.2,3045.1,17116.1,204204.7,132940.9,47129.7,131869.2,55826,53735.7,15896.5,261.8,3110.6
295,0.207,0.206,0.205,0.204,0.203,0.202,0.201,0.2,0.199,0.198,0.208,0.209,0.21,0.211,0.212,0.213,0.214,0.215,0.216,0.217,7771.3,181722.1,158260.8,15653.2,108738.3,3586.9,42,25,1752.2,3045.1,17089.6,204231.2,132940.9,47129.7,131869.2,55826,53735.7,15896.5,261.8,3110.6
296,0.207,0.206,0.205,0.204,0.203,0.202,0.201,0.2,0.199,0.198,0.208,0.209,0.21,0.211,0.212,0.213,0.214,0.215,0.216,0.217,7901,182563.1,159230.2,14679,108738.3,3586.9,42,25,1752.2,3045.1,19440.7,201880.1,132940.9,47129.7,131869.2,55826,53735.7,15896.5,261.8,3110.6
297,0.207,0.206,0.205,0.204,0.203,0.202,0.201,0.2,0.199,0.198,0.208,0.209,0.21,0.211,0.212,0.213,0.214,0.215,0.216,0.217,7901,182563.1,157573.4,15653.2,108738.3,3586.9,42,25,1752.2,3045.1,19440.7,203827.7,131123.7,47129.7,131869.2,55826,69585.4,46.8,3326.1,46.3
298,0.207,0.206,0.205,0.204,0.203,0.202,0.201,0.2,0.199,0.198,0.208,0.209,0.21,0.211,0.212,0.213,0.214,0.215,0.216,0.217,7901,180128.6,161729.5,15024,108738.3,3586.9,42,25,1752.2,3045.1,18858.2,201880.1,132940.9,47129.7,131869.2,55826,69585.4,46.8,3326.1,46.3
299,0.207,0.206,0.205,0.204,0.203,0.202,0.201,0.2,0.199,0.198,0.208,0.209,0.21,0.211,0.212,0.213,0.214,0.215,0.216,0.217,11884.1,179737.2,158573.1,14536.9,108738.3,3586.9,42,25,1752.2,3045.1,16348.1,206874.1,134806.6,46678.3,119621.6,68525,69585.4,46.8,3326.1,46.3
300,0.207,0.206,0.205,0.204,0.203,0.202,0.201,0.2,0.199,0.198,0.208,0.209,0.21,0.211,0.212,0.213,0.214,0.215,0.216,0.217,7666.6,182566.7,159406.6,14536.9,108738.3,3586.9,42,25,1752.2,3045.1,16477.6,208677.3,132940.9,46861.4,132137.5,78677.1,46734.3,46.8,3326.1,46.3
301,0.207,0.206,0.205,0.204,0.203,0.202,0.201,0.2,0.199,0.198,0.208,0.209,0.21,0.211,0.212,0.213,0.214,0.215,0.216,0.217,10941.1,181373.1,159406.6,14536.9,108738.3,3586.9,42,25,1752.2,3045.1,16348.1,208770.3,132940.9,46861.4,132137.5,78677.1,46734.3,46.8,3326.1,46.3
302,0.207,0.206,0.205,0.204,0.203,0.202,0.201,0.2,0.199,0.198,0.208,0.209,0.21,0.211,0.212,0.213,0.214,0.215,0.216,0.217,23303.4,273039.3,48248,17712.3,111537.2,2028.7,42,25,1752.2,3045.1,1862.6,84392.8,245163.6,17326.7,11012.7,201193.4,46734.3,46.8,3326.1,46.3
303,0.207,0.206,0.205,0.204,0.203,0.202,0.201,0.2,0.199,0.198,0.208,0.209,0.21,0.211,0.212,0.213,0.214,0.215,0.216,0.217,30994.8,273521,47228,17857.6,111537.2,2028.7,42,25,1752.2,3045.1,3859.9,228709.8,134732.5,47948.3,119446.5,92759.6,46734.3,46.8,3326.1,46.3
304,0.207,0.206,0.205,0.204,0.203,0.202,0.201,0.2,0.199,0.198,0.208,0.209,0.21,0.211,0.212,0.213,0.214,0.215,0.216,0.217,17058.5,276110.9,49677.1,17854.4,111537.2,2028.7,42,25,1752.2,3045.1,15271.4,226123.9,128375.1,48892.5,132150.7,80060.6,46734.3,46.8,3326.1,46.3
305,0.207,0.206,0.205,0.204,0.203,0.202,0.201,0.2,0.199,0.198,0.208,0.209,0.21,0.211,0.212,0.213,0.214,0.215,0.216,0.217,25598.7,273820.8,51960.2,17854.4,111539.5,2028.7,42,25,1752.2,3045.1,15271.4,226123.9,128375.1,48892.5,132150.7,80060.6,46734.3,46.8,3326.1,46.3
306,0.207,0.206,0.205,0.204,0.203,0.202,0.201,0.2,0.199,0.198,0.208,0.209,0.21,0.211,0.212,0.213,0.214,0.215,0.216,0.217,25573.1,273861.1,50954,17900.5,111539.5,2028.7,42,25,1752.2,3045.1,17622.5,226098.4,128374.4,40659.2,131853.1,80060.6,46734.3,46.8,3326.1,46.3
307,0.207,0.206,0.205,0.204,0.203,0.202,0.201,0.2,0.199,0.198,0.208,0.209,0.21,0.211,0.212,0.213,0.214,0.215,0.216,0.217,16466,273861.1,49292.7,18496.1,111539.5,2028.7,42,25,1752.2,3045.1,18777.5,219732,126557.2,40847.5,131664.8,80060.6,46734.3,46.8,3326.1,46.3
308,0.206,0.205,0.204,0.203,0.202,0.201,0.2,0.199,0.197,0.196,0.207,0.208,0.209,0.21,0.211,0.212,0.213,0.214,0.215,0.216,25398.9,207251.8,124950.9,3280.5,106903.2,1780.5,25,1752.2,26.1,25.6,3273.3,72899.2,185745.8,54371.8,14387.3,94412,78677.1,46734.3,46.8,3326.1
309,0.206,0.205,0.204,0.203,0.202,0.201,0.2,0.199,0.197,0.196,0.207,0.208,0.209,0.21,0.211,0.212,0.213,0.214,0.215,0.216,24399.3,206671.8,123721,6755.2,107045.3,1780.5,25,1752.2,3086.7,25.6,16454.1,216069.2,134660.7,48606.3,123346.4,21772.6,79143.6,46533.3,46.8,3064.3
310,0.206,0.205,0.204,0.203,0.202,0.201,0.2,0.199,0.197,0.196,0.207,0.208,0.209,0.21,0.211,0.212,0.213,0.214,0.215,0.216,23234.2,204839.2,124129.6,7839.4,107045.3,1780.5,25,1752.2,3086.7,25.6,16480.7,217437.3,134660.7,48606.3,123346.4,21772.6,87443.1,38233.8,46.8,3064.3
311,0.206,0.205,0.204,0.203,0.202,0.201,0.2,0.199,0.197,0.196,0.207,0.208,0.209,0.21,0.211,0.212,0.213,0.214,0.215,0.216,16228.2,203014.3,137229.4,7307.9,107045.3,1780.5,25,1752.2,3086.7,25.6,7997.5,208123.8,144943.8,47193.7,130706.6,14537.4,103292.8,22259.1,46.8,3064.3
312,0.206,0.205,0.204,0.203,0.202,0.201,0.2,0.199,0.197,0.196,0.207,0.208,0.209,0.21,0.211,0.212,0.213,0.214,0.215,0.216,26396.8,283044.1,24257.8,24793.6,98378.1,1942.7,25,1604.8,3086.7,25.6,3959.4,204441.8,135536.2,40382.5,115784.1,17222,108300,22259.1,46.8,3064.3
313,0.206,0.205,0.204,0.203,0.202,0.201,0.2,0.199,0.197,0.196,0.207,0.208,0.209,0.21,0.211,0.212,0.213,0.214,0.215,0.217,25649.4,290668,25215.4,23850.4,105239.3,1878.3,25,1604.8,3086.7,25.6,3608.8,223931.5,131967.3,48720,123014.8,17205,108300,22259.1,3111.1,46.3
314,0.206,0.205,0.204,0.203,0.202,0.201,0.2,0.199,0.197,0.196,0.207,0.208,0.209,0.21,0.211,0.212,0.213,0.214,0.215,0.217,25429.6,290696.2,25215.4,23850.4,105733.4,1878.3,25,1604.8,3086.7,25.6,3608.8,223890.4,132071.8,48615.1,123203.1,17016.7,108300,22259.1,3111.1,46.3
315,0.206,0.205,0.204,0.203,0.202,0.201,0.2,0.199,0.197,0.196,0.207,0.208,0.209,0.21,0.211,0.212,0.213,0.214,0.215,0.217,23487.9,290707.9,25215.4,23992.5,105591.3,1878.3,50,1604.8,3086.7,25.6,5012.6,223766.7,132071.8,48615.1,123203.1,17016.7,108300,22259.1,3111.1,7378
316,0.206,0.205,0.204,0.203,0.202,0.201,0.2,0.199,0.197,0.196,0.207,0.208,0.209,0.21,0.211,0.212,0.213,0.214,0.215,0.217,17425.5,295918.5,25215.4,23992.5,105591.3,1878.3,50,1604.8,3086.7,25.6,16773.6,223671,132071.8,48615.1,123471.4,39599.5,85448.9,22259.1,3111.1,7378
317,0.206,0.205,0.204,0.203,0.202,0.201,0.2,0.199,0.197,0.196,0.207,0.208,0.209,0.21,0.211,0.212,0.213,0.214,0.215,0.217,12265.3,298558.2,25400.7,24339.9,105239.3,1878.3,250,1604.8,3086.7,25.6,3608.8,223767.6,131967.3,48721,123014.8,40056.1,85448.9,22259.1,3111.1,7378
318,0.206,0.205,0.204,0.203,0.202,0.201,0.2,0.199,0.197,0.196,0.207,0.208,0.209,0.21,0.211,0.212,0.213,0.214,0.215,0.217,13189.3,275870.2,27898.6,23850.4,105733.4,2523.9,250,1604.8,3086.7,25.6,18344.6,223934.4,133905.9,46780.2,130706.6,35833,80441.7,22259.1,3111.1,7378
319,0.206,0.205,0.204,0.203,0.202,0.201,0.2,0.199,0.197,0.196,0.207,0.208,0.209,0.21,0.211,0.212,0.213,0.214,0.215,0.217,14085.9,275870.2,25380.3,24971.5,105591.3,2523.9,250,1604.8,3086.7,25.6,18344.6,223842.1,133905.9,46780.2,130706.6,35833,89498.4,13202.4,3111.1,7378
320,0.206,0.205,0.204,0.203,0.202,0.201,0.2,0.199,0.197,0.196,0.207,0.208,0.209,0.21,0.211,0.212,0.213,0.214,0.215,0.217,14085.9,279953.5,42436.4,24482,105591.3,2523.9,225,1604.8,3086.7,186.4,18344.6,223844.7,133905.9,46780.2,130706.6,35833,98021.6,4679.2,3111.1,7523.2
321,0.206,0.205,0.204,0.203,0.202,0.201,0.2,0.199,0.197,0.196,0.207,0.208,0.209,0.21,0.211,0.212,0.213,0.214,0.215,0.217,13295.9,282401.1,41472.4,24725.7,105591.3,2523.9,225,1604.8,3086.7,186.4,18542.8,223776.6,133905.9,46780.2,130894.9,35644.7,102390.6,310.2,3111.1,7523.2
322,0.206,0.205,0.204,0.203,0.202,0.201,0.2,0.199,0.197,0.196,0.207,0.208,0.209,0.21,0.211,0.212,0.213,0.214,0.215,0.217,13295.9,282401.2,40985.3,24920.2,105591.3,2523.9,225,1604.8,3086.7,186.4,18542.8,225523.2,132199,48502.9,129172.2,35644.7,102390.6,310.2,3111.1,7523.2
323,0.206,0.205,0.204,0.203,0.202,0.201,0.2,0.199,0.197,0.196,0.207,0.208,0.209,0.21,0.211,0.212,0.213,0.214,0.215,0.217,13295.9,282401.2,41959.5,23911.7,106233.7,1878.3,225,1604.8,3086.7,186.4,18542.8,223847.6,133905.9,46780.2,130894.9,57170.5,80864.8,310.2,3111.1,7523.2
324,0.206,0.205,0.204,0.203,0.202,0.201,0.2,0.199,0.197,0.196,0.207,0.208,0.209,0.21,0.211,0.212,0.213,0.214,0.215,0.217,13093.7,282401.2,42427.1,23911.7,106233.7,1878.3,225,1604.8,3086.7,186.4,15369.8,221077.8,132199,48502.9,129172.2,57170.5,80864.8,310.2,3111.1,7523.2
325,0.206,0.205,0.204,0.203,0.202,0.201,0.2,0.199,0.197,0.196,0.207,0.208,0.209,0.21,0.211,0.212,0.213,0.214,0.215,0.217,13093.7,282404.3,42513.7,23280.1,106233.7,1878.3,225,1604.8,3086.7,186.4,16360.6,219370.9,133905.9,46780.2,130894.9,57170.5,80864.8,310.2,3111.1,7523.2
326,0.206,0.205,0.204,0.203,0.202,0.201,0.2,0.199,0.197,0.196,0.207,0.208,0.209,0.21,0.211,0.212,0.213,0.214,0.215,0.217,18180.3,279552.4,39265.7,23769.6,105591.3,2518.5,225,1604.8,3086.7,186.4,16684.1,219501.3,132493.3,48192.8,123471.4,59586.8,85872,310.2,3111.1,7523.2
327,0.206,0.205,0.204,0.203,0.202,0.201,0.2,0.199,0.197,0.196,0.207,0.208,0.209,0.21,0.211,0.212,0.213,0.214,0.215,0.217,18141,279552.3,40081.6,23422.2,105591.3,2121.9,225,1604.8,3086.7,186.4,16116,219501.3,132493.3,48192.8,123471.4,59586.8,85872,310.2,3111.1,7523.2
328,0.206,0.205,0.204,0.203,0.202,0.201,0.2,0.199,0.197,0.196,0.207,0.208,0.209,0.21,0.211,0.212,0.213,0.214,0.215,0.217,17995.1,279552.3,40081.6,23422.2,105591.3,1978.3,225,1604.8,3086.7,186.4,15998,223897.4,132493.3,48192.8,123471.4,59586.8,85872,310.2,3111.1,7523.2
329,0.206,0.205,0.204,0.203,0.202,0.201,0.2,0.199,0.197,0.196,0.207,0.208,0.209,0.21,0.211,0.212,0.213,0.214,0.215,0.217,17995.1,278417.4,41222.5,19242.4,105591.3,1978.3,225,1604.8,3086.7,186.4,15184.7,223846.4,133905.9,46780.2,123471.4,59586.8,85872,310.2,3111.1,7523.2
330,0.206,0.205,0.204,0.203,0.202,0.201,0.2,0.199,0.197,0.196,0.207,0.208,0.209,0.21,0.211,0.212,0.213,0.214,0.215,0.217,17995.1,282773.9,40735.4,19731.9,105591.3,1978.3,225,1604.8,3086.7,186.4,16033.8,223878.7,133905.9,46780.2,123471.4,59586.8,85872,310.2,3111.1,7523.2
331,0.206,0.205,0.204,0.203,0.202,0.201,0.2,0.199,0.197,0.196,0.207,0.208,0.209,0.21,0.211,0.212,0.213,0.214,0.215,0.217,12686,282409.4,41156.1,21200.4,105591.3,1978.3,225,1604.8,3086.7,186.4,18590.8,223232,132040.2,48502.9,129172.2,57170.5,80864.8,310.2,3111.1,7523.2
332,0.206,0.205,0.204,0.203,0.202,0.201,0.2,0.199,0.197,0.196,0.207,0.208,0.209,0.21,0.211,0.212,0.213,0.214,0.215,0.217,14972.2,278417.1,40554,19731.9,105591.3,1978.3,225,1604.8,3086.7,186.4,14859,221852.3,133905.9,46780.2,123471.4,59586.8,85872,310.2,3111.1,7523.2
333,0.206,0.205,0.204,0.203,0.202,0.201,0.2,0.199,0.197,0.196,0.207,0.208,0.209,0.21,0.211,0.212,0.213,0.214,0.215,0.217,19513.4,280862.3,40755.9,19731.9,105591.3,1978.3,225,1604.8,3086.7,186.4,15697.8,212273.6,129613.4,49395.5,121748.7,61010.3,78436.8,310.2,3111.1,7523.2
334,0.206,0.205,0.204,0.203,0.202,0.201,0.2,0.199,0.198,0.197,0.207,0.208,0.209,0.21,0.211,0.212,0.213,0.214,0.215,0.217,3077.3,181069.6,165694.3,13545.4,105045.5,4600.5,200,1604.8,25.3,26.1,24873.5,211370.1,131276.6,51098.5,128800.3,57982.2,74509.6,310.2,3111.1,8603.2
335,0.206,0.205,0.204,0.203,0.202,0.201,0.2,0.199,0.198,0.197,0.207,0.208,0.209,0.21,0.211,0.212,0.213,0.214,0.215,0.217,5107.9,186914.2,161448.7,14871.8,104695.7,3058.3,200,1604.8,25.3,26.1,20594.7,216912.6,131276.6,51098.5,128800.3,57982.2,74509.6,310.2,3111.1,8603.2
336,0.206,0.205,0.204,0.203,0.202,0.201,0.2,0.199,0.198,0.197,0.207,0.208,0.209,0.21,0.211,0.212,0.213,0.214,0.215,0.217,5027.3,186897.6,161639.9,14871.8,104699.8,3058.3,200,1604.8,25.3,26.1,20594.7,215554.8,131276.6,51098.5,128800.3,57982.2,74509.6,310.2,3111.1,8603.2
337,0.206,0.205,0.204,0.203,0.202,0.201,0.2,0.199,0.198,0.197,0.207,0.208,0.209,0.21,0.211,0.212,0.213,0.214,0.215,0.217,5027.3,186895.5,162232.3,14278.6,104699.8,3703.9,200,1604.8,25.3,26.1,20594.7,215554.9,131276.6,51098.5,128800.3,57982.2,74509.6,310.2,3111.1,8603.2
338,0.206,0.205,0.204,0.203,0.202,0.201,0.2,0.199,0.198,0.197,0.207,0.208,0.209,0.21,0.211,0.212,0.213,0.214,0.215,0.217,5027.3,185567.3,162017.8,13299.6,104594.1,3703.9,200,1604.8,25.3,26.1,19877.6,212391,130763.3,51617.9,128800.3,57982.2,74509.6,310.2,3111.1,8603.2
339,0.206,0.205,0.204,0.203,0.202,0.201,0.2,0.199,0.198,0.197,0.207,0.208,0.209,0.21,0.211,0.212,0.213,0.214,0.215,0.217,5027.3,185569.2,161830.9,13441.7,104594.1,3703.9,200,1604.8,25.3,3086.7,19635.2,212391,127999.3,54381.9,128800.3,57982.2,74509.6,310.2,3111.1,8603.2
340,0.206,0.205,0.204,0.203,0.202,0.201,0.2,0.199,0.198,0.197,0.207,0.208,0.209,0.21,0.211,0.212,0.213,0.214,0.215,0.217,5027.3,185543.5,162318,12952.2,104594.1,3703.9,200,1604.8,25.3,3086.7,19339.8,215924,128501,54381.9,128800.3,57982.2,74509.6,310.2,3111.1,8603.2
341,0.206,0.205,0.204,0.203,0.202,0.201,0.2,0.199,0.198,0.197,0.207,0.208,0.209,0.21,0.211,0.212,0.213,0.214,0.215,0.217,5054.1,185525.5,161343.8,13931.2,104594.1,3703.9,200,1604.8,25.3,3086.7,18896.2,212368.5,128397.3,54486.1,128800.3,57982.2,74509.6,310.2,3111.1,8603.2
342,0.206,0.205,0.204,0.203,0.202,0.201,0.2,0.199,0.198,0.197,0.207,0.208,0.209,0.21,0.211,0.212,0.213,0.214,0.215,0.217,9208.5,154672.9,160283.1,12952.2,104100,3703.9,200,1604.8,25.3,3086.7,18896.2,178924.7,123964.1,16039.2,128800.3,57982.2,74509.6,310.2,3111.1,8603.2
343,0.206,0.205,0.204,0.203,0.202,0.201,0.2,0.199,0.198,0.197,0.207,0.208,0.209,0.21,0.211,0.212,0.213,0.214,0.215,0.217,18866.9,154699.7,159020.3,12952.2,104100,3703.9,200,1604.8,25.3,3086.7,19895.3,178944.5,124069.7,15935,128800.3,57982.2,74509.6,310.2,3111.1,8603.2
344,0.206,0.205,0.204,0.203,0.202,0.201,0.2,0.199,0.198,0.197,0.207,0.208,0.209,0.21,0.211,0.212,0.213,0.214,0.215,0.217,16848.1,150681.4,160387.8,12952.2,104100,3703.9,200,1604.8,25.3,3086.7,18896.2,178794.9,124069.7,15935,128800.3,57982.2,74509.6,310.2,3111.1,8603.2
345,0.206,0.205,0.204,0.203,0.202,0.201,0.2,0.199,0.198,0.197,0.207,0.208,0.209,0.21,0.211,0.212,0.213,0.214,0.215,0.217,16874.9,150654.6,159020.3,12952.2,104100,3703.9,200,1604.8,25.3,3086.7,18896.2,178957.8,124069.7,15935,128800.3,57982.2,74043.1,774.5,3111.1,8603.2
346,0.206,0.205,0.204,0.203,0.202,0.201,0.2,0.199,0.198,0.197,0.207,0.208,0.209,0.21,0.211,0.212,0.213,0.214,0.215,0.217,16874.9,150654.6,160019.4,12810.1,104100,3207.3,200,1604.8,25.3,3086.7,18896.2,179005,124069.7,15935,128800.3,57982.2,74043.1,774.5,3111.1,8603.2
347,0.206,0.205,0.204,0.203,0.202,0.201,0.2,0.199,0.198,0.197,0.207,0.208,0.209,0.21,0.211,0.212,0.213,0.214,0.215,0.217,19662.4,182867.1,159876.6,12952.2,104742.4,3058.3,200,1604.8,25.3,3086.7,16898.9,216065.2,128470,52948.3,128800.3,57982.2,74043.1,774.5,3111.1,8603.2
348,0.207,0.206,0.205,0.204,0.203,0.202,0.201,0.2,0.199,0.197,0.208,0.209,0.21,0.211,0.212,0.213,0.214,0.215,0.216,0.217,8472.6,172516.3,145699.2,50712.3,108777.2,1696.3,2383.7,225,1604.8,3086.7,32509.1,277377.6,21013.8,59620.6,172329.1,79050.3,310.2,3111.1,460,8603.2
349,0.207,0.206,0.205,0.204,0.203,0.202,0.201,0.2,0.199,0.198,0.208,0.209,0.21,0.211,0.212,0.213,0.214,0.215,0.216,0.217,7850.7,172516.3,139053.1,49511.9,109268.9,2333.4,1743.5,225,1604.8,3045.1,33692.4,277810,21013.8,59620.6,172329.1,71904.8,9913.4,3111.1,460,8603.2
350,0.207,0.206,0.205,0.204,0.203,0.202,0.201,0.2,0.199,0.198,0.208,0.209,0.21,0.211,0.212,0.213,0.214,0.215,0.216,0.217,5853.4,172516.3,139688.4,48876.5,109268.9,2827.5,1246.9,225,1604.8,3045.1,24919.6,286599.5,21013.8,59620.6,172329.1,71904.8,9913.4,3111.1,460,8603.2
351,0.207,0.206,0.205,0.204,0.203,0.202,0.201,0.2,0.199,0.198,0.208,0.209,0.21,0.211,0.212,0.213,0.214,0.215,0.216,0.217,19231.3,175177,136486.2,40287.9,109268.9,2827.5,1246.9,225,1604.8,3045.1,22819.6,288742.8,21013.8,59620.6,172329.1,71904.8,9913.4,3111.1,460,8603.2
352,0.207,0.206,0.205,0.204,0.203,0.202,0.201,0.2,0.199,0.198,0.208,0.209,0.21,0.211,0.212,0.213,0.214,0.215,0.216,0.217,19196.1,185912.7,140856.3,39800.8,109268.9,2827.5,1246.9,225,1604.8,3045.1,22819.6,288846,21013.8,59620.6,172329.1,67535.8,14282.4,3111.1,460,8603.2
353,0.207,0.206,0.205,0.204,0.203,0.202,0.201,0.2,0.199,0.197,0.208,0.209,0.21,0.211,0.212,0.213,0.214,0.215,0.216,0.217,6060.5,195464.8,145180.8,40142.3,112006.2,2444.4,1718.6,225,1604.8,3061.4,23915.3,271166.2,22216.1,63093.1,172808.8,66158.1,14746.7,3111.1,1080,8603.2
354,0.207,0.206,0.205,0.204,0.203,0.202,0.201,0.2,0.199,0.197,0.208,0.209,0.21,0.211,0.212,0.213,0.214,0.215,0.216,0.217,6222.8,190933.4,144597,41603.6,112006.2,2302.3,1718.6,225,1604.8,3061.4,34127.6,267163,19584.4,63093.1,172808.8,66158.1,14282.4,3111.1,1540,8603.2
355,0.207,0.206,0.205,0.204,0.203,0.202,0.201,0.2,0.199,0.197,0.208,0.209,0.21,0.211,0.212,0.213,0.214,0.215,0.216,0.217,3950.9,209063.4,143757.6,42088.8,95201.8,3723.9,1718.6,225,1604.8,3061.4,33452.1,263957.4,19584.4,59141.1,172363.6,57858.6,22581.9,3111.1,1540,8603.2
356,0.207,0.206,0.205,0.204,0.203,0.202,0.201,0.2,0.199,0.197,0.208,0.209,0.21,0.211,0.212,0.213,0.214,0.215,0.216,0.217,3950.9,190942.3,143272.9,42090.7,113327,4218,1222,225,1604.8,3061.4,33293.3,269277.1,19852.7,58872.8,172363.6,57858.6,22581.9,3111.1,1540,8603.2
357,0.207,0.206,0.205,0.204,0.203,0.202,0.201,0.2,0.199,0.197,0.208,0.209,0.21,0.211,0.212,0.213,0.214,0.215,0.216,0.217,19531.4,191289.1,142887.3,42088.8,113322.9,2796.4,1222,225,1604.8,3061.4,25220.2,283287.3,19851.2,59171.1,172312.2,42008.9,38431.6,46.8,4604.3,8603.2
358,0.207,0.206,0.205,0.204,0.203,0.202,0.201,0.2,0.199,0.198,0.208,0.209,0.21,0.211,0.212,0.213,0.214,0.215,0.216,0.217,19531.4,191289.1,144744.4,41114.6,113322.9,2796.4,1222,225,1604.8,3045.1,27379.6,283350.9,19851.2,59171.1,172312.2,42008.9,38431.6,46.8,4604.3,8603.2
359,0.207,0.206,0.205,0.204,0.203,0.202,0.201,0.2,0.199,0.198,0.208,0.209,0.21,0.211,0.212,0.213,0.214,0.215,0.216,0.217,19298.1,193721.6,142784.7,40142.3,113327,2796.4,1222,225,1604.8,3045.1,23749.7,281481,21064.3,59439.4,172312.2,42008.9,38431.6,46.8,4604.3,8603.2
360,0.207,0.206,0.205,0.204,0.203,0.202,0.201,0.2,0.199,0.198,0.208,0.209,0.21,0.211,0.212,0.213,0.214,0.215,0.216,0.217,19298.1,187071.1,141897,40142.3,113327,2796.4,1222,225,1604.8,4125.1,23749.7,284901.8,21064.3,59439.4,149461.1,64860,38431.6,46.8,4604.3,8603.2
361,0.207,0.206,0.205,0.204,0.203,0.202,0.201,0.2,0.199,0.198,0.208,0.209,0.21,0.211,0.212,0.213,0.214,0.215,0.216,0.217,19298.1,187071.1,143624.7,40142.3,113327,2796.4,1222,225,1604.8,4125.1,23749.7,284904.6,21332.6,59171.1,149461.1,64860,38431.6,46.8,4604.3,8603.2
362,0.207,0.206,0.205,0.204,0.203,0.202,0.201,0.2,0.199,0.198,0.208,0.209,0.21,0.211,0.212,0.213,0.214,0.215,0.216,0.217,19400.7,189218.8,141026.2,40142.3,113327,2796.4,1222,225,1604.8,4125.1,23722.9,279594,21332.6,59171.1,149461.1,55803.3,47488.3,46.8,4604.3,1271.5
363,0.207,0.206,0.205,0.204,0.203,0.202,0.201,0.2,0.199,0.198,0.208,0.209,0.21,0.211,0.212,0.213,0.214,0.215,0.216,0.217,19310,189218.8,141087.9,40524.1,113327,2796.4,1222,225,1604.8,4125.1,25429.8,283700.8,21081.2,59171.1,149461.1,55803.3,47488.3,46.8,4604.3,1271.5
