timestamp,bid_price_0,bid_price_1,bid_price_2,bid_price_3,bid_price_4,bid_price_5,bid_price_6,bid_price_7,bid_price_8,bid_price_9,ask_price_0,ask_price_1,ask_price_2,ask_price_3,ask_price_4,ask_price_5,ask_price_6,ask_price_7,ask_price_8,ask_price_9,bid_size_0,bid_size_1,bid_size_2,bid_size_3,bid_size_4,bid_size_5,bid_size_6,bid_size_7,bid_size_8,bid_size_9,ask_size_0,ask_size_1,ask_size_2,ask_size_3,ask_size_4,ask_size_5,ask_size_6,ask_size_7,ask_size_8,ask_size_9
0,2.677,2.676,2.675,2.674,2.673,2.672,2.671,2.67,2.669,2.668,2.678,2.679,2.68,2.681,2.682,2.683,2.684,2.685,2.686,2.687,509.58,530.28,2154.9,492.71,1042.65,1288.62,1706.75,858.37,641.39,139.69,40.5,190.38,977.29,1532.98,1528.77,1114.67,2877.9,473.09,571.15,544.74
1,2.677,2.676,2.675,2.674,2.673,2.672,2.671,2.67,2.669,2.668,2.679,2.68,2.681,2.682,2.683,2.684,2.685,2.686,2.687,2.688,586.22,702.32,1858.72,666.87,1786.94,1419.98,1711.68,458.25,647.04,139.69,187.57,1037.71,2044.57,1648.53,1144.12,1810.49,860.06,571.15,544.74,625.27
2,2.679,2.678,2.677,2.676,2.675,2.674,2.673,2.672,2.671,2.67,2.68,2.681,2.682,2.683,2.684,2.685,2.686,2.687,2.688,2.689,3.74,442.44,1138.31,1135.56,2454.47,798.88,1494.12,490.26,745.34,510.96,40.5,283.8,823.31,1043.89,2422.52,806.11,2163.23,551.03,1646.84,87.08
3,2.679,2.678,2.677,2.676,2.675,2.674,2.673,2.672,2.671,2.67,2.68,2.681,2.682,2.683,2.684,2.685,2.686,2.687,2.688,2.689,110.72,470.11,1134.99,1258.73,2419.54,1016.18,2322.44,490.26,945.02,811.66,47.05,596.58,1717.82,731.44,2396.35,378.11,2095.15,551.03,1646.84,89.83
4,2.677,2.676,2.675,2.674,2.673,2.672,2.671,2.67,2.669,2.668,2.678,2.679,2.68,2.681,2.682,2.683,2.684,2.685,2.686,2.687,432.67,255.27,833.42,1441.6,1666.06,1257.5,1882.8,843.84,241.27,102.57,60.72,268.74,1046.19,1775.43,2099.17,735.24,2148.35,84.13,571.15,544.74
5,2.679,2.678,2.677,2.676,2.675,2.674,2.673,2.672,2.671,2.67,2.68,2.681,2.682,2.683,2.684,2.685,2.686,2.687,2.688,2.689,110.72,714.69,1706.22,1622.02,1712,1472.7,1264.47,488.36,367.59,896.55,47.05,388.44,1328.54,1399.62,2242.59,77.84,2159.79,551.03,625.27,269.76
6,2.682,2.681,2.68,2.679,2.678,2.677,2.676,2.675,2.674,2.673,2.683,2.684,2.685,2.686,2.687,2.688,2.689,2.69,2.691,2.692,110.72,368.75,978.99,1609.44,1118.37,2380.46,1333.15,460.54,547.03,878.89,40.5,292.04,948.25,1893.05,1805.43,2194.88,654.17,989.03,270.85,2587.36
7,2.684,2.683,2.682,2.681,2.68,2.679,2.678,2.677,2.676,2.675,2.685,2.686,2.687,2.688,2.689,2.69,2.691,2.692,2.693,2.694,73.96,499.41,806.49,754.48,2245.29,2078.28,1254.54,1067.85,550.13,513.31,23.01,804.91,831.93,2465.71,694.54,2570.67,87.02,793.47,86.99,2198.31
8,2.679,2.678,2.677,2.676,2.675,2.674,2.673,2.672,2.671,2.67,2.68,2.681,2.682,2.683,2.684,2.685,2.686,2.687,2.688,2.689,114.46,559.64,1046.05,1119.37,1772.87,2035.47,2492.02,493.44,375.38,510.97,40.5,570.21,1899.65,2012.98,908.96,1226.46,1380.62,93.39,1353.4,87.08
9,2.68,2.679,2.678,2.677,2.676,2.675,2.674,2.673,2.672,2.671,2.681,2.682,2.683,2.684,2.685,2.686,2.687,2.688,2.689,2.69,70.22,300.11,1014.3,3289,1412.6,2244.09,558.07,1269.55,102.78,601.26,44.24,627.63,350.89,1464.03,1435.96,1862.67,1191.22,1767.61,87.08,1235.94
10,2.677,2.676,2.675,2.674,2.673,2.672,2.671,2.67,2.669,2.668,2.678,2.679,2.68,2.681,2.682,2.683,2.684,2.685,2.686,2.687,3.74,849.23,1544.98,1899.75,977.96,878.38,1545.6,1007.46,478.23,49.88,59.42,263.07,961.54,1291.24,757.61,1841.62,2350.13,828.3,571.15,1652.96
11,2.676,2.675,2.674,2.673,2.672,2.671,2.67,2.669,2.668,2.667,2.678,2.679,2.68,2.681,2.682,2.683,2.684,2.685,2.686,2.687,316.28,938.2,1773.26,2377.16,741.69,1045.12,1632.6,602.47,241.42,789.87,285.73,1088.97,939.31,801.95,1348.51,1852.16,1599.36,462,963.45,1863.08
12,2.678,2.677,2.676,2.675,2.674,2.673,2.672,2.671,2.67,2.669,2.679,2.68,2.681,2.682,2.683,2.684,2.685,2.686,2.687,2.688,110.72,670.2,1316.23,1981.79,1202.42,2267.79,478.91,1360.11,829.1,241.27,47.05,161.43,450.35,1641.99,1212.11,2331.57,773.46,1679.34,2414.97,574.21
13,2.678,2.677,2.676,2.675,2.674,2.673,2.672,2.671,2.67,2.669,2.679,2.68,2.681,2.682,2.683,2.684,2.685,2.686,2.687,2.688,79.05,229.23,1217.68,2302.48,929.74,1461.66,638.7,570.06,1192.59,241.27,47.05,49.86,451.77,1176.94,711.97,3709.36,462,1324.54,1660.63,746.27
14,2.682,2.681,2.68,2.679,2.678,2.677,2.676,2.675,2.674,2.673,2.683,2.684,2.685,2.686,2.687,2.688,2.689,2.69,2.691,2.692,48.65,342.59,574.69,1193.04,1216.69,1800.43,1438.02,1965.58,631.92,1355.9,6.54,441.36,1187.32,1972.95,1333.49,2486.13,445.51,1331.64,1131.77,748.59
15,2.683,2.682,2.681,2.68,2.679,2.678,2.677,2.676,2.675,2.674,2.684,2.685,2.686,2.687,2.688,2.689,2.69,2.691,2.692,2.693,387.55,490.78,806.67,928.58,2111.62,1382.2,1463.95,905.96,1171.85,619.67,44.23,654.56,1749.01,1555.28,1962.53,472.49,1351.04,87.02,745.84,1107.22
16,2.687,2.686,2.685,2.684,2.683,2.682,2.681,2.68,2.679,2.678,2.688,2.689,2.69,2.691,2.692,2.693,2.694,2.695,2.696,2.697,401.5,515.66,950.75,1170.54,1793.18,1694.75,1191.34,161.41,1206.45,743.53,40.5,504.99,1971.04,1425.91,2629.23,86.99,1801.78,93.26,814.31,1305.53
17,2.688,2.687,2.686,2.685,2.684,2.683,2.682,2.681,2.68,2.679,2.689,2.69,2.691,2.692,2.693,2.694,2.695,2.696,2.697,2.698,40.21,710.19,427.24,1184.36,2279.03,1457.94,2203.49,459.9,523.03,497.4,3.73,790.39,759.12,1307.75,502.08,1431.73,289.3,724.9,1460.22,577.19
18,2.689,2.688,2.687,2.686,2.685,2.684,2.683,2.682,2.681,2.68,2.69,2.691,2.692,2.693,2.694,2.695,2.696,2.697,2.698,2.699,40.5,394.77,719.48,557.35,1033.57,1809.4,1110.47,1853.86,459.9,523.03,645.52,624.46,724.91,698.61,1153.41,733.74,793.13,441.88,1595.34,174.56
19,2.69,2.689,2.688,2.687,2.686,2.685,2.684,2.683,2.682,2.681,2.692,2.693,2.694,2.695,2.696,2.697,2.698,2.699,2.7,2.701,528.34,822.05,583.73,1063.05,1123.68,2252.76,1658.36,1005.78,948.9,600.46,433.92,871.97,769.3,618.66,1036.91,526.04,932.12,331.31,1318.69,887.06
20,2.694,2.693,2.692,2.691,2.69,2.689,2.688,2.687,2.686,2.685,2.695,2.696,2.697,2.698,2.699,2.7,2.701,2.702,2.703,2.704,275.91,434.95,565.48,1357.69,1448.61,2655.71,605.26,1595.95,301.67,917.37,3.71,54.1,437,1941.67,278.88,893.28,960.55,231.97,626.1,1228.95
21,2.696,2.695,2.694,2.693,2.692,2.691,2.69,2.689,2.688,2.687,2.697,2.698,2.699,2.7,2.701,2.702,2.703,2.704,2.705,2.706,307.7,235.55,576.15,1302.79,1784.28,2688.07,762.82,1613.29,256.77,782.95,2.17,803.63,1066.23,887.26,784.73,697.02,634.84,205.78,512.72,1447.51
22,2.702,2.701,2.7,2.699,2.698,2.697,2.696,2.695,2.694,2.693,2.703,2.704,2.705,2.706,2.707,2.708,2.709,2.71,2.711,2.712,40.5,209.01,639.43,1145.69,1170.23,1476.05,1564.03,1153.28,441.12,1418.19,14.71,1015.13,1412.85,549.93,674.74,696.91,550.3,411.57,209.45,1794.62
23,2.701,2.7,2.699,2.698,2.697,2.696,2.695,2.694,2.693,2.692,2.702,2.703,2.704,2.705,2.706,2.707,2.708,2.709,2.71,2.711,40.5,345.42,1034.68,642.47,859.19,1295.83,2130.23,1083.05,1629.41,1203.3,40.5,696.41,1222.82,555.2,1003.1,378.51,93.27,550.3,405.28,465.57
24,2.703,2.702,2.701,2.7,2.699,2.698,2.697,2.696,2.695,2.694,2.704,2.705,2.706,2.707,2.708,2.709,2.71,2.711,2.712,2.713,40.5,253.03,723.34,912.95,1409.19,1373.14,1623.44,1472.4,1550.05,214.13,40.5,327.35,775.46,1280.98,521.21,980.3,411.57,389.38,1722.65,86.92
25,2.706,2.705,2.704,2.703,2.702,2.701,2.7,2.699,2.698,2.697,2.707,2.708,2.709,2.71,2.711,2.712,2.713,2.714,2.715,2.716,40.5,391.02,1140.43,1236.7,1437.52,1820.44,990.84,2007.67,849.69,918.9,3.81,161.47,423.69,1327.35,663.9,1051.39,696.85,357.38,790.11,1002.24
26,2.704,2.703,2.702,2.701,2.7,2.699,2.698,2.697,2.696,2.695,2.705,2.706,2.707,2.708,2.709,2.71,2.711,2.712,2.713,2.714,53.29,207.77,739.07,1123.64,1822.26,1308.51,770.41,1422.34,161.37,547.31,40.5,721.18,347.94,1347.46,807.96,568.24,628.62,577.48,266.85,359.83
27,2.702,2.701,2.7,2.699,2.698,2.697,2.696,2.695,2.694,2.693,2.703,2.704,2.705,2.706,2.707,2.708,2.709,2.71,2.711,2.712,47.73,101.14,866.74,1399.33,941.02,1081.84,934.72,1238.14,161.37,822.58,40.5,623.71,240.65,758.95,972.29,1006.88,1076.59,568.24,384.84,1827.15
28,2.702,2.701,2.7,2.699,2.698,2.697,2.696,2.695,2.694,2.693,2.703,2.704,2.705,2.706,2.707,2.708,2.709,2.71,2.711,2.712,40.5,281.73,1087.84,1059.67,2266.28,1750.41,1256.93,1238.14,1369.55,458.03,44.21,592.21,1095.44,777.59,875.68,605.01,1149.33,568.24,198.62,1896.42
29,2.703,2.702,2.701,2.7,2.699,2.698,2.697,2.696,2.695,2.694,2.704,2.705,2.706,2.707,2.708,2.709,2.71,2.711,2.712,2.713,44.64,789.77,1450.92,1953.54,1330.52,1267.51,921.35,1358.24,457.58,391.02,29.74,147.62,327.79,344.62,1064.34,1238.73,817.99,204.91,815.03,926.71
30,2.703,2.702,2.701,2.7,2.699,2.698,2.697,2.696,2.695,2.694,2.705,2.706,2.707,2.708,2.709,2.71,2.711,2.712,2.713,2.714,40.5,499.95,1490.74,1699.36,1654.44,2013.74,1367.22,1312.13,845.26,391,223.4,820.81,837.93,707.65,1092.57,817.99,384.84,815.03,1939.21,359.83
31,2.701,2.7,2.699,2.698,2.697,2.696,2.695,2.694,2.693,2.692,2.702,2.703,2.704,2.705,2.706,2.707,2.708,2.709,2.71,2.711,44.21,538.38,880.48,1637.02,1583.21,1455.64,1377.84,1717.48,458.03,967.46,40.5,433.99,809.47,1176.66,1129.17,516.86,852.32,719.33,568.24,267.87
32,2.701,2.7,2.699,2.698,2.697,2.696,2.695,2.694,2.693,2.692,2.702,2.703,2.704,2.705,2.706,2.707,2.708,2.709,2.71,2.711,11.56,376.24,1240.49,1594.26,2628.9,792.39,1502.87,1354.43,836.74,967.46,40.5,340.16,928.25,1179.16,1371.71,759.23,605.01,719.33,568.24,198.62
33,2.692,2.691,2.69,2.689,2.688,2.687,2.686,2.685,2.684,2.683,2.693,2.694,2.695,2.696,2.697,2.698,2.699,2.7,2.701,2.702,49.8,1279.51,2416.61,435.53,1544.97,556.96,1718.02,456.47,398.61,279.71,52.4,306.69,539.98,591.01,1219.15,1122.19,940.53,1164.56,1070.99,915.43
34,2.693,2.692,2.691,2.69,2.689,2.688,2.687,2.686,2.685,2.684,2.695,2.696,2.697,2.698,2.699,2.7,2.701,2.702,2.703,2.704,876.36,1015.09,1493.03,1889.02,865.53,1515.18,795.93,161.38,456.47,451.02,452.45,390.16,780.88,649.34,1549.64,1544.59,821.93,915.43,646.78,2729.6
35,2.692,2.691,2.69,2.689,2.688,2.687,2.686,2.685,2.684,2.683,2.694,2.695,2.696,2.697,2.698,2.699,2.7,2.701,2.702,2.703,302.29,1565.63,2072.83,1405.52,1354.78,2420.91,161.38,456.47,361.56,311.7,363.16,693.9,358.25,1016.44,1080.39,1358.76,1164.56,821.93,1260.83,440.67
36,2.694,2.693,2.692,2.691,2.69,2.689,2.688,2.687,2.686,2.685,2.695,2.696,2.697,2.698,2.699,2.7,2.701,2.702,2.703,2.704,40.5,966.55,916.32,1450.16,2021.26,1206.67,895.68,2358.6,161.38,456.47,51.54,358.25,797.08,689.34,1802.71,404.3,2847.56,555.62,1811.03,757.24
37,2.695,2.694,2.693,2.692,2.691,2.69,2.689,2.688,2.687,2.686,2.696,2.697,2.698,2.699,2.7,2.701,2.702,2.703,2.704,2.705,54.38,126.22,486.02,1010.45,1758.49,1992.58,1388.5,605.21,1555.41,161.38,51.21,581.85,709.9,2103.39,827.98,2590.32,198.39,1453.8,757.24,86.8
38,2.694,2.693,2.692,2.691,2.69,2.689,2.688,2.687,2.686,2.685,2.695,2.696,2.697,2.698,2.699,2.7,2.701,2.702,2.703,2.704,40.5,263.13,885.1,918.78,1680.47,2832.27,866.49,1175.04,908.47,456.47,44.22,477.13,982.27,732.63,2164.15,1954.3,1016.17,198.39,1346.54,757.24
39,2.69,2.689,2.688,2.687,2.686,2.685,2.684,2.683,2.682,2.681,2.691,2.692,2.693,2.694,2.695,2.696,2.697,2.698,2.699,2.7,3.73,94.43,254.75,1203.83,1487.35,1565.79,1472.46,413.6,1274.3,184.07,467.83,406.41,821.54,1083.81,1338.3,591.55,2357.61,198.48,870.22,579.28
40,2.685,2.684,2.683,2.682,2.681,2.68,2.679,2.678,2.677,2.676,2.686,2.687,2.688,2.689,2.69,2.691,2.692,2.693,2.694,2.695,44.23,238.44,1266.68,2731.86,965.5,937.18,1619.77,527.95,519.48,803.73,40.5,675.53,556.8,1219.75,925.89,2198.83,198.59,1624.99,198.55,495.29
41,2.681,2.68,2.679,2.678,2.677,2.676,2.675,2.674,2.673,2.672,2.682,2.683,2.684,2.685,2.686,2.687,2.688,2.689,2.69,2.691,427.32,1031.69,1269.66,1107.7,1664.08,1670.81,1416.46,352.51,640.94,139.34,40.5,622.17,474.59,800.7,510.63,1535.58,1009.41,1231.85,1373.62,1873.34
42,2.681,2.68,2.679,2.678,2.677,2.676,2.675,2.674,2.673,2.672,2.682,2.683,2.684,2.685,2.686,2.687,2.688,2.689,2.69,2.691,1048.4,709.15,1178.32,1147.64,1552.85,1085.66,889.16,352.51,640.94,139.34,40.5,476.46,349.48,769.97,401.21,1255.15,1487.69,827.88,1373.62,2616.74
43,2.682,2.681,2.68,2.679,2.678,2.677,2.676,2.675,2.674,2.673,2.683,2.684,2.685,2.686,2.687,2.688,2.689,2.69,2.691,2.692,40.5,677.43,1443.42,1384.05,1882.53,1428.56,1515.43,412.63,742.09,643.65,47.04,694.33,745.73,578.52,1251.81,2396.13,1115.05,1386.34,1755.98,218.2
44,2.681,2.68,2.679,2.678,2.677,2.676,2.675,2.674,2.673,2.672,2.682,2.683,2.684,2.685,2.686,2.687,2.688,2.689,2.69,2.691,44.24,384.53,1372.32,1261.05,1796.36,1633.22,1183.94,867.95,996.98,147.21,11.1,644.36,474.05,1053.71,1840.17,1346.57,1953.61,853.93,1602.46,649.62
45,2.681,2.68,2.679,2.678,2.677,2.676,2.675,2.674,2.673,2.672,2.683,2.684,2.685,2.686,2.687,2.688,2.689,2.69,2.691,2.692,231.34,1090.48,1468.66,838.36,1438.23,2127.41,821.17,898.32,695.91,104.66,133.16,465.53,789.37,1444.38,1828.8,1380.43,1238.55,721.52,1658.99,218.2
46,2.681,2.68,2.679,2.678,2.677,2.676,2.675,2.674,2.673,2.672,2.682,2.683,2.684,2.685,2.686,2.687,2.688,2.689,2.69,2.691,40.5,289.3,1059.76,2209.06,1403.2,1909.28,820.76,898.32,643.65,157.33,69.22,135.96,562.2,1338.82,1669.22,2003.14,1349.44,744.33,618.19,1479.06
47,2.683,2.682,2.681,2.68,2.679,2.678,2.677,2.676,2.675,2.674,2.684,2.685,2.686,2.687,2.688,2.689,2.69,2.691,2.692,2.693,40.5,176.56,520.08,1669.14,1187.51,1576.8,1575.95,1563.23,441.32,922.34,44.23,601.43,767.04,2024.48,861.82,2576.24,993.86,458.64,218.2,746.78
48,2.684,2.683,2.682,2.681,2.68,2.679,2.678,2.677,2.676,2.675,2.686,2.687,2.688,2.689,2.69,2.691,2.692,2.693,2.694,2.695,49.83,425.59,1117.8,1689.95,2418.18,1766.7,963.39,94.67,1520.35,102.57,37.25,1215.93,788.75,1302.07,1500.6,1809.91,232.57,746.78,1563.79,593.74
49,2.684,2.683,2.682,2.681,2.68,2.679,2.678,2.677,2.676,2.675,2.685,2.686,2.687,2.688,2.689,2.69,2.691,2.692,2.693,2.694,49.83,413.15,978.64,1465.11,2212.7,1665.87,963.39,94.67,1870.33,102.57,40.5,584.31,1428.48,683.52,1524.42,1850.58,1105.83,232.57,746.78,1563.79
50,2.686,2.685,2.684,2.683,2.682,2.681,2.68,2.679,2.678,2.677,2.688,2.689,2.69,2.691,2.692,2.693,2.694,2.695,2.696,2.697,152.07,448.16,954.81,663.86,1567.95,870.78,1657.83,1540.95,1319.41,94.67,350.26,1718.02,1247.41,1814.93,209.42,1475.04,550.8,590.99,225.57,816.8
51,2.685,2.684,2.683,2.682,2.681,2.68,2.679,2.678,2.677,2.676,2.687,2.688,2.689,2.69,2.691,2.692,2.693,2.694,2.695,2.696,269.57,1042.74,963.72,1645.41,484.13,1681.83,1032.22,1319.63,504.07,996.43,110.72,549.22,1470.83,965.24,1583.43,763.13,1831.71,1578.63,590.99,225.57
52,2.685,2.684,2.683,2.682,2.681,2.68,2.679,2.678,2.677,2.676,2.686,2.687,2.688,2.689,2.69,2.691,2.692,2.693,2.694,2.695,44.23,336.46,854.5,1326.37,1276.76,1676.84,1301.22,1306.13,94.67,996.43,40.5,1216.25,1166.63,1467.79,1813.11,1105.83,1335.01,502.94,1572.34,593.74
53,2.684,2.683,2.682,2.681,2.68,2.679,2.678,2.677,2.676,2.675,2.686,2.687,2.688,2.689,2.69,2.691,2.692,2.693,2.694,2.695,432.62,847.08,1300.38,1814.44,2309.54,1638.38,1316.51,94.67,1049.14,49.86,44.23,174.05,744.3,1319.67,1338.31,1769.06,2079.61,502.94,1572.34,590.99
54,2.682,2.681,2.68,2.679,2.678,2.677,2.676,2.675,2.674,2.673,2.683,2.684,2.685,2.686,2.687,2.688,2.689,2.69,2.691,2.692,44.23,383.93,1629.22,2216.59,1056.8,2382.89,996.43,799.72,161.43,643.65,53.82,474.7,927.54,1880.45,1622.64,481.32,1614.92,943.17,512.76,591.29
55,2.68,2.679,2.678,2.677,2.676,2.675,2.674,2.673,2.672,2.671,2.681,2.682,2.683,2.684,2.685,2.686,2.687,2.688,2.689,2.69,44.24,708.39,1597.8,2394.34,1163.46,1308.51,548.03,810.25,239.91,169.44,31.32,317.13,614.84,690.56,1643.39,1363.94,2012,1628.61,459.58,1219.06
56,2.678,2.677,2.676,2.675,2.674,2.673,2.672,2.671,2.67,2.669,2.679,2.68,2.681,2.682,2.683,2.684,2.685,2.686,2.687,2.688,424.15,1261.51,1455.4,1639.05,764.08,2579.23,548.32,354.08,467.98,184.69,40.5,311.63,645.74,526.32,883.17,1964.17,926.8,1659.8,1846.15,551.39
57,2.676,2.675,2.674,2.673,2.672,2.671,2.67,2.669,2.668,2.667,2.677,2.678,2.679,2.68,2.681,2.682,2.683,2.684,2.685,2.686,40.5,565.72,1133.36,2249.01,302.77,1305.06,1145.26,881.05,436.27,744.04,585.45,512.39,722.08,937.15,1106.79,1681.57,683.45,1391.15,906.53,1355.92
58,2.675,2.674,2.673,2.672,2.671,2.67,2.669,2.668,2.667,2.666,2.676,2.677,2.678,2.679,2.68,2.681,2.682,2.683,2.684,2.685,27.65,1000.69,2415.52,1242.74,1445.35,708.77,1264.28,436.27,570.63,139.79,40.5,481.21,337.84,862.27,990.81,1550.47,1411.08,855.82,1391.15,906.53
59,2.673,2.672,2.671,2.67,2.669,2.668,2.667,2.666,2.665,2.664,2.674,2.675,2.676,2.677,2.678,2.679,2.68,2.681,2.682,2.683,49.87,1233.62,1720.38,1640.82,1074.29,413.81,1884.12,49.89,162.3,722.99,40.5,477.63,355.82,763.07,415.91,1252.38,2058.56,1390.95,1296.61,2041.34
60,2.674,2.673,2.672,2.671,2.67,2.669,2.668,2.667,2.666,2.665,2.675,2.676,2.677,2.678,2.679,2.68,2.681,2.682,2.683,2.684,40.5,409.53,1772.74,1833.14,1272,882.51,1190.27,1458.36,49.89,162.3,23.03,410.39,618.44,763.66,1557.88,1690.35,1119.75,1307,1520.9,198.72
61,2.675,2.674,2.673,2.672,2.671,2.67,2.669,2.668,2.667,2.666,2.676,2.677,2.678,2.679,2.68,2.681,2.682,2.683,2.684,2.685,40.5,448.34,1016.01,1815.23,1708.81,2026.46,1800.01,413.81,757.76,102.49,62.78,593.82,737.64,1494.73,1777.18,1613.3,912.96,866.94,198.72,655
62,2.675,2.674,2.673,2.672,2.671,2.67,2.669,2.668,2.667,2.666,2.676,2.677,2.678,2.679,2.68,2.681,2.682,2.683,2.684,2.685,40.5,344.16,932.04,998.21,1079.3,2371.53,1784.19,407.65,1114.08,102.49,25.09,104.29,337.84,1140.3,1797.12,1513.82,1984.18,503.52,198.72,1678.09
63,2.677,2.676,2.675,2.674,2.673,2.672,2.671,2.67,2.669,2.668,2.678,2.679,2.68,2.681,2.682,2.683,2.684,2.685,2.686,2.687,54.14,144.45,482.22,1089.23,1519.11,1755.84,1316.71,1584.3,1062.27,49.88,44.24,768.41,1677.19,1393.88,1473.23,1536.22,205.01,652.25,1183.73,751.74
64,2.676,2.675,2.674,2.673,2.672,2.671,2.67,2.669,2.668,2.667,2.677,2.678,2.679,2.68,2.681,2.682,2.683,2.684,2.685,2.686,598.36,230.96,1003.34,1350.35,1530.34,1061.5,2279.08,1423.53,772.54,757.76,6.55,454.97,1339.35,1952.81,460.21,1826.66,1513.38,205.01,652.25,1183.73
65,2.672,2.671,2.67,2.669,2.668,2.667,2.666,2.665,2.664,2.663,2.674,2.675,2.676,2.677,2.678,2.679,2.68,2.681,2.682,2.683,318.72,489.53,1257.48,1197.35,1894.45,1081.72,432.02,926.83,680.17,495.85,152.07,555.91,411.69,1034.94,1658.25,944.35,1984.48,1076.43,2110.62,530.27
66,2.671,2.67,2.669,2.668,2.667,2.666,2.665,2.664,2.663,2.662,2.672,2.673,2.674,2.675,2.676,2.677,2.678,2.679,2.68,2.681,0.63,500.7,1622.09,1152.34,2032.88,818.72,913.39,827.13,731.29,49.87,107.41,715.08,707.32,1167.1,838.34,1926.73,535.51,1583.16,389.63,462.96
67,2.671,2.67,2.669,2.668,2.667,2.666,2.665,2.664,2.663,2.662,2.672,2.673,2.674,2.675,2.676,2.677,2.678,2.679,2.68,2.681,73.58,700.19,2652.28,1022.23,1598.22,1338.18,913.39,469.23,356.43,193.82,44.45,193.18,595.55,799.25,950.11,2363.53,161.43,1585.13,783.54,462.96
68,2.673,2.672,2.671,2.67,2.669,2.668,2.667,2.666,2.665,2.664,2.674,2.675,2.676,2.677,2.678,2.679,2.68,2.681,2.682,2.683,70.71,869.2,1604.51,1113.51,2445.32,1674.17,1006.15,811.87,162.3,512.15,39.92,546.6,779.77,1451.57,577.92,2497.69,377.63,1360.3,715.41,527.52
69,2.674,2.673,2.672,2.671,2.67,2.669,2.668,2.667,2.666,2.665,2.675,2.676,2.677,2.678,2.679,2.68,2.681,2.682,2.683,2.684,40.5,183.84,648.79,999.89,1355.86,2726.08,1102.91,996.23,809.28,520.5,43.31,671.5,1721.34,964.25,1537.03,556.73,1880.34,798.42,712.72,1413.57
70,2.673,2.672,2.671,2.67,2.669,2.668,2.667,2.666,2.665,2.664,2.674,2.675,2.676,2.677,2.678,2.679,2.68,2.681,2.682,2.683,3.75,209.39,771.26,847.82,1560.25,1412.2,1430.48,807.9,518.85,459.47,834.94,1102.03,1682.82,1697.59,985.38,897.17,205.09,640.14,792.13,715.47
71,2.672,2.671,2.67,2.669,2.668,2.667,2.666,2.665,2.664,2.663,2.673,2.674,2.675,2.676,2.677,2.678,2.679,2.68,2.681,2.682,44.71,211.81,717.03,1691.12,1623.44,2601.71,807.9,518.85,832.17,358.38,60.72,693.46,1612.3,1290.08,1292.97,1376.85,1655.02,198.8,640.14,792.13
72,2.672,2.671,2.67,2.669,2.668,2.667,2.666,2.665,2.664,2.663,2.673,2.674,2.675,2.676,2.677,2.678,2.679,2.68,2.681,2.682,40.5,852.62,1415.98,1608.61,1705.89,1694.27,1931.39,518.85,459.47,366.19,17.69,417.93,753.47,709.06,1411.22,1100.08,2042.74,959.44,1491.2,1816.37
73,2.673,2.672,2.671,2.67,2.669,2.668,2.667,2.666,2.665,2.664,2.675,2.676,2.677,2.678,2.679,2.68,2.681,2.682,2.683,2.684,49.87,1033.73,1147.23,2057.85,1383.84,890.74,2559.87,451.35,162.3,691,132.6,460.7,775.63,954.39,1522.48,1682.74,1362.53,1184.73,2512.95,462.17
74,2.674,2.673,2.672,2.671,2.67,2.669,2.668,2.667,2.666,2.665,2.675,2.676,2.677,2.678,2.679,2.68,2.681,2.682,2.683,2.684,40.5,325.36,546.92,1501.07,1681.02,1847.59,1979.24,1011.5,451.35,535.5,47.06,479.67,979.77,1399.86,1381.38,2321.32,1029.78,626,854.79,462.17
75,2.674,2.673,2.672,2.671,2.67,2.669,2.668,2.667,2.666,2.665,2.675,2.676,2.677,2.678,2.679,2.68,2.681,2.682,2.683,2.684,40.5,228.99,422.54,1146.07,2171.12,2608.32,688.75,638.3,816.06,162.3,47.06,933,1209.61,1354.51,1291.66,1358.22,640.14,626,1878.27,462.17
76,2.674,2.673,2.672,2.671,2.67,2.669,2.668,2.667,2.666,2.665,2.675,2.676,2.677,2.678,2.679,2.68,2.681,2.682,2.683,2.684,40.5,110.51,407.45,1264,1399.93,2707.32,925.97,1575.38,813.2,162.3,47.06,721,1417.77,969.92,945.47,1352.44,1001.93,798.42,1705.91,462.17
77,2.674,2.673,2.672,2.671,2.67,2.669,2.668,2.667,2.666,2.665,2.675,2.676,2.677,2.678,2.679,2.68,2.681,2.682,2.683,2.684,33.45,125.72,748.08,1668.72,2108.41,2767.15,411.73,570.63,451.35,162.3,35.41,411.03,972.68,1445.76,978.81,2314.57,640.14,626,682.43,462.17
78,2.674,2.673,2.672,2.671,2.67,2.669,2.668,2.667,2.666,2.665,2.675,2.676,2.677,2.678,2.679,2.68,2.681,2.682,2.683,2.684,40.5,271.78,636.33,1838.57,1555.77,2244.13,1095.67,972.27,852.99,162.3,43.31,481.25,990.8,1627.84,1400.24,1524.99,1041.71,626,1705.91,462.17
79,2.675,2.674,2.673,2.672,2.671,2.67,2.669,2.668,2.667,2.666,2.676,2.677,2.678,2.679,2.68,2.681,2.682,2.683,2.684,2.685,40.5,321.33,1341.8,824.65,1874.18,1516.13,2742.9,398.6,570.63,852.63,62.13,700.57,1107.23,1819.13,1035.99,1597.33,1753.49,682.43,1482.51,635.39
80,2.676,2.675,2.674,2.673,2.672,2.671,2.67,2.669,2.668,2.667,2.678,2.679,2.68,2.681,2.682,2.683,2.684,2.685,2.686,2.687,49.87,155.78,843.8,1310.19,1412.48,2416.58,331.06,2399.22,49.88,660.72,659.16,1068.96,1965.67,1094.33,1334.12,669.59,645.64,635.39,161.4,751.74
81,2.675,2.674,2.673,2.672,2.671,2.67,2.669,2.668,2.667,2.666,2.676,2.677,2.678,2.679,2.68,2.681,2.682,2.683,2.684,2.685,49.87,448.76,1006.13,1040.16,1545.94,2790.76,1373.54,421.62,942.37,511.9,50.89,1288.7,1671.53,1270.67,941.82,1609.77,1424.54,503.52,1482.51,635.39
82,2.676,2.675,2.674,2.673,2.672,2.671,2.67,2.669,2.668,2.667,2.677,2.678,2.679,2.68,2.681,2.682,2.683,2.684,2.685,2.686,40.5,49.87,500.05,1254.44,894.37,1530.94,2014.92,1715.28,49.88,927.37,140.01,1565.24,1253.91,1202.72,1395.52,1965.46,503.52,1482.51,635.39,161.4
83,2.673,2.672,2.671,2.67,2.669,2.668,2.667,2.666,2.665,2.664,2.674,2.675,2.676,2.677,2.678,2.679,2.68,2.681,2.682,2.683,3.75,49.87,927.74,1575.69,2171.8,1410.05,570.63,1592.09,534.02,633.06,128.61,747.4,620.04,1760.28,1656.11,1261.2,912.15,995.73,822.11,499.98
84,2.675,2.674,2.673,2.672,2.671,2.67,2.669,2.668,2.667,2.666,2.676,2.677,2.678,2.679,2.68,2.681,2.682,2.683,2.684,2.685,40.5,444.14,1601,1061.59,1799.77,1626.24,1758.3,426.49,570.63,504.09,113.16,605.28,539.85,1353.39,1538.71,1265.62,2172.8,865.21,459.42,1847.53
85,2.675,2.674,2.673,2.672,2.671,2.67,2.669,2.668,2.667,2.666,2.676,2.677,2.678,2.679,2.68,2.681,2.682,2.683,2.684,2.685,40.5,540.82,1731.21,1175.76,1979.27,1307.72,1400.9,426.49,931.8,451.35,6.56,286.91,319.9,1239.07,1844.81,1265.62,2172.8,1593.97,459.42,1847.53
86,2.676,2.675,2.674,2.673,2.672,2.671,2.67,2.669,2.668,2.667,2.677,2.678,2.679,2.68,2.681,2.682,2.683,2.684,2.685,2.686,36.07,374.69,1183.82,1781.82,768.97,2164.9,1436.56,1741.56,49.88,660.75,91.85,275.22,660.12,906.24,2479.87,1522.14,1606,645.64,824.82,164.15
87,2.676,2.675,2.674,2.673,2.672,2.671,2.67,2.669,2.668,2.667,2.677,2.678,2.679,2.68,2.681,2.682,2.683,2.684,2.685,2.686,40.5,49.87,544.57,1354.81,635.76,2083.21,2071.25,1377.65,401.95,570.63,117.27,529.38,1465.25,805.17,1848.74,1718.57,1049.43,639.35,1847.53,164.15
88,2.676,2.675,2.674,2.673,2.672,2.671,2.67,2.669,2.668,2.667,2.677,2.678,2.679,2.68,2.681,2.682,2.683,2.684,2.685,2.686,40.5,107.17,383.94,1121.8,679.52,1962.5,2082.21,1377.65,401.95,974.51,117.27,537.17,1265.38,805.17,1848.74,1448.44,503.52,811.65,824.82,1187.05
89,2.676,2.675,2.674,2.673,2.672,2.671,2.67,2.669,2.668,2.667,2.677,2.678,2.679,2.68,2.681,2.682,2.683,2.684,2.685,2.686,40.5,52.06,576.33,1465.78,1104.29,1865.11,2376.29,1394.96,49.88,615.78,117.27,464.3,1243.23,1281.59,1768.29,1072.18,874.19,811.65,824.82,1187.05
90,2.675,2.674,2.673,2.672,2.671,2.67,2.669,2.668,2.667,2.666,2.676,2.677,2.678,2.679,2.68,2.681,2.682,2.683,2.684,2.685,44.25,204.81,744.6,722.11,1414.08,2512.64,2062.94,437.96,932.1,695.1,40.5,749.95,876.1,1327.36,1871.24,1201.55,1003.66,503.52,811.65,824.82
91,2.675,2.674,2.673,2.672,2.671,2.67,2.669,2.668,2.667,2.666,2.676,2.677,2.678,2.679,2.68,2.681,2.682,2.683,2.684,2.685,208.62,49.87,558.37,1225.17,1510.16,1530.56,2338.83,49.88,1330.18,521.61,71.12,692.53,893.35,1672.05,2032.49,830.79,1012.76,1921.99,811.65,824.82
92,2.672,2.671,2.67,2.669,2.668,2.667,2.666,2.665,2.664,2.663,2.673,2.674,2.675,2.676,2.677,2.678,2.679,2.68,2.681,2.682,44.25,243,739.95,1547.69,1517.95,1896.14,461.1,1846.75,651.41,401.31,62.91,378.3,680.95,956.38,1394.87,1203.61,1893.84,571.01,838.71,822.11
93,2.669,2.668,2.667,2.666,2.665,2.664,2.663,2.662,2.661,2.66,2.671,2.672,2.673,2.674,2.675,2.676,2.677,2.678,2.679,2.68,616.26,1989.86,2141.2,723.8,1530.87,2556.79,164.57,417.06,542.02,626.16,146.67,497.55,827.57,366.38,1032.54,1530.77,1755.27,978.32,880.26,378.73
94,2.664,2.663,2.662,2.661,2.66,2.659,2.658,2.657,2.656,2.655,2.665,2.666,2.667,2.668,2.669,2.67,2.671,2.672,2.673,2.674,566.04,679.04,2022.57,1701.8,765.28,1190.37,818.71,161.46,279.84,740.21,38.42,471.45,761.21,483.38,887.37,682.66,2602.06,376.17,915.32,198.88
95,2.664,2.663,2.662,2.661,2.66,2.659,2.658,2.657,2.656,2.655,2.666,2.667,2.668,2.669,2.67,2.671,2.672,2.673,2.674,2.675,1614.27,1531.38,1508.82,1101.37,959.74,801.43,463.48,161.46,332.44,687.62,83.32,754.06,640.24,566.79,957.66,1529.35,376.17,2023.89,567.31,1802.82
96,2.665,2.664,2.663,2.662,2.661,2.66,2.659,2.658,2.657,2.656,2.666,2.667,2.668,2.669,2.67,2.671,2.672,2.673,2.674,2.675,49.9,2237.23,1664.04,1757.03,1634.75,1350.4,49.88,463.48,303.28,332.44,40.5,163.32,517.26,974.95,810.65,1645.23,538.01,1838.05,1152.8,1802.82
97,2.665,2.664,2.663,2.662,2.661,2.66,2.659,2.658,2.657,2.656,2.666,2.667,2.668,2.669,2.67,2.671,2.672,2.673,2.674,2.675,405.78,1190.94,2328.15,1181.67,1105.15,1712.62,408.29,463.48,161.46,506.51,40.5,557.39,454.92,765.24,512.94,1961.55,1052.26,1130.88,1948.85,1282.43
98,2.666,2.665,2.664,2.663,2.662,2.661,2.66,2.659,2.658,2.657,2.668,2.669,2.67,2.671,2.672,2.673,2.674,2.675,2.676,2.677,40.5,699.96,1326.79,1927.37,1660.44,1288.52,960.58,408.29,463.48,251.58,208.84,743.4,848.75,1963.07,944.27,1847.15,560.4,927.2,1225.01,955.98
99,2.658,2.657,2.656,2.655,2.654,2.653,2.652,2.651,2.65,2.649,2.659,2.66,2.661,2.662,2.663,2.664,2.665,2.666,2.667,2.668,0.07,256.6,636.69,891.9,1729.43,1011.94,1437.29,542.66,1217.27,161.49,127.38,313.07,898.41,1747.25,1178.62,1417.98,1056.92,1139.84,582.68,541.27
100,2.659,2.658,2.657,2.656,2.655,2.654,2.653,2.652,2.651,2.65,2.66,2.661,2.662,2.663,2.664,2.665,2.666,2.667,2.668,2.669,152.07,1492.13,1261.17,2137.69,995.54,766.27,1296.06,559.44,227,464.95,48.51,175.88,165.7,812.49,1179.64,1190.11,663.7,1785.46,1568.32,573.84
101,2.66,2.659,2.658,2.657,2.656,2.655,2.654,2.653,2.652,2.651,2.661,2.662,2.663,2.664,2.665,2.666,2.667,2.668,2.669,2.67,520.32,1141.31,1770.49,1162.27,1488,161.5,803.99,911.49,559.44,227,117.32,165.7,642.53,768.72,899.87,1395.16,1348.68,2327.63,935.69,114.62
102,2.66,2.659,2.658,2.657,2.656,2.655,2.654,2.653,2.652,2.651,2.661,2.662,2.663,2.664,2.665,2.666,2.667,2.668,2.669,2.67,37.17,799.39,1258.58,1086.67,1028.8,620.32,2326.18,922.07,559.44,227,117.32,282.64,754.1,1069.56,1707.37,1922.92,1317.9,2365.11,582.58,114.62
103,2.659,2.658,2.657,2.656,2.655,2.654,2.653,2.652,2.651,2.65,2.661,2.662,2.663,2.664,2.665,2.666,2.667,2.668,2.669,2.67,503.05,922.84,1391.74,1728.6,922.07,2326.26,533.48,1336.47,161.48,639.43,117.32,483.46,1454.89,1719.12,1550.01,1637.99,945.92,1620.46,582.58,114.62
104,2.66,2.659,2.658,2.657,2.656,2.655,2.654,2.653,2.652,2.651,2.661,2.662,2.663,2.664,2.665,2.666,2.667,2.668,2.669,2.67,40.5,158.66,664.05,695.97,1024.87,1224.64,2799.38,897.6,927.49,563.29,117.32,841.5,1929.45,1395.48,1583.59,917.6,635.46,1578.4,573.84,114.62
105,2.659,2.658,2.657,2.656,2.655,2.654,2.653,2.652,2.651,2.65,2.66,2.661,2.662,2.663,2.664,2.665,2.666,2.667,2.668,2.669,47.09,135.69,677.82,1586.3,1228.56,2369.21,897.6,927.49,563.29,464.95,40.5,252.03,967.31,1692.83,1330.44,1834.75,1308.84,635.46,1455.98,573.84
106,2.663,2.662,2.661,2.66,2.659,2.658,2.657,2.656,2.655,2.654,2.664,2.665,2.666,2.667,2.668,2.669,2.67,2.671,2.672,2.673,46.04,772.67,1175.16,1695.35,1483.53,1272.45,1257.7,798.15,532.29,971.75,4.73,120.15,724.08,2275.13,1961.8,1464.45,511.44,590.21,1123.76,358.82
107,2.663,2.662,2.661,2.66,2.659,2.658,2.657,2.656,2.655,2.654,2.664,2.665,2.666,2.667,2.668,2.669,2.67,2.671,2.672,2.673,40.5,555.4,862.27,1903.5,1520.8,1503.39,520.42,786.28,161.5,971.75,45.23,742.11,1418.82,1957.8,966.53,1464.45,140.65,590.21,1123.76,358.82
108,2.665,2.664,2.663,2.662,2.661,2.66,2.659,2.658,2.657,2.656,2.666,2.667,2.668,2.669,2.67,2.671,2.672,2.673,2.674,2.675,40.5,698.23,484.19,871.27,606.83,1344.11,2392.98,2588.95,161.5,786.29,46.11,309.88,1300.87,2589.64,1431.95,573.35,140.98,339.9,1733.96,85.36
109,2.665,2.664,2.663,2.662,2.661,2.66,2.659,2.658,2.657,2.656,2.666,2.667,2.668,2.669,2.67,2.671,2.672,2.673,2.674,2.675,190.91,714.45,554.41,1033.74,2007.87,2291.37,443.18,1670.55,161.5,786.29,57.23,241.69,1494.54,2552.04,1065.59,973.4,533.48,339.9,1733.96,85.36
110,2.664,2.663,2.662,2.661,2.66,2.659,2.658,2.657,2.656,2.655,2.665,2.666,2.667,2.668,2.669,2.67,2.671,2.672,2.673,2.674,49.9,442.24,977.02,1123.31,1705.59,966.17,1944.06,161.5,960.46,161.5,40.5,950.51,1721.24,1574.03,2084.44,480.19,573.35,533.48,339.9,1733.96
111,2.663,2.662,2.661,2.66,2.659,2.658,2.657,2.656,2.655,2.654,2.664,2.665,2.666,2.667,2.668,2.669,2.67,2.671,2.672,2.673,44.26,49.9,594.59,1170.35,1713.52,1671.87,1150.62,1504.04,335.72,754.93,110.72,275.65,987.29,2476.75,1287.92,1041.37,839.08,626.79,479.82,342.65
112,2.664,2.663,2.662,2.661,2.66,2.659,2.658,2.657,2.656,2.655,2.665,2.666,2.667,2.668,2.669,2.67,2.671,2.672,2.673,2.674,40.5,585.17,1295.23,1853.06,1093.24,1427.15,1679.82,1295.07,427.36,161.5,4.31,468.84,1347.75,983.16,1673.79,614.52,1740.59,533.37,339.9,707.03
113,2.665,2.664,2.663,2.662,2.661,2.66,2.659,2.658,2.657,2.656,2.666,2.667,2.668,2.669,2.67,2.671,2.672,2.673,2.674,2.675,40.5,105.7,567.57,1326.08,1883.52,1173.13,2172.4,1679.82,546.95,427.36,74.97,411.94,1017.94,2716.49,1097.81,1710.72,533.37,339.9,1733.96,88.11
114,2.665,2.664,2.663,2.662,2.661,2.66,2.659,2.658,2.657,2.656,2.666,2.667,2.668,2.669,2.67,2.671,2.672,2.673,2.674,2.675,40.5,784.17,1184.18,1809.39,1279.13,1656.32,1309.29,1280.32,161.5,601.53,31.65,120.15,578.53,1715.24,1195.73,2671.82,931.07,339.9,1733.96,85.36
115,2.667,2.666,2.665,2.664,2.663,2.662,2.661,2.66,2.659,2.658,2.668,2.669,2.67,2.671,2.672,2.673,2.674,2.675,2.676,2.677,40.5,105.57,444.44,1102.4,1484.78,1501.63,1612.17,1714.81,941.28,901.66,47.07,382.13,1540.42,2235.69,303.65,1121.8,673.84,57.67,1419.69,462.31
116,2.666,2.665,2.664,2.663,2.662,2.661,2.66,2.659,2.658,2.657,2.667,2.668,2.669,2.67,2.671,2.672,2.673,2.674,2.675,2.676,59.7,576.24,1200.84,1253.65,1331.27,1985.41,606.47,1121.3,463.54,198.98,40.5,621.03,626.32,1452.38,2311.65,980.66,455.33,673.84,57.67,393.37
117,2.667,2.666,2.665,2.664,2.663,2.662,2.661,2.66,2.659,2.658,2.668,2.669,2.67,2.671,2.672,2.673,2.674,2.675,2.676,2.677,50.3,148.9,515.76,1200.8,1390.22,1956.82,1362.21,606.47,932.22,637.6,47.08,835.7,1531.66,1997.25,2117.96,87.32,673.84,57.67,393.37,1488.09
118,2.666,2.665,2.664,2.663,2.662,2.661,2.66,2.659,2.658,2.657,2.667,2.668,2.669,2.67,2.671,2.672,2.673,2.674,2.675,2.676,59.7,448.98,815.17,1168.56,1689.27,2355.6,971.55,560.54,997.82,198.98,40.5,144.95,891.79,1730.2,2096.35,1430.21,859.7,673.84,57.67,393.37
119,2.667,2.666,2.665,2.664,2.663,2.662,2.661,2.66,2.659,2.658,2.668,2.669,2.67,2.671,2.672,2.673,2.674,2.675,2.676,2.677,46.28,641.47,640.18,1379.18,1353.43,978.55,2692.8,971.55,559.16,463.54,3.76,404.39,1046.6,1401.49,1609.22,1673.04,1342.94,111.55,1408.7,462.31
120,2.668,2.667,2.666,2.665,2.664,2.663,2.662,2.661,2.66,2.659,2.669,2.67,2.671,2.672,2.673,2.674,2.675,2.676,2.677,2.678,50.44,538.56,1428.97,1144.64,1675.48,1449.43,1196.29,904.32,463.52,200.32,44.25,215.81,937.4,1812.04,1737.01,1471.89,424.41,445.27,1488.09,453.45
121,2.67,2.669,2.668,2.667,2.666,2.665,2.664,2.663,2.662,2.661,2.671,2.672,2.673,2.674,2.675,2.676,2.677,2.678,2.679,2.68,46.28,439.46,679.66,960.23,1759.2,878.69,1828.41,751.55,1188.08,896.11,44.25,463.07,1490.25,1820.78,934.09,693.13,597.37,414.53,1252.91,643.71
122,2.669,2.668,2.667,2.666,2.665,2.664,2.663,2.662,2.661,2.66,2.67,2.671,2.672,2.673,2.674,2.675,2.676,2.677,2.678,2.679,46.28,180.14,488.57,1177.2,1520.99,1805.78,1747.46,1468.47,537.58,463.52,47.07,827.59,1761.59,1956.65,1213.14,530.7,297.86,462.31,414.53,1255.66
123,2.668,2.667,2.666,2.665,2.664,2.663,2.662,2.661,2.66,2.659,2.669,2.67,2.671,2.672,2.673,2.674,2.675,2.676,2.677,2.678,55.66,544.13,1001.39,1035.19,1790.49,2242.05,1376.2,1345.7,463.52,200.32,40.5,138.8,967.28,2282.77,1773.87,1411.67,802.37,297.86,462.31,414.53
124,2.667,2.666,2.665,2.664,2.663,2.662,2.661,2.66,2.659,2.658,2.668,2.669,2.67,2.671,2.672,2.673,2.674,2.675,2.676,2.677,55.69,368.64,1190.05,1453.5,1829.57,2132.54,1457.26,918.09,200.32,463.54,40.5,370.61,1088.46,1051.92,2166.16,1688.03,974.37,856.11,1270.11,462.31
125,2.667,2.666,2.665,2.664,2.663,2.662,2.661,2.66,2.659,2.658,2.668,2.669,2.67,2.671,2.672,2.673,2.674,2.675,2.676,2.677,40.5,49.9,723.3,1804.43,1941.87,1652.12,1661.03,1020.09,562.89,550.58,43.45,589.17,951.91,1417.64,2227.41,1261.65,664.98,813.94,1270.11,465.06
126,2.667,2.666,2.665,2.664,2.663,2.662,2.661,2.66,2.659,2.658,2.668,2.669,2.67,2.671,2.672,2.673,2.674,2.675,2.676,2.677,27.12,835.72,1808.27,1771.36,1424.19,1304.76,934.52,647.94,200.32,550.58,43.45,461.14,785.29,1027.63,1967.81,1850.97,1061.92,838.73,1270.11,465.06
127,2.667,2.666,2.665,2.664,2.663,2.662,2.661,2.66,2.659,2.658,2.668,2.669,2.67,2.671,2.672,2.673,2.674,2.675,2.676,2.677,40.5,249.07,1290.65,1659.82,1862.13,1273.41,537.58,1378.84,200.32,550.58,43.45,370.61,1173.76,1693.7,1784.83,962.03,1395.88,441.79,1270.11,465.06
128,2.667,2.666,2.665,2.664,2.663,2.662,2.661,2.66,2.659,2.658,2.668,2.669,2.67,2.671,2.672,2.673,2.674,2.675,2.676,2.677,40.5,49.9,1177.95,1772.07,2000.28,855.02,1284.83,1194.42,752.17,550.58,47.08,468.33,1065.08,1837.48,2132.96,818.25,1030.43,441.79,1270.11,465.06
129,2.667,2.666,2.665,2.664,2.663,2.662,2.661,2.66,2.659,2.658,2.668,2.669,2.67,2.671,2.672,2.673,2.674,2.675,2.676,2.677,32.34,390.77,1298.87,1508.08,1874.63,834.51,909.28,835.22,760.72,937.64,25.53,379.76,967.85,1491.91,2205.46,931.42,1036.68,1215.77,1270.11,465.06
130,2.665,2.664,2.663,2.662,2.661,2.66,2.659,2.658,2.657,2.656,2.666,2.667,2.668,2.669,2.67,2.671,2.672,2.673,2.674,2.675,202.97,1200.2,1391.61,1842.45,1719.7,463.52,769.37,931.15,206.66,427.36,3.43,137.66,383.63,653.57,1633.59,1276.46,2201.01,877.99,611.35,441.79
131,2.665,2.664,2.663,2.662,2.661,2.66,2.659,2.658,2.657,2.656,2.667,2.668,2.669,2.67,2.671,2.672,2.673,2.674,2.675,2.676,49.9,833.75,1810.38,1605.31,1255.97,1663,1149.49,463.54,206.66,427.36,338.79,719.11,696.18,2607.11,1444.61,1809.51,140.87,611.35,441.79,243.95
132,2.663,2.662,2.661,2.66,2.659,2.658,2.657,2.656,2.655,2.654,2.665,2.666,2.667,2.668,2.669,2.67,2.671,2.672,2.673,2.674,49.9,774.24,1123.12,1496.46,1304.24,2465.15,1121.41,796.33,161.5,418.58,265.9,851.96,714.42,2130.69,1228.55,1992.57,497.44,1072.53,1046.73,628.21
133,2.664,2.663,2.662,2.661,2.66,2.659,2.658,2.657,2.656,2.655,2.666,2.667,2.668,2.669,2.67,2.671,2.672,2.673,2.674,2.675,40.5,796.08,1292.35,1918.44,1173.54,2123.29,1727.17,758.9,427.36,161.5,354.79,572.5,953.75,1141.77,2388.06,381.89,2996.1,1046.73,628.21,452.33
134,2.664,2.663,2.662,2.661,2.66,2.659,2.658,2.657,2.656,2.655,2.666,2.667,2.668,2.669,2.67,2.671,2.672,2.673,2.674,2.675,16.83,738.67,1292.35,1828.08,1173.54,2104.15,1727.17,758.9,427.36,248.62,284.57,618.9,977.57,1283.65,2106.36,240.01,2996.1,1046.73,628.21,452.33
135,2.664,2.663,2.662,2.661,2.66,2.659,2.658,2.657,2.656,2.655,2.665,2.666,2.667,2.668,2.669,2.67,2.671,2.672,2.673,2.674,16.83,774.16,1458.03,1096.44,1314.97,1766.35,1737.79,794.4,427.36,161.5,40.5,255.66,531.08,1099.25,1840.27,1918.61,884.53,1923.1,1114.65,628.21
136,2.664,2.663,2.662,2.661,2.66,2.659,2.658,2.657,2.656,2.655,2.665,2.666,2.667,2.668,2.669,2.67,2.671,2.672,2.673,2.674,26.23,490.35,1488.95,1167.35,2073.31,1335.34,1307.79,1164.19,427.36,248.61,40.5,339.39,466.25,1162.43,2181.27,1846.63,884.53,1524.52,1113.61,628.21
137,2.665,2.664,2.663,2.662,2.661,2.66,2.659,2.658,2.657,2.656,2.666,2.667,2.668,2.669,2.67,2.671,2.672,2.673,2.674,2.675,40.5,189.48,855.65,2219.9,1160.27,1905.26,598.9,1307.79,395.81,427.36,47.08,301.91,1218.66,2312.55,1508.11,1292.13,1524.52,87.35,1655.14,452.33
138,2.666,2.665,2.664,2.663,2.662,2.661,2.66,2.659,2.658,2.657,2.667,2.668,2.669,2.67,2.671,2.672,2.673,2.674,2.675,2.676,40.5,336.95,931.89,1148.44,3243.49,645.57,1253.47,596.46,1305.35,395.81,18.4,910.31,1247.08,1501.9,2053.95,1522.08,87.35,628.21,1476.51,426.63
139,2.666,2.665,2.664,2.663,2.662,2.661,2.66,2.659,2.658,2.657,2.667,2.668,2.669,2.67,2.671,2.672,2.673,2.674,2.675,2.676,31.6,336.95,932.26,1298.85,2511.81,645.57,1253.47,596.46,1277.42,395.81,40.5,442.16,1111.95,1501.9,2053.95,1819.19,87.35,682.02,1476.51,246.7
140,2.664,2.663,2.662,2.661,2.66,2.659,2.658,2.657,2.656,2.655,2.665,2.666,2.667,2.668,2.669,2.67,2.671,2.672,2.673,2.674,0.29,49.9,855.76,697.67,1623.71,1000.28,2711.62,756.82,879.93,161.5,110.72,728.74,1949.5,1302.68,1638.59,612.51,140.9,1072.53,87.35,628.21
141,2.663,2.662,2.661,2.66,2.659,2.658,2.657,2.656,2.655,2.654,2.664,2.665,2.666,2.667,2.668,2.669,2.67,2.671,2.672,2.673,37.03,44.26,486.63,2026.55,978.57,1282.22,1211.16,1175.08,248.61,1270.77,237.39,470.56,1282.45,2039.86,882.03,1437.91,1705.63,1114.67,1072.53,333.94
142,2.663,2.662,2.661,2.66,2.659,2.658,2.657,2.656,2.655,2.654,2.664,2.665,2.666,2.667,2.668,2.669,2.67,2.671,2.672,2.673,31.21,425.92,738.43,2111.66,1255.6,1282.22,2108.34,427.36,546.1,609.92,237.39,604.18,1282.45,1839.14,1267.27,1344.01,1346.46,1491.55,1072.53,333.94
143,2.659,2.658,2.657,2.656,2.655,2.654,2.653,2.652,2.651,2.65,2.66,2.661,2.662,2.663,2.664,2.665,2.666,2.667,2.668,2.669,47.08,1330.04,257.45,1312.57,906.78,418.58,1252.8,972.71,573.54,92.04,206.26,362.99,572.95,470.88,1117.69,1818.61,1984.92,1252.12,1383.15,87.44
144,2.66,2.659,2.658,2.657,2.656,2.655,2.654,2.653,2.652,2.651,2.661,2.662,2.663,2.664,2.665,2.666,2.667,2.668,2.669,2.67,40.5,105.47,1576.19,1245.82,1120.82,1264.37,1487.69,934.88,49.94,762.7,49.93,310.56,606.07,1134.3,2030.25,2028.19,885.1,1493.65,1116.49,612.51
145,2.659,2.658,2.657,2.656,2.655,2.654,2.653,2.652,2.651,2.65,2.661,2.662,2.663,2.664,2.665,2.666,2.667,2.668,2.669,2.67,107.28,1587.72,1247.43,1120.82,1171.15,1487.17,934.88,49.94,762.7,228.99,237.51,724.09,582.25,1158,2423.56,2028.19,506.76,1793.52,1116.49,612.51
146,2.659,2.658,2.657,2.656,2.655,2.654,2.653,2.652,2.651,2.65,2.66,2.661,2.662,2.663,2.664,2.665,2.666,2.667,2.668,2.669,152.18,1174.04,965.49,1252.35,804.87,1486.93,957.03,49.94,762.7,54.51,40.5,292.84,668.95,737.6,1002.65,1899.99,2049.73,140.48,1440.56,1116.49
