timestamp,bid_price_0,bid_price_1,bid_price_2,bid_price_3,bid_price_4,bid_price_5,bid_price_6,bid_price_7,bid_price_8,bid_price_9,ask_price_0,ask_price_1,ask_price_2,ask_price_3,ask_price_4,ask_price_5,ask_price_6,ask_price_7,ask_price_8,ask_price_9,bid_size_0,bid_size_1,bid_size_2,bid_size_3,bid_size_4,bid_size_5,bid_size_6,bid_size_7,bid_size_8,bid_size_9,ask_size_0,ask_size_1,ask_size_2,ask_size_3,ask_size_4,ask_size_5,ask_size_6,ask_size_7,ask_size_8,ask_size_9
0,2.683,2.682,2.681,2.68,2.679,2.678,2.677,2.676,2.675,2.674,2.684,2.685,2.686,2.687,2.688,2.689,2.69,2.691,2.692,2.693,34.87,941.76,1537.69,1586.94,1330.23,1628.76,1087.06,1235.68,355.72,251.22,40.5,253.41,799.87,1225.17,948.34,923.15,1412.74,93.31,607.25,1110.13
1,2.683,2.682,2.681,2.68,2.679,2.678,2.677,2.676,2.675,2.674,2.684,2.685,2.686,2.687,2.688,2.689,2.69,2.691,2.692,2.693,110.72,1035.39,1366.15,1410.68,2403.35,760.13,1764.3,839.72,1010.37,354.94,44.23,429.49,1431.26,829.83,1340.69,325.26,1284.9,93.31,607.25,1292.81
2,2.679,2.678,2.677,2.676,2.675,2.674,2.673,2.672,2.671,2.67,2.68,2.681,2.682,2.683,2.684,2.685,2.686,2.687,2.688,2.689,639.9,784.37,1049.47,1768.15,1176.92,1614.3,1028.82,489.06,169.44,510.79,40.5,277.03,882.01,1120.44,871.37,697.52,1300.91,805.8,608.41,87.08
3,2.679,2.678,2.677,2.676,2.675,2.674,2.673,2.672,2.671,2.67,2.68,2.681,2.682,2.683,2.684,2.685,2.686,2.687,2.688,2.689,544.96,530.11,927.05,2691,1172.78,1649.91,1535.63,630.4,169.44,510.79,40.5,292.15,708.39,500.87,1321.68,681.38,1465.02,506.24,608.41,87.08
4,2.678,2.677,2.676,2.675,2.674,2.673,2.672,2.671,2.67,2.669,2.679,2.68,2.681,2.682,2.683,2.684,2.685,2.686,2.687,2.688,866.44,1029.75,2297.95,1056.29,851.55,2204.21,1000.27,169.44,458.25,331.07,40.5,214.56,396.45,1054.33,1792.06,2791.03,434.04,1583.62,506.24,608.41
5,2.678,2.677,2.676,2.675,2.674,2.673,2.672,2.671,2.67,2.669,2.679,2.68,2.681,2.682,2.683,2.684,2.685,2.686,2.687,2.688,205.02,498.79,1528.47,2210.44,1092.78,1642.62,815.13,947.13,458.25,293.8,40.5,860.87,1043.24,984.11,939.01,2734.19,434.04,1283.55,901.2,625.27
6,2.677,2.676,2.675,2.674,2.673,2.672,2.671,2.67,2.669,2.668,2.678,2.679,2.68,2.681,2.682,2.683,2.684,2.685,2.686,2.687,509.58,530.28,2154.9,492.71,1042.65,1461.71,1533.6,858.37,641.39,139.69,40.5,190.38,977.29,1532.98,1528.77,1114.67,2877.9,473.09,571.15,544.74
7,2.677,2.676,2.675,2.674,2.673,2.672,2.671,2.67,2.669,2.668,2.679,2.68,2.681,2.682,2.683,2.684,2.685,2.686,2.687,2.688,586.22,702.32,1858.72,666.87,1786.94,1419.98,1711.68,458.25,647.04,139.69,187.57,1037.71,2044.57,1648.53,1144.12,1810.49,860.06,571.15,544.74,625.27
8,2.679,2.678,2.677,2.676,2.675,2.674,2.673,2.672,2.671,2.67,2.68,2.681,2.682,2.683,2.684,2.685,2.686,2.687,2.688,2.689,3.74,442.44,1138.31,1135.56,2454.47,798.88,1494.12,490.26,745.34,510.96,40.5,283.8,823.31,1043.89,2422.52,806.11,2163.23,551.03,1646.84,87.08
9,2.679,2.678,2.677,2.676,2.675,2.674,2.673,2.672,2.671,2.67,2.68,2.681,2.682,2.683,2.684,2.685,2.686,2.687,2.688,2.689,110.72,358.54,1134.99,1258.73,2419.54,1016.18,2495.47,490.26,771.86,811.66,47.05,596.58,1717.82,731.44,2396.35,378.11,2095.15,551.03,1646.84,89.83
10,2.677,2.676,2.675,2.674,2.673,2.672,2.671,2.67,2.669,2.668,2.678,2.679,2.68,2.681,2.682,2.683,2.684,2.685,2.686,2.687,432.67,255.27,833.42,1441.6,1666.06,1257.5,1882.8,843.84,241.27,102.57,60.72,268.74,1046.19,1775.43,2099.17,735.24,2148.35,84.13,571.15,544.74
11,2.679,2.678,2.677,2.676,2.675,2.674,2.673,2.672,2.671,2.67,2.68,2.681,2.682,2.683,2.684,2.685,2.686,2.687,2.688,2.689,110.72,714.69,1706.22,1622.02,1601.16,1472.7,1264.47,488.36,540.75,896.55,47.05,388.44,1328.54,1399.62,2242.59,77.84,2159.79,551.03,625.27,269.76
12,2.682,2.681,2.68,2.679,2.678,2.677,2.676,2.675,2.674,2.673,2.683,2.684,2.685,2.686,2.687,2.688,2.689,2.69,2.691,2.692,110.72,368.75,978.99,1609.44,1118.37,2380.46,1333.15,460.54,547.03,1051.93,40.5,292.04,948.25,1893.05,1805.43,2194.88,654.17,989.03,270.85,2587.36
13,2.684,2.683,2.682,2.681,2.68,2.679,2.678,2.677,2.676,2.675,2.685,2.686,2.687,2.688,2.689,2.69,2.691,2.692,2.693,2.694,73.96,499.41,806.49,754.48,2245.29,2078.28,1254.54,1067.85,550.13,686.23,23.01,804.91,831.93,2465.71,694.54,2570.67,87.02,793.47,86.99,2026.63
14,2.679,2.678,2.677,2.676,2.675,2.674,2.673,2.672,2.671,2.67,2.68,2.681,2.682,2.683,2.684,2.685,2.686,2.687,2.688,2.689,114.46,559.64,1046.05,1119.37,1772.87,2035.47,2492.02,493.44,375.38,510.97,40.5,570.21,1899.65,2012.98,908.96,1226.46,1380.62,93.39,1353.4,87.08
15,2.68,2.679,2.678,2.677,2.676,2.675,2.674,2.673,2.672,2.671,2.681,2.682,2.683,2.684,2.685,2.686,2.687,2.688,2.689,2.69,70.22,300.11,1032.5,3289,1412.6,2244.09,558.07,1269.55,102.78,428.1,44.24,627.63,350.89,1464.03,1435.96,1862.67,1191.22,1767.61,87.08,1407.88
16,2.677,2.676,2.675,2.674,2.673,2.672,2.671,2.67,2.669,2.668,2.678,2.679,2.68,2.681,2.682,2.683,2.684,2.685,2.686,2.687,3.74,849.23,1544.98,1899.75,977.96,878.38,1545.6,1007.46,478.23,49.88,59.42,263.07,961.54,1291.24,757.61,1841.62,2350.13,828.3,571.15,1652.96
17,2.676,2.675,2.674,2.673,2.672,2.671,2.67,2.669,2.668,2.667,2.678,2.679,2.68,2.681,2.682,2.683,2.684,2.685,2.686,2.687,316.28,938.2,1773.26,2377.16,741.69,1045.12,1632.6,602.47,241.42,789.87,285.73,1088.97,939.31,801.95,1348.51,1852.16,1599.36,462,963.45,1863.08
18,2.678,2.677,2.676,2.675,2.674,2.673,2.672,2.671,2.67,2.669,2.679,2.68,2.681,2.682,2.683,2.684,2.685,2.686,2.687,2.688,110.72,670.2,1316.23,1981.79,1202.42,2267.79,478.91,1360.11,829.1,241.27,47.05,161.43,450.35,1641.99,1212.11,2331.57,773.46,1679.34,2414.97,574.21
19,2.678,2.677,2.676,2.675,2.674,2.673,2.672,2.671,2.67,2.669,2.679,2.68,2.681,2.682,2.683,2.684,2.685,2.686,2.687,2.688,79.05,229.23,1217.68,2302.48,929.74,1461.66,638.7,570.06,1192.59,241.27,47.05,49.86,451.77,1176.94,711.97,3709.36,462,1324.54,1660.63,746.27
20,2.682,2.681,2.68,2.679,2.678,2.677,2.676,2.675,2.674,2.673,2.683,2.684,2.685,2.686,2.687,2.688,2.689,2.69,2.691,2.692,48.65,342.59,574.69,1193.04,1216.69,1800.43,1438.02,1965.58,631.92,1355.9,6.54,441.36,1187.32,1972.95,1333.49,2486.13,445.51,1331.64,1131.77,748.59
21,2.683,2.682,2.681,2.68,2.679,2.678,2.677,2.676,2.675,2.674,2.684,2.685,2.686,2.687,2.688,2.689,2.69,2.691,2.692,2.693,387.55,490.78,806.67,928.58,2111.62,1382.2,1463.95,905.96,1171.85,619.67,44.23,654.56,1749.01,1555.28,1962.53,472.49,1351.04,87.02,745.84,1278.98
22,2.687,2.686,2.685,2.684,2.683,2.682,2.681,2.68,2.679,2.678,2.688,2.689,2.69,2.691,2.692,2.693,2.694,2.695,2.696,2.697,401.5,515.66,950.75,1170.54,1793.18,1694.75,1191.34,161.41,1206.45,743.53,40.5,504.99,1971.04,1425.91,2629.23,258.75,1801.78,93.26,814.31,1305.53
23,2.688,2.687,2.686,2.685,2.684,2.683,2.682,2.681,2.68,2.679,2.689,2.69,2.691,2.692,2.693,2.694,2.695,2.696,2.697,2.698,40.21,710.19,427.24,1184.36,2279.03,1457.94,2203.49,459.9,523.03,497.4,3.73,790.39,759.12,1307.75,502.08,1431.73,289.3,724.9,1460.22,577.19
24,2.689,2.688,2.687,2.686,2.685,2.684,2.683,2.682,2.681,2.68,2.69,2.691,2.692,2.693,2.694,2.695,2.696,2.697,2.698,2.699,40.5,394.77,719.48,557.35,1033.57,1809.4,1110.47,1853.86,459.9,523.03,645.52,624.46,724.91,698.61,1153.41,733.74,793.13,270.36,1766.8,174.56
25,2.69,2.689,2.688,2.687,2.686,2.685,2.684,2.683,2.682,2.681,2.692,2.693,2.694,2.695,2.696,2.697,2.698,2.699,2.7,2.701,528.34,822.05,583.73,1063.05,1123.68,2252.76,1658.36,1005.78,948.9,600.46,433.92,871.97,769.3,618.66,1036.91,526.04,760.66,331.31,1318.69,887.06
26,2.694,2.693,2.692,2.691,2.69,2.689,2.688,2.687,2.686,2.685,2.695,2.696,2.697,2.698,2.699,2.7,2.701,2.702,2.703,2.704,275.91,434.95,565.48,1357.69,1448.61,2655.71,605.26,1595.95,301.67,917.37,3.71,54.1,437,1941.67,278.88,893.28,960.55,231.97,626.1,1228.95
27,2.696,2.695,2.694,2.693,2.692,2.691,2.69,2.689,2.688,2.687,2.697,2.698,2.699,2.7,2.701,2.702,2.703,2.704,2.705,2.706,307.7,235.55,576.15,1302.79,1784.28,2688.07,762.82,1613.29,256.77,782.95,2.17,803.63,1066.23,887.26,784.73,697.02,634.84,205.78,512.72,1447.51
28,2.702,2.701,2.7,2.699,2.698,2.697,2.696,2.695,2.694,2.693,2.703,2.704,2.705,2.706,2.707,2.708,2.709,2.71,2.711,2.712,40.5,209.01,639.43,1145.69,1170.23,1295.43,762.44,1153.28,441.12,1418.19,14.71,885.19,805.39,549.93,503.81,696.91,550.3,480.79,209.45,1725.4
29,2.7,2.699,2.698,2.697,2.696,2.695,2.694,2.693,2.692,2.691,2.702,2.703,2.704,2.705,2.706,2.707,2.708,2.709,2.71,2.711,293.13,1034.68,694.69,859.19,1295.83,2130.23,1083.05,1629.41,1203.3,495.5,167.62,696.41,1222.82,555.2,890.11,378.51,93.27,550.3,405.28,465.57
30,2.703,2.702,2.701,2.7,2.699,2.698,2.697,2.696,2.695,2.694,2.704,2.705,2.706,2.707,2.708,2.709,2.71,2.711,2.712,2.713,40.5,423.72,723.34,912.95,1409.19,1373.14,1623.44,1472.4,1550.05,214.13,40.5,257.13,775.46,1280.98,521.21,980.3,411.57,389.38,1722.65,86.92
31,2.706,2.705,2.704,2.703,2.702,2.701,2.7,2.699,2.698,2.697,2.707,2.708,2.709,2.71,2.711,2.712,2.713,2.714,2.715,2.716,40.5,391.02,1140.43,1236.7,1437.52,1820.44,990.84,2007.67,849.69,918.9,3.81,161.47,423.69,1327.35,663.9,1051.39,696.85,357.38,790.11,1002.24
32,2.704,2.703,2.702,2.701,2.7,2.699,2.698,2.697,2.696,2.695,2.705,2.706,2.707,2.708,2.709,2.71,2.711,2.712,2.713,2.714,53.29,207.77,739.07,1123.64,1822.26,1308.51,770.41,1422.34,161.37,547.31,40.5,721.18,347.94,1347.46,807.96,568.24,628.62,577.48,266.85,359.83
33,2.701,2.7,2.699,2.698,2.697,2.696,2.695,2.694,2.693,2.692,2.703,2.704,2.705,2.706,2.707,2.708,2.709,2.71,2.711,2.712,49.77,595.89,1217.62,1477.48,877.37,1160.45,2053.28,554.58,851.24,864.42,340.08,1231.17,240.65,657.43,816.61,1006.88,1082.88,568.24,378.55,1827.15
34,2.702,2.701,2.7,2.699,2.698,2.697,2.696,2.695,2.694,2.693,2.703,2.704,2.705,2.706,2.707,2.708,2.709,2.71,2.711,2.712,40.5,281.73,1087.84,1059.67,2266.28,1750.41,1256.93,1238.14,1369.55,458.03,44.21,999.24,1095.44,777.59,875.68,605.01,1149.33,568.24,198.62,1896.42
35,2.703,2.702,2.701,2.7,2.699,2.698,2.697,2.696,2.695,2.694,2.704,2.705,2.706,2.707,2.708,2.709,2.71,2.711,2.712,2.713,44.64,859.99,1646.67,1953.54,1330.52,1267.51,921.35,1358.24,457.58,391.02,44.21,147.62,327.79,344.62,1064.34,1238.73,817.99,204.91,1827.15,926.71
36,2.703,2.702,2.701,2.7,2.699,2.698,2.697,2.696,2.695,2.694,2.705,2.706,2.707,2.708,2.709,2.71,2.711,2.712,2.713,2.714,40.5,499.95,1490.74,1699.36,1654.44,2013.74,1367.22,1312.13,845.26,391,223.4,820.81,837.93,707.65,1092.57,817.99,384.84,815.03,1939.21,359.83
37,2.701,2.7,2.699,2.698,2.697,2.696,2.695,2.694,2.693,2.692,2.702,2.703,2.704,2.705,2.706,2.707,2.708,2.709,2.71,2.711,44.21,538.38,880.48,1637.02,1583.21,1455.64,1377.84,1717.48,458.03,967.46,40.5,543.66,809.47,1176.66,1129.17,516.86,852.32,719.33,568.24,267.87
38,2.701,2.7,2.699,2.698,2.697,2.696,2.695,2.694,2.693,2.692,2.702,2.703,2.704,2.705,2.706,2.707,2.708,2.709,2.71,2.711,11.56,376.24,1240.49,1594.26,2628.9,792.39,1502.87,1354.43,836.74,967.46,40.5,340.16,928.25,1179.16,1371.71,759.23,605.01,719.33,568.24,369.31
39,2.692,2.691,2.69,2.689,2.688,2.687,2.686,2.685,2.684,2.683,2.693,2.694,2.695,2.696,2.697,2.698,2.699,2.7,2.701,2.702,49.8,1279.51,2416.61,435.53,1544.97,556.96,1718.02,456.47,398.61,279.71,52.4,306.69,539.98,591.01,1219.15,1122.19,940.53,1164.56,1070.99,915.43
40,2.693,2.692,2.691,2.69,2.689,2.688,2.687,2.686,2.685,2.684,2.695,2.696,2.697,2.698,2.699,2.7,2.701,2.702,2.703,2.704,876.36,1015.09,1493.03,1889.02,865.53,1515.18,795.93,161.38,456.47,451.02,452.45,390.16,780.88,649.34,1549.64,1544.59,821.93,915.43,646.78,2729.6
41,2.692,2.691,2.69,2.689,2.688,2.687,2.686,2.685,2.684,2.683,2.694,2.695,2.696,2.697,2.698,2.699,2.7,2.701,2.702,2.703,302.29,1565.63,2072.83,1405.52,1354.78,2420.91,161.38,456.47,361.56,311.7,363.16,693.9,358.25,1016.44,1080.39,1358.76,1164.56,821.93,1260.83,440.67
42,2.694,2.693,2.692,2.691,2.69,2.689,2.688,2.687,2.686,2.685,2.695,2.696,2.697,2.698,2.699,2.7,2.701,2.702,2.703,2.704,40.5,966.55,916.32,1450.16,2021.26,1206.67,895.68,2358.6,161.38,456.47,51.54,358.25,797.08,689.34,1802.71,404.3,2847.56,555.62,1811.03,757.24
43,2.695,2.694,2.693,2.692,2.691,2.69,2.689,2.688,2.687,2.686,2.696,2.697,2.698,2.699,2.7,2.701,2.702,2.703,2.704,2.705,54.38,126.22,486.02,1010.45,1758.49,1992.58,1388.5,605.21,1555.41,161.38,51.21,581.85,709.9,2103.39,827.98,2590.32,198.39,1453.8,757.24,86.8
44,2.694,2.693,2.692,2.691,2.69,2.689,2.688,2.687,2.686,2.685,2.695,2.696,2.697,2.698,2.699,2.7,2.701,2.702,2.703,2.704,40.5,263.13,885.1,918.78,1680.47,2832.27,866.49,1175.04,908.47,456.47,44.22,477.13,982.27,732.63,2164.15,1954.3,1016.17,198.39,1346.54,757.24
45,2.69,2.689,2.688,2.687,2.686,2.685,2.684,2.683,2.682,2.681,2.691,2.692,2.693,2.694,2.695,2.696,2.697,2.698,2.699,2.7,3.73,94.43,254.75,1203.83,1487.35,1565.79,1472.46,413.6,1274.3,184.07,467.83,406.41,821.54,1083.81,1338.3,591.55,2357.61,198.48,870.22,579.28
46,2.685,2.684,2.683,2.682,2.681,2.68,2.679,2.678,2.677,2.676,2.686,2.687,2.688,2.689,2.69,2.691,2.692,2.693,2.694,2.695,44.23,238.44,1266.68,2731.86,880.09,850.87,1619.77,527.95,519.48,803.73,40.5,675.53,556.8,1219.75,925.89,2198.83,198.59,1624.99,198.55,495.29
47,2.681,2.68,2.679,2.678,2.677,2.676,2.675,2.674,2.673,2.672,2.682,2.683,2.684,2.685,2.686,2.687,2.688,2.689,2.69,2.691,427.32,1031.69,1269.66,1107.7,1664.08,1670.81,1416.46,352.51,640.94,139.34,40.5,622.17,474.59,800.7,510.63,1535.58,1009.41,1231.85,1373.62,1873.34
48,2.681,2.68,2.679,2.678,2.677,2.676,2.675,2.674,2.673,2.672,2.682,2.683,2.684,2.685,2.686,2.687,2.688,2.689,2.69,2.691,1048.4,709.15,1178.32,1147.64,1552.85,1085.66,889.16,352.51,640.94,139.34,40.5,476.46,349.48,769.97,401.21,1255.15,1487.69,827.88,1373.62,2616.74
49,2.682,2.681,2.68,2.679,2.678,2.677,2.676,2.675,2.674,2.673,2.683,2.684,2.685,2.686,2.687,2.688,2.689,2.69,2.691,2.692,40.5,677.43,1443.42,1384.05,1882.53,1428.56,1515.43,412.63,742.09,643.65,47.04,694.33,745.73,578.52,1251.81,2396.13,1115.05,1386.34,1755.98,218.2
50,2.681,2.68,2.679,2.678,2.677,2.676,2.675,2.674,2.673,2.672,2.682,2.683,2.684,2.685,2.686,2.687,2.688,2.689,2.69,2.691,44.24,384.53,1372.32,1261.05,1796.36,1633.22,1183.94,867.95,996.98,147.21,11.1,644.36,474.05,1053.71,1840.17,1346.57,1953.61,853.93,1602.46,649.62
51,2.681,2.68,2.679,2.678,2.677,2.676,2.675,2.674,2.673,2.672,2.683,2.684,2.685,2.686,2.687,2.688,2.689,2.69,2.691,2.692,231.34,1090.48,1468.66,838.36,1438.23,2127.41,821.17,898.32,695.91,104.66,133.16,465.53,789.37,1444.38,1828.8,1380.43,1238.55,721.52,1658.99,218.2
52,2.681,2.68,2.679,2.678,2.677,2.676,2.675,2.674,2.673,2.672,2.682,2.683,2.684,2.685,2.686,2.687,2.688,2.689,2.69,2.691,40.5,289.3,1059.76,2209.06,1403.2,1909.28,820.76,898.32,643.65,157.33,69.22,135.96,562.2,1338.82,1669.22,2003.14,1349.44,744.33,618.19,1479.06
53,2.683,2.682,2.681,2.68,2.679,2.678,2.677,2.676,2.675,2.674,2.684,2.685,2.686,2.687,2.688,2.689,2.69,2.691,2.692,2.693,40.5,176.56,520.08,1669.14,1187.51,1576.8,1575.95,1563.23,441.32,922.34,44.23,601.43,767.04,2024.48,861.82,2576.24,993.86,458.64,218.2,746.78
54,2.684,2.683,2.682,2.681,2.68,2.679,2.678,2.677,2.676,2.675,2.686,2.687,2.688,2.689,2.69,2.691,2.692,2.693,2.694,2.695,49.83,425.59,1117.8,1689.95,2418.18,1766.7,963.39,94.67,1520.35,102.57,37.25,1215.93,788.75,1302.07,1500.6,1809.91,232.57,746.78,1563.79,593.74
55,2.684,2.683,2.682,2.681,2.68,2.679,2.678,2.677,2.676,2.675,2.685,2.686,2.687,2.688,2.689,2.69,2.691,2.692,2.693,2.694,49.83,310.31,978.64,1465.11,2212.7,1665.87,963.39,94.67,1870.33,102.57,40.5,584.31,1428.48,683.52,1696.44,1323.4,1105.83,232.57,746.78,1563.79
56,2.686,2.685,2.684,2.683,2.682,2.681,2.68,2.679,2.678,2.677,2.688,2.689,2.69,2.691,2.692,2.693,2.694,2.695,2.696,2.697,152.07,448.16,954.81,663.86,1567.95,870.78,1657.83,1540.95,1319.41,94.67,350.26,1718.02,1247.41,1814.93,209.42,1475.04,550.8,590.99,225.57,816.8
57,2.685,2.684,2.683,2.682,2.681,2.68,2.679,2.678,2.677,2.676,2.687,2.688,2.689,2.69,2.691,2.692,2.693,2.694,2.695,2.696,269.57,1042.74,963.72,1645.41,484.13,1681.83,1032.22,1319.63,504.07,996.43,110.72,549.22,1470.83,965.24,1583.43,763.13,1831.71,1578.63,590.99,225.57
58,2.685,2.684,2.683,2.682,2.681,2.68,2.679,2.678,2.677,2.676,2.686,2.687,2.688,2.689,2.69,2.691,2.692,2.693,2.694,2.695,44.23,336.46,854.5,1326.37,1276.76,1676.84,1301.22,1306.13,94.67,996.43,40.5,1216.25,1166.63,1467.79,1813.11,1105.83,1335.01,502.94,1572.34,593.74
59,2.684,2.683,2.682,2.681,2.68,2.679,2.678,2.677,2.676,2.675,2.686,2.687,2.688,2.689,2.69,2.691,2.692,2.693,2.694,2.695,432.62,847.08,1300.38,1814.44,2309.54,1638.38,1316.51,94.67,1049.14,49.86,44.23,174.05,744.3,1319.67,1338.31,1769.06,2079.61,502.94,1572.34,590.99
60,2.682,2.681,2.68,2.679,2.678,2.677,2.676,2.675,2.674,2.673,2.683,2.684,2.685,2.686,2.687,2.688,2.689,2.69,2.691,2.692,44.23,383.93,1629.22,2216.59,1056.8,2382.89,996.43,799.72,161.43,643.65,53.82,474.7,927.54,1880.45,1622.64,481.32,1614.92,943.17,512.76,591.29
61,2.68,2.679,2.678,2.677,2.676,2.675,2.674,2.673,2.672,2.671,2.681,2.682,2.683,2.684,2.685,2.686,2.687,2.688,2.689,2.69,44.24,708.39,1597.8,2394.34,1163.46,1308.51,548.03,810.25,239.91,169.44,31.32,317.13,614.84,690.56,1643.39,1363.94,2012,1628.61,459.58,1219.06
62,2.678,2.677,2.676,2.675,2.674,2.673,2.672,2.671,2.67,2.669,2.679,2.68,2.681,2.682,2.683,2.684,2.685,2.686,2.687,2.688,424.15,1261.51,1455.4,1639.05,764.08,2579.23,548.32,354.08,467.98,184.69,40.5,311.63,645.74,526.32,883.17,1964.17,926.8,1659.8,1846.15,551.39
63,2.676,2.675,2.674,2.673,2.672,2.671,2.67,2.669,2.668,2.667,2.677,2.678,2.679,2.68,2.681,2.682,2.683,2.684,2.685,2.686,40.5,565.72,1133.36,2249.01,302.77,1305.06,1145.26,881.05,436.27,744.04,585.45,512.39,722.08,937.15,1106.79,1681.57,683.45,1391.15,906.53,1355.92
64,2.675,2.674,2.673,2.672,2.671,2.67,2.669,2.668,2.667,2.666,2.676,2.677,2.678,2.679,2.68,2.681,2.682,2.683,2.684,2.685,27.65,1000.69,2415.52,1242.74,1445.35,708.77,1264.28,436.27,570.63,139.79,40.5,481.21,337.84,862.27,990.81,1550.47,1411.08,855.82,1391.15,906.53
65,2.673,2.672,2.671,2.67,2.669,2.668,2.667,2.666,2.665,2.664,2.674,2.675,2.676,2.677,2.678,2.679,2.68,2.681,2.682,2.683,49.87,1233.62,1720.38,1640.82,1074.29,413.81,1696.99,49.89,162.3,722.99,40.5,477.63,355.82,763.07,415.91,1252.38,2058.56,1390.95,1296.61,2041.34
66,2.674,2.673,2.672,2.671,2.67,2.669,2.668,2.667,2.666,2.665,2.675,2.676,2.677,2.678,2.679,2.68,2.681,2.682,2.683,2.684,40.5,409.53,1772.74,1833.14,1272,882.51,1190.27,1458.36,49.89,162.3,23.03,410.39,618.44,763.66,1557.88,1690.35,1119.75,1307,1520.9,198.72
67,2.675,2.674,2.673,2.672,2.671,2.67,2.669,2.668,2.667,2.666,2.676,2.677,2.678,2.679,2.68,2.681,2.682,2.683,2.684,2.685,40.5,356.15,1016.01,1815.23,1585.27,1821.82,1800.01,413.81,757.76,102.49,62.78,593.82,632.75,1494.73,1777.18,1169.62,912.96,866.94,198.72,655
68,2.675,2.674,2.673,2.672,2.671,2.67,2.669,2.668,2.667,2.666,2.676,2.677,2.678,2.679,2.68,2.681,2.682,2.683,2.684,2.685,177.64,362.36,913.84,998.21,1079.3,2371.53,1784.19,407.65,1114.08,102.49,6.56,104.29,337.84,1140.3,1797.12,1513.82,1984.18,503.52,198.72,1678.09
69,2.677,2.676,2.675,2.674,2.673,2.672,2.671,2.67,2.669,2.668,2.678,2.679,2.68,2.681,2.682,2.683,2.684,2.685,2.686,2.687,54.14,144.45,482.22,1089.23,1519.11,1755.84,1316.71,1584.3,1062.27,49.88,44.24,768.41,1677.19,1393.88,1473.23,1536.22,205.01,652.25,1183.73,751.74
70,2.676,2.675,2.674,2.673,2.672,2.671,2.67,2.669,2.668,2.667,2.677,2.678,2.679,2.68,2.681,2.682,2.683,2.684,2.685,2.686,598.36,230.96,1003.34,1350.35,1530.34,1061.5,2279.08,1423.53,772.54,757.76,6.55,454.97,1339.35,1952.81,460.21,1826.66,1513.38,205.01,652.25,1183.73
71,2.672,2.671,2.67,2.669,2.668,2.667,2.666,2.665,2.664,2.663,2.674,2.675,2.676,2.677,2.678,2.679,2.68,2.681,2.682,2.683,318.72,489.53,1257.48,1197.35,1894.45,1081.72,432.02,926.83,680.17,495.85,152.07,555.91,411.69,1034.94,1658.25,944.35,1984.48,1076.43,2110.62,530.27
72,2.671,2.67,2.669,2.668,2.667,2.666,2.665,2.664,2.663,2.662,2.672,2.673,2.674,2.675,2.676,2.677,2.678,2.679,2.68,2.681,0.63,500.7,1622.09,1152.34,2032.88,818.72,913.39,827.13,731.29,49.87,107.41,715.08,707.32,1167.1,838.34,1926.73,535.51,1583.16,389.63,462.96
73,2.671,2.67,2.669,2.668,2.667,2.666,2.665,2.664,2.663,2.662,2.672,2.673,2.674,2.675,2.676,2.677,2.678,2.679,2.68,2.681,73.58,700.19,2652.28,1022.23,1598.22,1338.18,913.39,469.23,356.43,193.82,44.45,193.18,595.55,799.25,950.11,2363.53,161.43,1412.5,956.08,462.96
74,2.673,2.672,2.671,2.67,2.669,2.668,2.667,2.666,2.665,2.664,2.674,2.675,2.676,2.677,2.678,2.679,2.68,2.681,2.682,2.683,70.71,869.2,1604.51,1113.51,2445.32,1674.17,1006.15,811.87,162.3,512.15,39.92,546.6,779.77,1451.57,577.92,2497.69,377.63,1360.3,715.41,527.52
75,2.674,2.673,2.672,2.671,2.67,2.669,2.668,2.667,2.666,2.665,2.675,2.676,2.677,2.678,2.679,2.68,2.681,2.682,2.683,2.684,40.5,183.84,648.79,999.89,1355.86,2726.08,1102.91,996.23,809.28,520.5,43.31,671.5,1721.34,964.25,1537.03,556.73,1880.34,798.42,712.72,1413.57
76,2.673,2.672,2.671,2.67,2.669,2.668,2.667,2.666,2.665,2.664,2.674,2.675,2.676,2.677,2.678,2.679,2.68,2.681,2.682,2.683,3.75,209.39,771.26,847.82,1560.25,1412.2,1430.48,807.9,518.85,459.47,834.94,1102.03,1682.82,1697.59,985.38,897.17,205.09,640.14,792.13,715.47
77,2.672,2.671,2.67,2.669,2.668,2.667,2.666,2.665,2.664,2.663,2.673,2.674,2.675,2.676,2.677,2.678,2.679,2.68,2.681,2.682,44.71,211.81,717.03,1691.12,1623.44,2601.71,807.9,518.85,832.17,358.38,60.72,693.46,1612.3,1290.08,1292.97,1376.85,1655.02,198.8,640.14,792.13
78,2.672,2.671,2.67,2.669,2.668,2.667,2.666,2.665,2.664,2.663,2.673,2.674,2.675,2.676,2.677,2.678,2.679,2.68,2.681,2.682,40.5,852.62,1415.98,1608.61,1705.89,1694.27,1931.39,518.85,459.47,366.19,17.69,417.93,753.47,709.06,1411.22,1100.08,2042.74,959.44,1491.2,1816.37
79,2.673,2.672,2.671,2.67,2.669,2.668,2.667,2.666,2.665,2.664,2.675,2.676,2.677,2.678,2.679,2.68,2.681,2.682,2.683,2.684,49.87,1033.73,1147.23,2057.85,1383.84,890.74,2559.87,451.35,162.3,691,132.6,460.7,775.63,954.39,1522.48,1682.74,1362.53,1012.31,2685.31,462.17
80,2.674,2.673,2.672,2.671,2.67,2.669,2.668,2.667,2.666,2.665,2.675,2.676,2.677,2.678,2.679,2.68,2.681,2.682,2.683,2.684,40.5,325.36,546.92,1501.07,1681.02,1847.59,1979.24,1011.5,451.35,535.5,47.06,479.67,979.77,1399.86,1381.38,2321.32,1029.78,626,854.79,462.17
81,2.674,2.673,2.672,2.671,2.67,2.669,2.668,2.667,2.666,2.665,2.675,2.676,2.677,2.678,2.679,2.68,2.681,2.682,2.683,2.684,40.5,228.99,422.54,1146.07,2171.12,2608.32,688.75,638.3,816.06,162.3,47.06,933,1209.61,1354.51,1291.66,1358.22,640.14,626,1878.27,462.17
82,2.674,2.673,2.672,2.671,2.67,2.669,2.668,2.667,2.666,2.665,2.675,2.676,2.677,2.678,2.679,2.68,2.681,2.682,2.683,2.684,40.5,110.51,407.45,1264,1399.93,2707.32,925.97,1575.38,813.2,162.3,47.06,721,1417.77,969.92,945.47,1352.44,1001.93,798.42,1705.91,462.17
83,2.674,2.673,2.672,2.671,2.67,2.669,2.668,2.667,2.666,2.665,2.675,2.676,2.677,2.678,2.679,2.68,2.681,2.682,2.683,2.684,33.45,125.72,748.08,1668.72,2108.41,2767.15,411.73,570.63,451.35,162.3,35.41,411.03,972.68,1445.76,978.81,2314.57,640.14,626,682.43,462.17
84,2.674,2.673,2.672,2.671,2.67,2.669,2.668,2.667,2.666,2.665,2.675,2.676,2.677,2.678,2.679,2.68,2.681,2.682,2.683,2.684,40.5,271.78,636.33,1838.57,1555.77,2244.13,1095.67,972.27,852.99,162.3,43.31,481.25,990.8,1627.84,1400.24,1524.99,1041.71,626,1705.91,462.17
85,2.675,2.674,2.673,2.672,2.671,2.67,2.669,2.668,2.667,2.666,2.676,2.677,2.678,2.679,2.68,2.681,2.682,2.683,2.684,2.685,40.5,321.33,1341.8,824.65,1874.18,1516.13,2742.9,398.6,570.63,852.63,62.13,700.57,1107.23,1819.13,1035.99,1597.33,1753.49,682.43,1482.51,635.39
86,2.676,2.675,2.674,2.673,2.672,2.671,2.67,2.669,2.668,2.667,2.678,2.679,2.68,2.681,2.682,2.683,2.684,2.685,2.686,2.687,49.87,155.78,843.8,1310.19,1412.48,2416.58,331.06,2399.22,49.88,660.72,659.16,1068.96,1965.67,1094.33,1334.12,669.59,645.64,635.39,161.4,751.74
87,2.675,2.674,2.673,2.672,2.671,2.67,2.669,2.668,2.667,2.666,2.676,2.677,2.678,2.679,2.68,2.681,2.682,2.683,2.684,2.685,49.87,448.76,1006.13,1040.16,1545.94,2790.76,1373.54,421.62,942.37,511.9,50.89,1288.7,1671.53,1270.67,941.82,1609.77,1424.54,503.52,1482.51,635.39
88,2.676,2.675,2.674,2.673,2.672,2.671,2.67,2.669,2.668,2.667,2.677,2.678,2.679,2.68,2.681,2.682,2.683,2.684,2.685,2.686,40.5,192.88,518.25,1236.24,894.37,1530.94,2778.42,1715.28,49.88,927.37,47.05,463.64,1354.98,1705.49,1675.59,2322.07,497.23,465.71,1658.1,161.4
89,2.673,2.672,2.671,2.67,2.669,2.668,2.667,2.666,2.665,2.664,2.674,2.675,2.676,2.677,2.678,2.679,2.68,2.681,2.682,2.683,3.75,49.87,927.74,1575.69,2171.8,1410.05,570.63,1592.09,534.02,633.06,128.61,747.4,620.04,1760.28,1656.11,1261.2,912.15,995.73,822.11,499.98
90,2.675,2.674,2.673,2.672,2.671,2.67,2.669,2.668,2.667,2.666,2.676,2.677,2.678,2.679,2.68,2.681,2.682,2.683,2.684,2.685,40.5,444.14,1619.2,1061.59,1799.77,1435.28,1758.3,426.49,570.63,504.09,113.16,605.28,539.85,1353.39,1538.71,1265.62,2172.8,865.21,459.42,1847.53
91,2.675,2.674,2.673,2.672,2.671,2.67,2.669,2.668,2.667,2.666,2.676,2.677,2.678,2.679,2.68,2.681,2.682,2.683,2.684,2.685,40.5,540.82,1731.21,1175.76,1979.27,1307.72,1400.9,426.49,931.8,451.35,6.56,286.91,319.9,1239.07,1844.81,1265.62,2172.8,1593.97,459.42,1847.53
92,2.676,2.675,2.674,2.673,2.672,2.671,2.67,2.669,2.668,2.667,2.677,2.678,2.679,2.68,2.681,2.682,2.683,2.684,2.685,2.686,36.07,374.69,1183.82,1781.82,768.97,2164.9,1436.56,1741.56,49.88,660.75,91.85,275.22,660.12,906.24,2479.87,1522.14,1606,645.64,824.82,164.15
93,2.676,2.675,2.674,2.673,2.672,2.671,2.67,2.669,2.668,2.667,2.677,2.678,2.679,2.68,2.681,2.682,2.683,2.684,2.685,2.686,40.5,49.87,544.57,1354.81,635.76,2083.21,2071.25,1377.65,401.95,570.63,117.27,529.38,1465.25,805.17,1848.74,1718.57,1049.43,639.35,1847.53,164.15
94,2.676,2.675,2.674,2.673,2.672,2.671,2.67,2.669,2.668,2.667,2.677,2.678,2.679,2.68,2.681,2.682,2.683,2.684,2.685,2.686,40.5,107.17,383.94,1121.8,679.52,1962.5,2082.21,1377.65,401.95,974.51,117.27,537.17,1265.38,805.17,1848.74,1448.44,503.52,811.65,824.82,1187.05
95,2.676,2.675,2.674,2.673,2.672,2.671,2.67,2.669,2.668,2.667,2.677,2.678,2.679,2.68,2.681,2.682,2.683,2.684,2.685,2.686,40.5,52.06,576.33,1465.78,1104.29,1865.11,2376.29,1394.96,49.88,615.78,117.27,464.3,1243.23,1281.59,1768.29,1072.18,874.19,811.65,824.82,1187.05
96,2.675,2.674,2.673,2.672,2.671,2.67,2.669,2.668,2.667,2.666,2.676,2.677,2.678,2.679,2.68,2.681,2.682,2.683,2.684,2.685,44.25,204.81,744.6,722.11,1414.08,2512.64,2062.94,437.96,932.1,695.1,40.5,749.95,876.1,1327.36,1871.24,1201.55,1003.66,503.52,811.65,824.82
97,2.675,2.674,2.673,2.672,2.671,2.67,2.669,2.668,2.667,2.666,2.676,2.677,2.678,2.679,2.68,2.681,2.682,2.683,2.684,2.685,208.62,49.87,558.37,1225.17,1510.16,1530.56,2338.83,49.88,1330.18,521.61,71.12,692.53,893.35,1672.05,2032.49,830.79,1012.76,1921.99,811.65,824.82
98,2.672,2.671,2.67,2.669,2.668,2.667,2.666,2.665,2.664,2.663,2.673,2.674,2.675,2.676,2.677,2.678,2.679,2.68,2.681,2.682,44.25,243,739.95,1547.69,1517.95,1896.14,461.1,1846.75,651.41,401.31,62.91,378.3,680.95,956.38,1394.87,1203.61,1893.84,571.01,838.71,822.11
99,2.669,2.668,2.667,2.666,2.665,2.664,2.663,2.662,2.661,2.66,2.671,2.672,2.673,2.674,2.675,2.676,2.677,2.678,2.679,2.68,616.26,1989.86,2141.2,723.8,1530.87,2556.79,164.57,417.06,542.02,626.16,146.67,497.55,827.57,366.38,1032.54,1530.77,1755.27,978.32,880.26,378.73
100,2.664,2.663,2.662,2.661,2.66,2.659,2.658,2.657,2.656,2.655,2.665,2.666,2.667,2.668,2.669,2.67,2.671,2.672,2.673,2.674,566.04,679.04,2022.57,1701.8,765.28,1190.37,818.71,161.46,279.84,740.21,38.42,471.45,761.21,483.38,887.37,682.66,2602.06,376.17,915.32,198.88
101,2.664,2.663,2.662,2.661,2.66,2.659,2.658,2.657,2.656,2.655,2.666,2.667,2.668,2.669,2.67,2.671,2.672,2.673,2.674,2.675,1614.27,1531.38,1508.82,1101.37,959.74,801.43,463.48,161.46,332.44,687.62,83.32,754.06,640.24,566.79,957.66,1529.35,376.17,2023.89,567.31,1802.82
102,2.665,2.664,2.663,2.662,2.661,2.66,2.659,2.658,2.657,2.656,2.666,2.667,2.668,2.669,2.67,2.671,2.672,2.673,2.674,2.675,49.9,2237.23,1664.04,1757.03,1634.75,1350.4,49.88,463.48,303.28,332.44,40.5,163.32,517.26,974.95,810.65,1645.23,538.01,1838.05,1152.8,1802.82
103,2.665,2.664,2.663,2.662,2.661,2.66,2.659,2.658,2.657,2.656,2.666,2.667,2.668,2.669,2.67,2.671,2.672,2.673,2.674,2.675,405.78,1190.94,2328.15,1181.67,1105.15,1712.62,408.29,463.48,161.46,506.51,40.5,557.39,454.92,765.24,512.94,1961.55,1052.26,1130.88,1948.85,1282.43
104,2.666,2.665,2.664,2.663,2.662,2.661,2.66,2.659,2.658,2.657,2.668,2.669,2.67,2.671,2.672,2.673,2.674,2.675,2.676,2.677,40.5,699.96,1326.79,1927.37,1660.44,1288.52,960.58,408.29,637.43,251.58,208.84,743.4,848.75,1963.07,944.27,1847.15,560.4,927.2,1225.01,955.98
105,2.658,2.657,2.656,2.655,2.654,2.653,2.652,2.651,2.65,2.649,2.659,2.66,2.661,2.662,2.663,2.664,2.665,2.666,2.667,2.668,0.07,256.6,636.69,891.9,1729.43,1011.94,1437.29,542.66,1217.27,161.49,127.38,313.07,898.41,1747.25,1178.62,1417.98,1056.92,1139.84,582.68,541.27
106,2.659,2.658,2.657,2.656,2.655,2.654,2.653,2.652,2.651,2.65,2.66,2.661,2.662,2.663,2.664,2.665,2.666,2.667,2.668,2.669,152.07,1492.13,1261.17,2137.69,995.54,766.27,1296.06,559.44,227,464.95,48.51,175.88,165.7,812.49,1179.64,1190.11,663.7,1785.46,1568.32,573.84
107,2.66,2.659,2.658,2.657,2.656,2.655,2.654,2.653,2.652,2.651,2.661,2.662,2.663,2.664,2.665,2.666,2.667,2.668,2.669,2.67,520.32,1141.31,1770.49,1162.27,1488,161.5,803.99,911.49,559.44,227,117.32,165.7,642.53,768.72,899.87,1395.16,1348.68,2327.63,935.69,114.62
108,2.66,2.659,2.658,2.657,2.656,2.655,2.654,2.653,2.652,2.651,2.661,2.662,2.663,2.664,2.665,2.666,2.667,2.668,2.669,2.67,37.17,799.39,1258.58,1086.67,1028.8,620.32,2326.18,922.07,559.44,227,117.32,282.64,754.1,1069.56,1707.37,1922.92,1317.9,2365.11,582.58,114.62
109,2.659,2.658,2.657,2.656,2.655,2.654,2.653,2.652,2.651,2.65,2.661,2.662,2.663,2.664,2.665,2.666,2.667,2.668,2.669,2.67,503.05,922.84,1391.74,1728.6,922.07,2326.26,533.48,1336.47,161.48,639.43,117.32,483.46,1454.89,1719.12,1550.01,1637.99,945.92,1620.46,582.58,114.62
110,2.659,2.658,2.657,2.656,2.655,2.654,2.653,2.652,2.651,2.65,2.661,2.662,2.663,2.664,2.665,2.666,2.667,2.668,2.669,2.67,158.66,664.05,695.97,1024.87,1224.64,2799.38,897.6,927.49,563.29,639.43,249.2,817.68,1929.45,1395.48,1426.23,917.6,635.46,1578.4,573.84,114.62
111,2.659,2.658,2.657,2.656,2.655,2.654,2.653,2.652,2.651,2.65,2.66,2.661,2.662,2.663,2.664,2.665,2.666,2.667,2.668,2.669,47.09,135.69,677.82,1586.3,1228.56,1642.98,897.6,927.49,563.29,639.43,40.5,252.03,943.49,1692.83,1330.44,1834.75,1308.84,635.46,1455.98,573.84
112,2.663,2.662,2.661,2.66,2.659,2.658,2.657,2.656,2.655,2.654,2.664,2.665,2.666,2.667,2.668,2.669,2.67,2.671,2.672,2.673,46.04,772.67,1175.16,1695.35,1483.53,1272.45,1257.7,798.15,532.29,971.75,4.73,120.15,724.08,2275.13,1961.8,1464.45,511.44,590.21,1123.76,358.82
113,2.663,2.662,2.661,2.66,2.659,2.658,2.657,2.656,2.655,2.654,2.664,2.665,2.666,2.667,2.668,2.669,2.67,2.671,2.672,2.673,40.5,555.4,862.27,1903.5,1520.8,1503.39,520.42,786.28,161.5,971.75,45.23,742.11,1418.82,1957.8,966.53,1464.45,140.65,590.21,1123.76,358.82
114,2.665,2.664,2.663,2.662,2.661,2.66,2.659,2.658,2.657,2.656,2.666,2.667,2.668,2.669,2.67,2.671,2.672,2.673,2.674,2.675,40.5,698.23,484.19,871.27,606.83,1344.11,2392.98,2588.95,161.5,786.29,46.11,309.88,1300.87,2589.64,1431.95,573.35,140.98,339.9,1733.96,85.36
115,2.665,2.664,2.663,2.662,2.661,2.66,2.659,2.658,2.657,2.656,2.666,2.667,2.668,2.669,2.67,2.671,2.672,2.673,2.674,2.675,190.91,714.45,554.41,1033.74,2007.87,2291.37,443.18,1670.55,161.5,960.46,57.23,241.69,1494.54,2552.04,1065.59,973.4,533.48,339.9,1733.96,85.36
116,2.664,2.663,2.662,2.661,2.66,2.659,2.658,2.657,2.656,2.655,2.665,2.666,2.667,2.668,2.669,2.67,2.671,2.672,2.673,2.674,49.9,442.24,977.02,1123.31,1705.59,966.17,1944.06,161.5,960.46,161.5,40.5,950.51,1721.24,1574.03,2084.44,480.19,573.35,533.48,339.9,1733.96
117,2.663,2.662,2.661,2.66,2.659,2.658,2.657,2.656,2.655,2.654,2.664,2.665,2.666,2.667,2.668,2.669,2.67,2.671,2.672,2.673,44.26,49.9,594.59,1170.35,1713.52,1671.87,1150.62,1504.04,335.72,754.93,110.72,275.65,987.29,2476.75,1287.92,1041.37,839.08,626.79,479.82,342.65
118,2.664,2.663,2.662,2.661,2.66,2.659,2.658,2.657,2.656,2.655,2.665,2.666,2.667,2.668,2.669,2.67,2.671,2.672,2.673,2.674,40.5,585.17,1295.23,1853.06,1093.24,1427.15,1679.82,1295.07,427.36,161.5,4.31,468.84,1347.75,983.16,1673.79,614.52,1740.59,533.37,339.9,707.03
119,2.665,2.664,2.663,2.662,2.661,2.66,2.659,2.658,2.657,2.656,2.666,2.667,2.668,2.669,2.67,2.671,2.672,2.673,2.674,2.675,40.5,105.7,567.57,1326.08,1883.52,1173.13,2172.4,1679.82,546.95,427.36,74.97,411.94,1017.94,2716.49,1097.81,1710.72,533.37,339.9,1733.96,88.11
120,2.665,2.664,2.663,2.662,2.661,2.66,2.659,2.658,2.657,2.656,2.666,2.667,2.668,2.669,2.67,2.671,2.672,2.673,2.674,2.675,40.5,784.17,1184.18,1809.39,1279.13,1656.32,1309.29,1280.32,161.5,601.53,31.65,120.15,578.53,1715.24,1195.73,2671.82,931.07,339.9,1733.96,85.36
121,2.667,2.666,2.665,2.664,2.663,2.662,2.661,2.66,2.659,2.658,2.668,2.669,2.67,2.671,2.672,2.673,2.674,2.675,2.676,2.677,40.5,105.57,444.44,1102.4,1484.78,1501.63,1612.17,1714.81,941.28,901.66,47.07,382.13,1540.42,2235.69,303.65,1121.8,673.84,57.67,1419.69,462.31
122,2.666,2.665,2.664,2.663,2.662,2.661,2.66,2.659,2.658,2.657,2.667,2.668,2.669,2.67,2.671,2.672,2.673,2.674,2.675,2.676,59.7,576.24,1200.84,1253.65,1331.27,1985.41,606.47,1121.3,463.54,198.98,40.5,621.03,626.32,1452.38,2311.65,980.66,455.33,673.84,57.67,393.37
123,2.667,2.666,2.665,2.664,2.663,2.662,2.661,2.66,2.659,2.658,2.668,2.669,2.67,2.671,2.672,2.673,2.674,2.675,2.676,2.677,50.3,148.9,515.76,1200.8,1390.22,1956.82,1362.21,606.47,932.22,637.6,47.08,835.7,1531.66,1997.25,2117.96,87.32,673.84,57.67,393.37,1488.09
124,2.666,2.665,2.664,2.663,2.662,2.661,2.66,2.659,2.658,2.657,2.667,2.668,2.669,2.67,2.671,2.672,2.673,2.674,2.675,2.676,59.7,448.98,815.17,1168.56,1689.27,2355.6,971.55,560.54,997.82,198.98,40.5,144.95,891.79,1730.2,2096.35,1430.21,859.7,673.84,57.67,393.37
125,2.667,2.666,2.665,2.664,2.663,2.662,2.661,2.66,2.659,2.658,2.668,2.669,2.67,2.671,2.672,2.673,2.674,2.675,2.676,2.677,46.28,641.47,640.18,1379.18,1353.43,978.55,2692.8,971.55,559.16,463.54,3.76,404.39,1046.6,1401.49,1609.22,1673.04,1342.94,111.55,1408.7,462.31
126,2.668,2.667,2.666,2.665,2.664,2.663,2.662,2.661,2.66,2.659,2.669,2.67,2.671,2.672,2.673,2.674,2.675,2.676,2.677,2.678,50.44,538.56,1428.97,1144.64,1675.48,1449.43,1196.29,904.32,463.52,200.32,44.25,215.81,937.4,1812.04,1737.01,1471.89,424.41,445.27,1488.09,453.45
127,2.67,2.669,2.668,2.667,2.666,2.665,2.664,2.663,2.662,2.661,2.671,2.672,2.673,2.674,2.675,2.676,2.677,2.678,2.679,2.68,46.28,439.46,679.66,960.23,1759.2,878.69,1828.41,751.55,1275.01,896.11,44.25,463.07,1490.25,1820.78,934.09,693.13,597.37,414.53,1252.91,643.71
128,2.669,2.668,2.667,2.666,2.665,2.664,2.663,2.662,2.661,2.66,2.67,2.671,2.672,2.673,2.674,2.675,2.676,2.677,2.678,2.679,46.28,180.14,488.57,1177.2,1520.99,1805.78,1747.46,1468.47,537.58,463.52,47.07,827.59,1761.59,1956.65,1213.14,530.7,297.86,462.31,414.53,1255.66
129,2.668,2.667,2.666,2.665,2.664,2.663,2.662,2.661,2.66,2.659,2.669,2.67,2.671,2.672,2.673,2.674,2.675,2.676,2.677,2.678,55.66,544.13,1001.39,1035.19,1790.49,2242.05,1376.2,1345.7,463.52,200.32,40.5,138.8,967.28,2282.77,1773.87,1411.67,802.37,297.86,462.31,414.53
130,2.667,2.666,2.665,2.664,2.663,2.662,2.661,2.66,2.659,2.658,2.668,2.669,2.67,2.671,2.672,2.673,2.674,2.675,2.676,2.677,55.69,368.64,1190.05,1453.5,1829.57,2132.54,1457.26,918.09,200.32,463.54,40.5,370.61,1088.46,1051.92,2166.16,1688.03,974.37,856.11,1270.11,462.31
131,2.667,2.666,2.665,2.664,2.663,2.662,2.661,2.66,2.659,2.658,2.668,2.669,2.67,2.671,2.672,2.673,2.674,2.675,2.676,2.677,40.5,49.9,723.3,1804.43,1941.87,1652.12,1661.03,1020.09,562.89,550.58,43.45,589.17,951.91,1417.64,2227.41,1261.65,664.98,813.94,1270.11,465.06
132,2.667,2.666,2.665,2.664,2.663,2.662,2.661,2.66,2.659,2.658,2.668,2.669,2.67,2.671,2.672,2.673,2.674,2.675,2.676,2.677,27.12,835.72,1808.27,1771.36,1424.19,1304.76,934.52,647.94,200.32,550.58,43.45,461.14,785.29,1027.63,1967.81,1850.97,1061.92,838.73,1270.11,465.06
133,2.667,2.666,2.665,2.664,2.663,2.662,2.661,2.66,2.659,2.658,2.668,2.669,2.67,2.671,2.672,2.673,2.674,2.675,2.676,2.677,40.5,249.07,1290.65,1659.82,1862.13,1273.41,537.58,1378.84,200.32,550.58,43.45,370.61,1173.76,1693.7,1784.83,962.03,1395.88,441.79,1270.11,465.06
134,2.667,2.666,2.665,2.664,2.663,2.662,2.661,2.66,2.659,2.658,2.668,2.669,2.67,2.671,2.672,2.673,2.674,2.675,2.676,2.677,40.5,49.9,1177.95,1772.07,2000.28,855.02,1284.83,1194.42,752.17,550.58,47.08,468.33,1065.08,1837.48,2132.96,818.25,1030.43,441.79,1270.11,465.06
135,2.667,2.666,2.665,2.664,2.663,2.662,2.661,2.66,2.659,2.658,2.668,2.669,2.67,2.671,2.672,2.673,2.674,2.675,2.676,2.677,32.34,390.77,1298.87,1508.08,1874.63,834.51,909.28,835.22,760.72,937.64,25.53,379.76,967.85,1491.91,2205.46,931.42,1036.68,1215.77,1270.11,465.06
136,2.665,2.664,2.663,2.662,2.661,2.66,2.659,2.658,2.657,2.656,2.666,2.667,2.668,2.669,2.67,2.671,2.672,2.673,2.674,2.675,202.97,1200.2,1391.61,1842.45,1719.7,463.52,769.37,844.11,206.66,427.36,3.43,137.66,383.63,653.57,1633.59,1276.46,2201.01,877.99,611.35,441.79
137,2.665,2.664,2.663,2.662,2.661,2.66,2.659,2.658,2.657,2.656,2.667,2.668,2.669,2.67,2.671,2.672,2.673,2.674,2.675,2.676,49.9,833.75,1810.38,1605.31,1255.97,1663,1149.49,463.54,206.66,427.36,338.79,719.11,696.18,2607.11,1444.61,1809.51,140.87,611.35,441.79,243.95
138,2.663,2.662,2.661,2.66,2.659,2.658,2.657,2.656,2.655,2.654,2.665,2.666,2.667,2.668,2.669,2.67,2.671,2.672,2.673,2.674,49.9,774.24,1123.12,1496.46,1304.24,2465.15,1121.41,796.33,161.5,418.58,265.9,851.96,714.42,2130.69,1228.55,1992.57,497.44,1072.53,1046.73,628.21
139,2.664,2.663,2.662,2.661,2.66,2.659,2.658,2.657,2.656,2.655,2.666,2.667,2.668,2.669,2.67,2.671,2.672,2.673,2.674,2.675,40.5,796.08,1292.35,1918.44,1173.54,2123.29,1727.17,758.9,427.36,161.5,354.79,572.5,953.75,1141.77,2388.06,381.89,2996.1,1046.73,628.21,452.33
140,2.664,2.663,2.662,2.661,2.66,2.659,2.658,2.657,2.656,2.655,2.666,2.667,2.668,2.669,2.67,2.671,2.672,2.673,2.674,2.675,16.83,738.67,1292.35,1828.08,1173.54,2104.15,1727.17,758.9,427.36,248.62,284.57,618.9,977.57,1283.65,2106.36,240.01,2996.1,1046.73,628.21,452.33
141,2.664,2.663,2.662,2.661,2.66,2.659,2.658,2.657,2.656,2.655,2.665,2.666,2.667,2.668,2.669,2.67,2.671,2.672,2.673,2.674,16.83,774.16,1458.03,1096.44,1314.97,1766.35,1737.79,794.4,427.36,161.5,40.5,255.66,531.08,1099.25,1840.27,1918.61,884.53,1923.1,1114.65,628.21
142,2.664,2.663,2.662,2.661,2.66,2.659,2.658,2.657,2.656,2.655,2.665,2.666,2.667,2.668,2.669,2.67,2.671,2.672,2.673,2.674,26.23,490.35,1488.95,1167.35,2073.31,1335.34,1307.79,1164.19,427.36,248.61,40.5,339.39,466.25,1162.43,2181.27,1846.63,884.53,1524.52,1113.61,628.21
143,2.665,2.664,2.663,2.662,2.661,2.66,2.659,2.658,2.657,2.656,2.666,2.667,2.668,2.669,2.67,2.671,2.672,2.673,2.674,2.675,40.5,189.48,855.65,2219.9,1160.27,1905.26,598.9,1307.79,395.81,427.36,47.08,301.91,1218.66,2312.55,1508.11,1292.13,1524.52,87.35,1655.14,452.33
144,2.666,2.665,2.664,2.663,2.662,2.661,2.66,2.659,2.658,2.657,2.667,2.668,2.669,2.67,2.671,2.672,2.673,2.674,2.675,2.676,40.5,336.95,931.89,1148.44,3243.49,645.57,1253.47,596.46,1305.35,395.81,18.4,910.31,1247.08,1501.9,2053.95,1522.08,87.35,628.21,1476.51,426.63
145,2.666,2.665,2.664,2.663,2.662,2.661,2.66,2.659,2.658,2.657,2.667,2.668,2.669,2.67,2.671,2.672,2.673,2.674,2.675,2.676,31.6,336.95,932.26,1298.85,2511.81,645.57,1253.47,596.46,1277.42,395.81,40.5,442.16,1111.95,1501.9,2053.95,1819.19,87.35,682.02,1476.51,246.7
146,2.664,2.663,2.662,2.661,2.66,2.659,2.658,2.657,2.656,2.655,2.665,2.666,2.667,2.668,2.669,2.67,2.671,2.672,2.673,2.674,0.29,49.9,855.76,697.67,1623.71,1000.28,2711.62,756.82,879.93,161.5,110.72,728.74,1949.5,1302.68,1638.59,612.51,140.9,1072.53,87.35,628.21
147,2.663,2.662,2.661,2.66,2.659,2.658,2.657,2.656,2.655,2.654,2.664,2.665,2.666,2.667,2.668,2.669,2.67,2.671,2.672,2.673,37.03,44.26,486.63,2026.55,978.57,1282.22,1211.16,1175.08,248.61,1270.77,237.39,470.56,1282.45,2039.86,882.03,1437.91,1705.63,1114.67,1072.53,333.94
148,2.663,2.662,2.661,2.66,2.659,2.658,2.657,2.656,2.655,2.654,2.664,2.665,2.666,2.667,2.668,2.669,2.67,2.671,2.672,2.673,31.21,425.92,847.78,2111.66,1255.6,1282.22,2108.34,427.36,546.1,609.92,237.39,604.18,1282.45,1839.14,1267.27,1344.01,1346.46,1491.55,1072.53,333.94
149,2.659,2.658,2.657,2.656,2.655,2.654,2.653,2.652,2.651,2.65,2.66,2.661,2.662,2.663,2.664,2.665,2.666,2.667,2.668,2.669,47.08,1330.04,271.45,1312.57,906.78,418.58,1252.8,972.71,573.54,92.04,206.26,362.99,572.95,470.88,1117.69,1818.61,1984.92,1252.12,1383.15,87.44
150,2.66,2.659,2.658,2.657,2.656,2.655,2.654,2.653,2.652,2.651,2.661,2.662,2.663,2.664,2.665,2.666,2.667,2.668,2.669,2.67,40.5,105.47,1576.19,1245.82,1120.82,1264.37,1487.69,934.88,49.94,762.7,49.93,310.56,606.07,1134.3,2030.25,2028.19,885.1,1493.65,1116.49,612.51
151,2.659,2.658,2.657,2.656,2.655,2.654,2.653,2.652,2.651,2.65,2.661,2.662,2.663,2.664,2.665,2.666,2.667,2.668,2.669,2.67,107.28,1587.72,1247.43,1120.82,1171.15,1487.17,934.88,49.94,762.7,228.99,237.51,724.09,582.25,1158,2423.56,2028.19,506.76,1793.52,1116.49,612.51
152,2.659,2.658,2.657,2.656,2.655,2.654,2.653,2.652,2.651,2.65,2.66,2.661,2.662,2.663,2.664,2.665,2.666,2.667,2.668,2.669,152.18,1174.04,965.49,1252.35,804.87,1486.93,957.03,49.94,762.7,54.51,40.5,292.84,668.95,737.6,1002.65,1899.99,2049.73,140.48,1440.56,1116.49
153,2.66,2.659,2.658,2.657,2.656,2.655,2.654,2.653,2.652,2.651,2.661,2.662,2.663,2.664,2.665,2.666,2.667,2.668,2.669,2.67,45.25,41.79,1482.26,1622.79,485.62,2373.97,762.73,957.03,49.94,762.7,49.93,724.26,736.85,1506.14,2114.04,2147.03,529.94,1033.73,87.44,612.51
154,2.66,2.659,2.658,2.657,2.656,2.655,2.654,2.653,2.652,2.651,2.661,2.662,2.663,2.664,2.665,2.666,2.667,2.668,2.669,2.67,111.33,41.79,1228.24,1129.1,485.62,2621.33,762.73,957.03,408.34,762.7,70.18,724.26,902.71,1864.54,2114.04,2147.03,529.94,1033.73,87.44,612.51
155,2.659,2.658,2.657,2.656,2.655,2.654,2.653,2.652,2.651,2.65,2.66,2.661,2.662,2.663,2.664,2.665,2.666,2.667,2.668,2.669,215.37,45.71,511.28,1065.35,1553.78,1642.97,906.69,408.34,1486.47,54.51,67.03,466.17,1917.13,1416.88,2695.39,1510.19,666.28,87.45,2062.98,90.19
156,2.66,2.659,2.658,2.657,2.656,2.655,2.654,2.653,2.652,2.651,2.661,2.662,2.663,2.664,2.665,2.666,2.667,2.668,2.669,2.67,241.7,64.41,295.13,1105.49,1786.63,947.45,1005.04,874.08,406.23,1136.3,49.93,1153.12,1579.22,2155.78,1679.83,1911.3,478.27,2116.07,87.44,792.44
157,2.66,2.659,2.658,2.657,2.656,2.655,2.654,2.653,2.652,2.651,2.661,2.662,2.663,2.664,2.665,2.666,2.667,2.668,2.669,2.67,255.24,755.17,574.04,948.89,1786.63,2463.18,747.52,874.08,49.94,762.7,40.5,255.96,623.61,2016.49,1502.11,1520.48,917.83,1472.55,1426.64,612.51
158,2.66,2.659,2.658,2.657,2.656,2.655,2.654,2.653,2.652,2.651,2.661,2.662,2.663,2.664,2.665,2.666,2.667,2.668,2.669,2.67,202.94,64.41,1082.16,968.39,1786.63,849.19,1479.63,929.19,431.48,762.7,40.5,745.1,757.07,2508.71,1502.11,1531.21,659.41,1086.82,1041.05,612.51
159,2.66,2.659,2.658,2.657,2.656,2.655,2.654,2.653,2.652,2.651,2.661,2.662,2.663,2.664,2.665,2.666,2.667,2.668,2.669,2.67,0.05,49.91,741.98,1078.48,857.87,1813.55,1909.38,929.19,421.87,762.7,40.5,1269.73,966.82,1752.33,2026.45,1493.25,916.41,1033.73,1041.05,792.44
160,2.658,2.657,2.656,2.655,2.654,2.653,2.652,2.651,2.65,2.649,2.659,2.66,2.661,2.662,2.663,2.664,2.665,2.666,2.667,2.668,15.72,273.33,1017.69,1689.27,1019.34,1661.34,814.26,762.7,532.42,206.78,50.96,226.82,506.87,1369.4,943,2014.06,2026.45,1410.36,985.47,1041.52
161,2.657,2.656,2.655,2.654,2.653,2.652,2.651,2.65,2.649,2.648,2.658,2.659,2.66,2.661,2.662,2.663,2.664,2.665,2.666,2.667,51.76,13.29,1309.37,877.36,420.38,1244.26,958.49,1141.84,561.97,528.38,51.69,269.13,982.41,914.25,1339.83,2172.06,2430.3,1274.17,613.3,985.47
162,2.655,2.654,2.653,2.652,2.651,2.65,2.649,2.648,2.647,2.646,2.657,2.658,2.659,2.66,2.661,2.662,2.663,2.664,2.665,2.666,439.16,1612.34,1487.46,479.94,1353.38,1536.78,396.39,528.38,161.49,177.54,126.99,289.76,332.66,1199.6,2120.44,1662.49,2018.03,1454.43,87.47,613.3
163,2.655,2.654,2.653,2.652,2.651,2.65,2.649,2.648,2.647,2.646,2.657,2.658,2.659,2.66,2.661,2.662,2.663,2.664,2.665,2.666,432.42,1612.34,1617.24,479.94,1353.38,849.06,795.09,528.38,161.49,90.19,238.43,394.76,332.66,1422.66,2521.92,1662.49,1885.7,2450.33,87.47,613.3
164,2.655,2.654,2.653,2.652,2.651,2.65,2.649,2.648,2.647,2.646,2.657,2.658,2.659,2.66,2.661,2.662,2.663,2.664,2.665,2.666,423.1,774.11,848.47,442.24,1344.42,2042.87,996.34,715.51,161.49,90.19,256.64,809.7,464.44,1224.49,2321.77,2080.99,892.35,1091.11,488.44,613.3
165,2.655,2.654,2.653,2.652,2.651,2.65,2.649,2.648,2.647,2.646,2.656,2.657,2.658,2.659,2.66,2.661,2.662,2.663,2.664,2.665,18.55,120.15,1228.91,1055.37,1396.38,2042.47,1270.17,715.51,161.49,90.19,40.5,288.89,730.3,488.26,1224.49,2243.21,2435.62,454.63,1407.12,1118.04
166,2.65,2.649,2.648,2.647,2.646,2.645,2.644,2.643,2.642,2.641,2.652,2.653,2.654,2.655,2.656,2.657,2.658,2.659,2.66,2.661,888.37,1031.75,1043.81,1441.3,1144.18,891.47,541.64,463.08,164.26,823.75,60.72,339.04,918.26,1128.08,2204.56,1948.24,1344.82,876.01,651.75,1136.76
167,2.649,2.648,2.647,2.646,2.645,2.644,2.643,2.642,2.641,2.64,2.65,2.651,2.652,2.653,2.654,2.655,2.656,2.657,2.658,2.659,152.23,728.64,1866.39,969.67,1153.44,2028.04,463.08,353.66,551,420.64,40.5,364.64,866.11,658.08,1909.16,2596.57,1521.24,1973.73,674.21,87.64
168,2.65,2.649,2.648,2.647,2.646,2.645,2.644,2.643,2.642,2.641,2.651,2.652,2.653,2.654,2.655,2.656,2.657,2.658,2.659,2.66,35.03,869.69,1424.73,1903.83,837.82,891.47,548.79,836.59,353.66,463.55,46.18,635.58,526.23,2107.48,2241.05,1675.37,940.6,3007.97,87.64,831.68
169,2.649,2.648,2.647,2.646,2.645,2.644,2.643,2.642,2.641,2.64,2.65,2.651,2.652,2.653,2.654,2.655,2.656,2.657,2.658,2.659,507.33,1252.19,1374.27,1399.62,507.89,2043.84,864.5,353.66,463.55,420.64,40.5,256.12,851.47,552.43,1550.09,2188.53,2226.47,1203.06,1056.48,1120.38
170,2.648,2.647,2.646,2.645,2.644,2.643,2.642,2.641,2.64,2.639,2.649,2.65,2.651,2.652,2.653,2.654,2.655,2.656,2.657,2.658,546.92,235.8,1456.98,903.32,1328.45,1976.83,735.61,463.55,420.64,286.71,40.5,278.11,469.18,1448.98,1100.86,2758.03,1496.64,1610.56,482.28,651.82
171,2.648,2.647,2.646,2.645,2.644,2.643,2.642,2.641,2.64,2.639,2.649,2.65,2.651,2.652,2.653,2.654,2.655,2.656,2.657,2.658,37.45,646.33,2833.86,1288.27,1096.31,990.56,993.55,847.72,995.22,249.04,24,772.26,650.66,1759.3,1679.05,2143.68,657.91,977.58,482.28,1038.5
172,2.651,2.65,2.649,2.648,2.647,2.646,2.645,2.644,2.643,2.642,2.652,2.653,2.654,2.655,2.656,2.657,2.658,2.659,2.66,2.661,61.78,564.23,1785.84,383.78,2300.34,2376.83,2397.38,335.84,865.69,230.02,49.94,442.46,999.84,1761.29,1985.39,1894.12,1706.06,276.86,1713.59,225.55
173,2.654,2.653,2.652,2.651,2.65,2.649,2.648,2.647,2.646,2.645,2.655,2.656,2.657,2.658,2.659,2.66,2.661,2.662,2.663,2.664,70.46,719.79,915.22,1372.4,782,2555.89,855.94,822.16,2753.72,510.77,49.93,440.26,1353.71,1945.8,2283.73,1096.61,621.99,1335.63,1420.63,775.16
174,2.656,2.655,2.654,2.653,2.652,2.651,2.65,2.649,2.648,2.647,2.657,2.658,2.659,2.66,2.661,2.662,2.663,2.664,2.665,2.666,78,227.18,641.04,954.85,521.05,1555.82,1899.96,1847.68,138.95,822.16,44.27,930.5,1070.79,2010.73,970.69,930.97,102.82,848.81,279.98,569.17
175,2.655,2.654,2.653,2.652,2.651,2.65,2.649,2.648,2.647,2.646,2.656,2.657,2.658,2.659,2.66,2.661,2.662,2.663,2.664,2.665,64.26,60.57,752.96,689.04,994.67,1899.54,1085.72,403.78,1625.07,2376.83,25.81,1483.89,2274.11,1082.27,1536.42,774.94,553.78,49.9,848.81,279.98
176,2.653,2.652,2.651,2.65,2.649,2.648,2.647,2.646,2.645,2.644,2.654,2.655,2.656,2.657,2.658,2.659,2.66,2.661,2.662,2.663,56.73,105.96,723.73,659.56,929.95,940.46,2295.97,3119.99,598.13,335.84,40.5,848.23,1619.24,1556.74,2329.2,1281.34,1006.48,1656.78,680.9,296.49
177,2.653,2.652,2.651,2.65,2.649,2.648,2.647,2.646,2.645,2.644,2.654,2.655,2.656,2.657,2.658,2.659,2.66,2.661,2.662,2.663,40.5,106.21,1129.96,1030.16,2242.71,940.46,1640.72,3464.44,886.54,335.84,49.94,458.36,819.18,1854.77,1428.69,1271.37,2056.76,2589.38,680.9,432.33
178,2.653,2.652,2.651,2.65,2.649,2.648,2.647,2.646,2.645,2.644,2.654,2.655,2.656,2.657,2.658,2.659,2.66,2.661,2.662,2.663,40.5,106.65,1934.04,915.34,2126.51,1380.23,836.86,2376.83,510.77,335.84,49.94,456.79,738.21,1254.08,1853.3,1271.37,1677.08,2641.41,680.9,435.08
179,2.654,2.653,2.652,2.651,2.65,2.649,2.648,2.647,2.646,2.645,2.655,2.656,2.657,2.658,2.659,2.66,2.661,2.662,2.663,2.664,44.27,501.63,1200.26,1512.34,1252.69,1253.73,973.42,859.98,2376.83,510.77,40.5,371.03,833.06,1115.9,2258.17,2681.87,1204.87,1128.45,1324.54,668.88
180,2.655,2.654,2.653,2.652,2.651,2.65,2.649,2.648,2.647,2.646,2.656,2.657,2.658,2.659,2.66,2.661,2.662,2.663,2.664,2.665,40.5,178.28,1137.86,1333.81,1441.94,1646.67,1525.33,973.42,862.39,2376.83,44.27,438.22,1125.15,879.42,2823.65,2231.4,1484.32,293.74,1699.68,557.6
181,2.655,2.654,2.653,2.652,2.651,2.65,2.649,2.648,2.647,2.646,2.656,2.657,2.658,2.659,2.66,2.661,2.662,2.663,2.664,2.665,40.5,49.93,813.38,1489.01,1452.09,1217.73,1984.55,1303.07,465.28,2464.16,76.65,542.64,1097.21,1424.89,2761.04,1560.92,1094.62,293.74,1699.68,470.91
182,2.655,2.654,2.653,2.652,2.651,2.65,2.649,2.648,2.647,2.646,2.656,2.657,2.658,2.659,2.66,2.661,2.662,2.663,2.664,2.665,40.5,49.93,930.02,1502.78,825.5,2132.04,1092.46,1303.07,465.28,2376.83,49.93,438.22,1073.39,1216.62,2545.22,1184.68,1838.62,293.74,1786.41,470.91
183,2.655,2.654,2.653,2.652,2.651,2.65,2.649,2.648,2.647,2.646,2.656,2.657,2.658,2.659,2.66,2.661,2.662,2.663,2.664,2.665,88.49,122.84,993.2,1228.62,1224.33,2415.06,1292.2,578.72,858.76,2376.83,9.43,284.77,773.93,1320.76,2279.48,1042.8,1466.62,666.23,755.61,470.91
184,2.655,2.654,2.653,2.652,2.651,2.65,2.649,2.648,2.647,2.646,2.656,2.657,2.658,2.659,2.66,2.661,2.662,2.663,2.664,2.665,44.27,300.92,1104.18,1475.69,1362.8,1683.18,1292.06,941.97,828.67,2376.83,40.5,301.8,707.99,846.28,2312.21,1794.91,1332.63,709.8,755.61,470.91
185,2.654,2.653,2.652,2.651,2.65,2.649,2.648,2.647,2.646,2.645,2.655,2.656,2.657,2.658,2.659,2.66,2.661,2.662,2.663,2.664,44.27,472.72,977.76,1586.6,1877.46,1544.05,941.97,824.9,2464.16,510.77,40.5,602.6,616.28,1505.97,1239.38,2972.78,1177.91,1095.66,1108.91,668.88
186,2.654,2.653,2.652,2.651,2.65,2.649,2.648,2.647,2.646,2.645,2.655,2.656,2.657,2.658,2.659,2.66,2.661,2.662,2.663,2.664,44.27,370.49,1333.59,1583.01,859.62,1592.31,937.76,824.32,2376.83,598.12,40.5,188.21,651.01,1737.85,1879.3,2586.76,1080.56,733.6,1108.91,668.88
187,2.654,2.653,2.652,2.651,2.65,2.649,2.648,2.647,2.646,2.645,2.655,2.656,2.657,2.658,2.659,2.66,2.661,2.662,2.663,2.664,44.27,498.62,1092.41,1583.01,859.62,1889.38,937.76,824.32,2376.83,598.12,40.5,619.75,639.45,1808.81,1682.56,2156.76,1255.75,1093.04,1093.69,668.88
188,2.654,2.653,2.652,2.651,2.65,2.649,2.648,2.647,2.646,2.645,2.656,2.657,2.658,2.659,2.66,2.661,2.662,2.663,2.664,2.665,49.93,913.01,1339.21,1451.23,1979.71,1183.03,937.76,824.32,2376.83,598.12,142.81,754.05,1677.03,1904.55,2156.76,1255.75,913.11,293.74,1879.61,470.91
189,2.655,2.654,2.653,2.652,2.651,2.65,2.649,2.648,2.647,2.646,2.656,2.657,2.658,2.659,2.66,2.661,2.662,2.663,2.664,2.665,40.5,527.02,1309.01,356.19,2047.41,2501.42,860.25,578.72,858.41,2464.16,48.04,665.33,1925.16,1561.42,1491.31,1064.44,1308.41,293.74,1879.61,470.91
190,2.654,2.653,2.652,2.651,2.65,2.649,2.648,2.647,2.646,2.645,2.655,2.656,2.657,2.658,2.659,2.66,2.661,2.662,2.663,2.664,44.27,754.19,705.3,1909.83,1775.53,1129.98,578.72,1224.48,2464.16,510.77,40.5,49.93,690.13,1929.35,1866.99,2324.88,896.71,948.97,293.74,1879.61
191,2.655,2.654,2.653,2.652,2.651,2.65,2.649,2.648,2.647,2.646,2.656,2.657,2.658,2.659,2.66,2.661,2.662,2.663,2.664,2.665,40.5,114.59,1070.82,1081.94,1376.42,2104.62,1826.22,951.95,465.28,2376.83,49.93,673.18,2133.58,1720.03,2267.68,1094.75,553.67,293.74,1879.61,470.91
192,2.655,2.654,2.653,2.652,2.651,2.65,2.649,2.648,2.647,2.646,2.657,2.658,2.659,2.66,2.661,2.662,2.663,2.664,2.665,2.666,40.5,108.7,1153.26,1382.4,1367.01,1978.6,1544.78,940.24,552.58,2376.83,539.83,1540.98,2136.53,2282.13,1444.56,641.35,293.74,1879.61,470.91,482.5
193,2.655,2.654,2.653,2.652,2.651,2.65,2.649,2.648,2.647,2.646,2.656,2.657,2.658,2.659,2.66,2.661,2.662,2.663,2.664,2.665,40.5,44.27,229.37,921.05,1878.36,1223.1,1367.72,1638.16,943.06,2736.86,78.53,759.99,1343.91,2494.96,1982.04,1166.65,1217.22,293.74,1882.36,470.91
194,2.653,2.652,2.651,2.65,2.649,2.648,2.647,2.646,2.645,2.644,2.654,2.655,2.656,2.657,2.658,2.659,2.66,2.661,2.662,2.663,44.28,163.26,1474.8,1410.89,478.95,498.98,855.76,3600.5,510.77,161.51,40.5,482.64,983.18,1278.76,2409,2235.16,1480.65,595.09,1712.09,432.33
195,2.651,2.65,2.649,2.648,2.647,2.646,2.645,2.644,2.643,2.642,2.653,2.654,2.655,2.656,2.657,2.658,2.659,2.66,2.661,2.662,36.85,1687.69,2046.42,409.67,1257.77,3860.98,1321.96,161.51,463.08,164.26,253.38,772.29,739.9,1673.56,1496.37,1829.96,1085.21,868.03,961.78,1712.09
196,2.65,2.649,2.648,2.647,2.646,2.645,2.644,2.643,2.642,2.641,2.652,2.653,2.654,2.655,2.656,2.657,2.658,2.659,2.66,2.661,532.89,820.09,1032.92,976.1,3564.41,1284.29,948.55,463.08,164.26,464.01,267.19,512.58,924.38,1362.88,2860.48,1342.32,1274.25,579.64,698.13,597.84
197,2.65,2.649,2.648,2.647,2.646,2.645,2.644,2.643,2.642,2.641,2.651,2.652,2.653,2.654,2.655,2.656,2.657,2.658,2.659,2.66,127.13,1263.81,1380.29,1323.47,3549.46,1605.12,161.51,463.08,251.68,464.01,40.5,328.67,592.18,843.45,929.89,2813.52,1223.27,1621.62,1233.66,698.13
198,2.65,2.649,2.648,2.647,2.646,2.645,2.644,2.643,2.642,2.641,2.651,2.652,2.653,2.654,2.655,2.656,2.657,2.658,2.659,2.66,127.13,1002.67,986.64,957.92,3600.12,1266.11,522.12,463.08,251.68,464.01,40.5,633.12,568.36,954.2,1322.56,2445.59,1079.01,1616.68,1233.66,698.13
199,2.651,2.65,2.649,2.648,2.647,2.646,2.645,2.644,2.643,2.642,2.652,2.653,2.654,2.655,2.656,2.657,2.658,2.659,2.66,2.661,128.37,611.03,1202.78,1980.9,1186.54,3569.78,1266.13,161.51,463.08,251.68,55.49,425,835.32,1264.46,2529.08,1481.07,1616.72,561.41,698.13,597.84
200,2.652,2.651,2.65,2.649,2.648,2.647,2.646,2.645,2.644,2.643,2.653,2.654,2.655,2.656,2.657,2.658,2.659,2.66,2.661,2.662,168.87,320.3,1497.47,1218.96,1535.38,1250.83,3448.89,1266.13,516.11,550.47,61.16,619.23,878.45,2386.75,1891.7,1688.44,561.42,750.53,595.09,500.97
201,2.653,2.652,2.651,2.65,2.649,2.648,2.647,2.646,2.645,2.644,2.654,2.655,2.656,2.657,2.658,2.659,2.66,2.661,2.662,2.663,168.87,313.91,1057.21,1165.08,1613.38,1297.12,1929.56,542.74,1282.29,248.88,49.94,690.98,1916.59,1566.97,1533.82,1178.53,750.53,595.09,1532.74,432.33
202,2.656,2.655,2.654,2.653,2.652,2.651,2.65,2.649,2.648,2.647,2.658,2.659,2.66,2.661,2.662,2.663,2.664,2.665,2.666,2.667,344.56,813.09,756.12,1252.34,1380.97,1822.05,1162.28,1369.04,595.21,465.28,76.63,966.29,1797.33,1546.58,1591.44,1359.59,901.76,366.67,1700.48,203.52
203,2.655,2.654,2.653,2.652,2.651,2.65,2.649,2.648,2.647,2.646,2.656,2.657,2.658,2.659,2.66,2.661,2.662,2.663,2.664,2.665,54.07,390.67,960.93,1371.08,1778,890.41,1281.7,1394.93,465.28,165.95,40.5,399.65,1542.18,2046.59,1440.51,2056.23,930.97,496.5,848.81,279.98
204,2.655,2.654,2.653,2.652,2.651,2.65,2.649,2.648,2.647,2.646,2.657,2.658,2.659,2.66,2.661,2.662,2.663,2.664,2.665,2.666,13.57,390.67,1091.88,951.08,2490.61,938.39,904.91,1354.2,552.58,165.95,216,965.68,1170.52,1572.29,1637.52,2248.75,496.33,848.81,279.98,1787.15
205,2.653,2.652,2.651,2.65,2.649,2.648,2.647,2.646,2.645,2.644,2.654,2.655,2.656,2.657,2.658,2.659,2.66,2.661,2.662,2.663,3.78,938.52,1651.25,742.46,2578.43,1768.18,820.76,165.95,1304.48,161.51,40.5,286.69,1127.74,2065.1,884.07,2230.65,1781.26,633.81,1532.52,443.66
206,2.65,2.649,2.648,2.647,2.646,2.645,2.644,2.643,2.642,2.641,2.652,2.653,2.654,2.655,2.656,2.657,2.658,2.659,2.66,2.661,205.57,1264.35,1530.43,1141.72,1414.36,905.5,534.8,49.94,164.26,591.17,171.62,356.04,1060.71,919.45,1406.17,1759.26,554.01,1323.94,501.34,228.28
207,2.651,2.65,2.649,2.648,2.647,2.646,2.645,2.644,2.643,2.642,2.652,2.653,2.654,2.655,2.656,2.657,2.658,2.659,2.66,2.661,40.5,831.06,747.65,1327.34,1124.59,1317.74,1263.54,161.51,137.33,164.26,44.28,331.7,853.12,606.04,1459.78,2685.57,501.84,1376.06,501.34,228.28
208,2.65,2.649,2.648,2.647,2.646,2.645,2.644,2.643,2.642,2.641,2.651,2.652,2.653,2.654,2.655,2.656,2.657,2.658,2.659,2.66,3.78,510.25,1152.07,1722.85,1601.07,1263.54,1332.21,400.49,164.26,466.11,40.5,273.78,660.63,846.23,1026.03,2035.14,1558.45,1246.2,1627.71,501.34
209,2.649,2.648,2.647,2.646,2.645,2.644,2.643,2.642,2.641,2.64,2.651,2.652,2.653,2.654,2.655,2.656,2.657,2.658,2.659,2.66,152.31,659.9,1716.77,1375.7,1997.97,531.58,848.74,520.43,466.11,883.99,46.18,863.12,763.33,1135.14,1623.54,2504.93,943.71,501.84,1627.71,681.27
210,2.652,2.651,2.65,2.649,2.648,2.647,2.646,2.645,2.644,2.643,2.653,2.654,2.655,2.656,2.657,2.658,2.659,2.66,2.661,2.662,110.72,345.94,1278.38,889.85,1358.97,1572.62,1998.19,943.53,161.51,115.63,49.94,282.53,997.05,1242.75,2475.31,1587.6,953.82,733.61,1353.19,500.97
211,2.652,2.651,2.65,2.649,2.648,2.647,2.646,2.645,2.644,2.643,2.653,2.654,2.655,2.656,2.657,2.658,2.659,2.66,2.661,2.662,259.5,861.84,1165.83,1026.04,2113.98,929.87,1589.6,1298.49,248.88,115.63,3.78,106.24,392.19,1643.25,1562.89,1475.67,2143.52,908.64,321.23,1712.86
212,2.651,2.65,2.649,2.648,2.647,2.646,2.645,2.644,2.643,2.642,2.652,2.653,2.654,2.655,2.656,2.657,2.658,2.659,2.66,2.661,179.91,504.09,926.43,1414.39,1204,2283.74,1381.96,565.82,115.63,164.26,44.28,365.98,906.53,873.87,1750.03,1590.87,1261.45,594.97,501.34,307.12
213,2.653,2.652,2.651,2.65,2.649,2.648,2.647,2.646,2.645,2.644,2.655,2.656,2.657,2.658,2.659,2.66,2.661,2.662,2.663,2.664,110.72,395.02,843.67,798.65,510.09,2211.1,1058.17,545.2,943.53,248.87,49.94,1028.26,851.95,2021.15,1960.53,553.74,304.37,500.97,582.25,1095.4
214,2.653,2.652,2.651,2.65,2.649,2.648,2.647,2.646,2.645,2.644,2.654,2.655,2.656,2.657,2.658,2.659,2.66,2.661,2.662,2.663,110.72,320.55,772.66,1060.31,957.36,3310.2,656.01,632.51,510.77,161.51,40.5,405.46,1514.3,875.55,2087.54,2318.38,634.71,304.37,500.97,1613.63
215,2.652,2.651,2.65,2.649,2.648,2.647,2.646,2.645,2.644,2.643,2.654,2.655,2.656,2.657,2.658,2.659,2.66,2.661,2.662,2.663,114.5,187.81,604.37,825.2,2695.19,930.41,1763.38,904.02,554.03,49.94,131.69,776.81,1929.43,1079.7,1670.06,2344.34,553.74,304.37,500.97,1616.38
216,2.65,2.649,2.648,2.647,2.646,2.645,2.644,2.643,2.642,2.641,2.651,2.652,2.653,2.654,2.655,2.656,2.657,2.658,2.659,2.66,36.84,433.75,995.31,1062.51,2320.51,1234.99,925.58,837.26,164.26,466.11,40.5,205.22,615.61,1390.22,1312.2,1950.53,2025.02,1710.46,1627.71,518.2
217,2.65,2.649,2.648,2.647,2.646,2.645,2.644,2.643,2.642,2.641,2.651,2.652,2.653,2.654,2.655,2.656,2.657,2.658,2.659,2.66,44.28,471.87,2007.53,1467.18,1179.06,2051.05,545.76,137.32,164.26,466.11,40.5,599.41,452.84,1046.15,2383.46,1528.95,340.49,1305.82,594.97,1550.52
218,2.649,2.648,2.647,2.646,2.645,2.644,2.643,2.642,2.641,2.64,2.65,2.651,2.652,2.653,2.654,2.655,2.656,2.657,2.658,2.659,89.58,1618.35,1601.19,1311.09,1326.97,1254.89,513.25,164.26,466.11,883.99,40.5,283.4,885.23,957.85,1111.23,2658.76,1143.23,536.13,929.89,594.97
219,2.649,2.648,2.647,2.646,2.645,2.644,2.643,2.642,2.641,2.64,2.651,2.652,2.653,2.654,2.655,2.656,2.657,2.658,2.659,2.66,120.95,1771.64,1453.68,1312.35,2035.79,545.76,412.92,251.67,466.11,883.99,314.62,599.41,584.87,1201.44,2533.79,992.54,536.13,1287.65,594.97,1730.45
220,2.649,2.648,2.647,2.646,2.645,2.644,2.643,2.642,2.641,2.64,2.65,2.651,2.652,2.653,2.654,2.655,2.656,2.657,2.658,2.659,159.8,1112.11,1500.87,930.07,1230.45,571.57,762.54,608.04,466.11,883.99,40.5,314.67,851.78,1364,1111.23,2057.93,1226.33,882.82,1587.09,594.97
221,2.65,2.649,2.648,2.647,2.646,2.645,2.644,2.643,2.642,2.641,2.651,2.652,2.653,2.654,2.655,2.656,2.657,2.658,2.659,2.66,117.2,821.25,1121.98,1863.91,798.04,2291.6,1280.13,410.02,251.67,466.11,5.68,104.65,406.44,1092.55,1391.61,1583.16,1255.3,920,594.97,698.13
222,2.653,2.652,2.651,2.65,2.649,2.648,2.647,2.646,2.645,2.644,2.654,2.655,2.656,2.657,2.658,2.659,2.66,2.661,2.662,2.663,40.5,263.13,761.78,1058.1,901.73,1491.19,2102.38,1243.04,890.47,571.57,49.94,939.94,1775.67,2249.84,869.19,1514.57,570.73,1336.14,680.9,585
223,2.653,2.652,2.651,2.65,2.649,2.648,2.647,2.646,2.645,2.644,2.654,2.655,2.656,2.657,2.658,2.659,2.66,2.661,2.662,2.663,110.72,372.15,1030.21,1157.75,1062.28,2410.06,2102.25,253.26,887.75,571.57,44.28,321.85,1339.41,2618.84,869.19,1711.45,942.97,304.37,500.97,582.25
224,2.652,2.651,2.65,2.649,2.648,2.647,2.646,2.645,2.644,2.643,2.653,2.654,2.655,2.656,2.657,2.658,2.659,2.66,2.661,2.662,3.78,174.42,481.06,964.43,1107.8,2034.03,1598.18,1243.98,942.79,49.94,51.71,831.7,1778.42,1945.27,1689.03,679.44,817.81,518.2,1336.33,500.97
225,2.653,2.652,2.651,2.65,2.649,2.648,2.647,2.646,2.645,2.644,2.654,2.655,2.656,2.657,2.658,2.659,2.66,2.661,2.662,2.663,55.61,413.57,1005.43,979.2,1264.67,2539.83,1481.36,624.34,510.77,571.57,55.49,160.63,841.92,1326.83,2075.13,2298.35,553.82,304.37,500.97,1613.8
226,2.648,2.647,2.646,2.645,2.644,2.643,2.642,2.641,2.64,2.639,2.65,2.651,2.652,2.653,2.654,2.655,2.656,2.657,2.658,2.659,535.87,398.93,1120.27,1223.14,1817.82,465.26,1243.75,1223.66,420.64,161.54,336.72,1203.54,1572.52,2100.7,1446.84,1070.5,599.5,163.14,640.43,1891.16
227,2.649,2.648,2.647,2.646,2.645,2.644,2.643,2.642,2.641,2.64,2.65,2.651,2.652,2.653,2.654,2.655,2.656,2.657,2.658,2.659,40.5,595.37,1216.89,1196.34,2125.43,798.62,2337.35,626.02,466.11,420.64,40.5,436.73,917.15,2187.07,1600.96,1623.66,981.38,163.14,640.43,1888.41
228,2.649,2.648,2.647,2.646,2.645,2.644,2.643,2.642,2.641,2.64,2.65,2.651,2.652,2.653,2.654,2.655,2.656,2.657,2.658,2.659,44.28,1556.81,2068.29,696.04,2125.43,1271.34,1319.5,251.66,466.11,420.64,21.64,344.44,778.07,692.93,1600.96,2115.93,1203.13,928.92,1405.47,1888.41
229,2.651,2.65,2.649,2.648,2.647,2.646,2.645,2.644,2.643,2.642,2.652,2.653,2.654,2.655,2.656,2.657,2.658,2.659,2.66,2.661,40.5,571.24,1901.02,1702.71,1498.48,552.93,1084.28,1262.97,933.42,251.66,9.44,258.16,663.49,635.38,1707.58,1908.84,2047.89,1228.71,1533.66,304.37
230,2.65,2.649,2.648,2.647,2.646,2.645,2.644,2.643,2.642,2.641,2.652,2.653,2.654,2.655,2.656,2.657,2.658,2.659,2.66,2.661,40.5,759.25,1141.04,978.99,532.76,2136.8,248.87,1655.73,525.45,466.11,44.28,519.36,1216.06,2005.1,2572.59,1164.82,554.1,838.81,1533.66,304.37
231,2.65,2.649,2.648,2.647,2.646,2.645,2.644,2.643,2.642,2.641,2.651,2.652,2.653,2.654,2.655,2.656,2.657,2.658,2.659,2.66,40.5,169.2,1162.62,1260.21,529.99,2562.08,1138.47,2033.7,164.26,466.11,40.5,400.08,1482.19,1468.16,2607.84,1561.03,1042.17,501.84,838.81,1536.41
232,2.653,2.652,2.651,2.65,2.649,2.648,2.647,2.646,2.645,2.644,2.654,2.655,2.656,2.657,2.658,2.659,2.66,2.661,2.662,2.663,5.72,104.28,499.35,1405.65,1262,1258.88,1224.68,564.26,1108.08,161.51,282.36,1072.67,1834.06,1919.64,1125.9,926.57,553.82,304.37,642.31,74.23
233,2.654,2.653,2.652,2.651,2.65,2.649,2.648,2.647,2.646,2.645,2.655,2.656,2.657,2.658,2.659,2.66,2.661,2.662,2.663,2.664,40.5,903.19,1022,1067.01,1604.02,1547.81,1752.47,465.13,253.26,709.92,3.78,390.49,1104.79,2041.37,2342.62,1714.95,304.37,692.22,49.9,949.16
234,2.654,2.653,2.652,2.651,2.65,2.649,2.648,2.647,2.646,2.645,2.655,2.656,2.657,2.658,2.659,2.66,2.661,2.662,2.663,2.664,40.5,806.91,779.93,1471.92,2380.79,1524.22,981.13,1298.78,165.95,709.92,44.28,294.61,1251.76,2107.76,1956.08,1746.26,304.37,692.22,49.9,939.41
235,2.651,2.65,2.649,2.648,2.647,2.646,2.645,2.644,2.643,2.642,2.652,2.653,2.654,2.655,2.656,2.657,2.658,2.659,2.66,2.661,48.06,117.78,878.44,1527.35,1604.11,1755.55,988.29,1953.93,867.73,164.26,538.68,1455.07,1335.05,1660.34,2402.05,1136.98,516.49,200.92,887.88,1338.67
236,2.651,2.65,2.649,2.648,2.647,2.646,2.645,2.644,2.643,2.642,2.652,2.653,2.654,2.655,2.656,2.657,2.658,2.659,2.66,2.661,44.28,117.78,1474.45,1997.74,1794.81,2093.63,1206.08,608.89,867.73,164.26,112.15,669.49,1244.84,1726.73,2243.91,1574.29,1594.85,200.92,887.88,1338.67
237,2.651,2.65,2.649,2.648,2.647,2.646,2.645,2.644,2.643,2.642,2.653,2.654,2.655,2.656,2.657,2.658,2.659,2.66,2.661,2.662,436.93,1441.1,1700.36,2362.6,823.26,964.18,1206.08,314.51,867.73,164.26,219.31,645.06,505.89,870.61,1497.55,1891.37,1275.31,1961.89,1338.67,639.56
238,2.652,2.651,2.65,2.649,2.648,2.647,2.646,2.645,2.644,2.643,2.653,2.654,2.655,2.656,2.657,2.658,2.659,2.66,2.661,2.662,40.5,49.94,1441.43,1116.13,1418.63,2018.24,1693.2,897.98,314.51,867.73,79.48,743.45,919.59,1308.08,2675.12,1599.32,559.05,1263.39,307.12,639.56
239,2.651,2.65,2.649,2.648,2.647,2.646,2.645,2.644,2.643,2.642,2.652,2.653,2.654,2.655,2.656,2.657,2.658,2.659,2.66,2.661,44.28,509.91,1477.47,1721.65,743.57,2113.11,1001.67,630.71,867.73,164.26,40.5,574.6,1053.33,1311.37,2195.04,2183.26,1234.29,656.81,887.88,304.37
240,2.652,2.651,2.65,2.649,2.648,2.647,2.646,2.645,2.644,2.643,2.654,2.655,2.656,2.657,2.658,2.659,2.66,2.661,2.662,2.663,40.5,363.81,892.47,1593.37,1952.05,1022.01,1413.17,873.07,314.51,867.73,130.85,759.24,1912.22,2457.17,1688.97,966.91,940.37,304.37,639.56,52.65
241,2.653,2.652,2.651,2.65,2.649,2.648,2.647,2.646,2.645,2.644,2.654,2.655,2.656,2.657,2.658,2.659,2.66,2.661,2.662,2.663,40.5,350.71,1150.05,1091.41,1424.68,3083.08,743.57,1500.48,510.77,161.51,49.94,539.29,1534.02,1666.7,2011.85,1599.74,1326.7,304.37,1671.33,60.73
242,2.654,2.653,2.652,2.651,2.65,2.649,2.648,2.647,2.646,2.645,2.655,2.656,2.657,2.658,2.659,2.66,2.661,2.662,2.663,2.664,44.28,355.99,918.87,1758.62,922.3,1118.66,1158.04,830.73,693.36,510.77,44.28,805.38,1638.77,1947.47,1948.95,1840.91,679.92,650.39,49.9,1119.34
243,2.652,2.651,2.65,2.649,2.648,2.647,2.646,2.645,2.644,2.643,2.653,2.654,2.655,2.656,2.657,2.658,2.659,2.66,2.661,2.662,48.06,166.69,594.29,1173.9,1797.84,743.67,2314.77,959.22,522.77,867.73,40.5,942.8,1761.74,1683.47,1895.83,1295.48,499.86,887.88,304.37,1681.94
244,2.652,2.651,2.65,2.649,2.648,2.647,2.646,2.645,2.644,2.643,2.653,2.654,2.655,2.656,2.657,2.658,2.659,2.66,2.661,2.662,48.06,374.77,1128.6,1190.36,1152.03,1236.67,2053.21,598.11,161.51,867.73,40.5,859.56,1859.52,1782.74,2070.11,723.9,1042.29,940.32,304.37,1681.94
245,2.651,2.65,2.649,2.648,2.647,2.646,2.645,2.644,2.643,2.642,2.652,2.653,2.654,2.655,2.656,2.657,2.658,2.659,2.66,2.661,44.28,510.32,1345.65,1833.52,1530.45,2037.53,1320.68,161.51,867.73,164.26,40.5,236.74,855.17,1607.87,1715.2,2285.63,901.68,614.58,887.88,304.37
246,2.653,2.652,2.651,2.65,2.649,2.648,2.647,2.646,2.645,2.644,2.654,2.655,2.656,2.657,2.658,2.659,2.66,2.661,2.662,2.663,74.28,630.16,1596.06,1336.56,1012.67,1582.18,882.47,2036.09,510.77,248.87,49.94,310.09,1447.35,1419.71,1220.01,1895.17,1301.54,304.37,830.32,49.9
247,2.653,2.652,2.651,2.65,2.649,2.648,2.647,2.646,2.645,2.644,2.654,2.655,2.656,2.657,2.658,2.659,2.66,2.661,2.662,2.663,33.78,200.83,827.72,1354.76,1106.45,1860.6,1172.09,1423.38,510.77,161.51,82.34,802.65,1447.35,2718.88,1490.9,1172.83,940.37,1335.92,830.32,306.17
248,2.654,2.653,2.652,2.651,2.65,2.649,2.648,2.647,2.646,2.645,2.655,2.656,2.657,2.658,2.659,2.66,2.661,2.662,2.663,2.664,33.78,104.54,517.93,1756.23,1681.16,1985.11,527.82,1227.63,1040.12,598.11,40.5,390.95,1160.88,2220.54,2386.53,1427.5,577.19,564.44,1081.09,1119.34
249,2.652,2.651,2.65,2.649,2.648,2.647,2.646,2.645,2.644,2.643,2.653,2.654,2.655,2.656,2.657,2.658,2.659,2.66,2.661,2.662,48.06,104.55,1151.81,1551.64,1442.3,1124.56,1481.82,1248.19,540.81,867.73,40.5,626.81,777.97,2352.1,1585.21,1493.83,1788.48,887.88,208.67,691.73
250,2.652,2.651,2.65,2.649,2.648,2.647,2.646,2.645,2.644,2.643,2.653,2.654,2.655,2.656,2.657,2.658,2.659,2.66,2.661,2.662,48.06,980.28,1662.8,2394.23,518.56,1101.26,1387.74,956.18,161.51,867.73,40.5,130.85,519.79,1474.47,1727.23,1869.04,1041.25,1656.68,208.67,691.73
251,2.652,2.651,2.65,2.649,2.648,2.647,2.646,2.645,2.644,2.643,2.653,2.654,2.655,2.656,2.657,2.658,2.659,2.66,2.661,2.662,48.06,1107.88,2305.45,1712.05,1398.18,850.77,1698.39,510.77,248.88,867.73,40.5,137.96,518.46,1212.4,1942.4,1269.62,324.85,2868.61,1152.33,830.32
252,2.652,2.651,2.65,2.649,2.648,2.647,2.646,2.645,2.644,2.643,2.653,2.654,2.655,2.656,2.657,2.658,2.659,2.66,2.661,2.662,44.28,458.12,1572.12,1504.5,1319.42,1244.66,997.79,902.52,248.88,867.73,40.5,227.29,1127.23,1683.86,1320.81,2054.42,980.3,940.41,208.67,1861.87
253,2.651,2.65,2.649,2.648,2.647,2.646,2.645,2.644,2.643,2.642,2.652,2.653,2.654,2.655,2.656,2.657,2.658,2.659,2.66,2.661,44.28,450.32,1049.38,1665.04,1517.93,993.13,1593.79,628.86,1263.26,164.26,40.5,876.41,1622.4,1459.78,2881.44,1070.4,855.9,253.23,1067.81,304.37
254,2.653,2.652,2.651,2.65,2.649,2.648,2.647,2.646,2.645,2.644,2.654,2.655,2.656,2.657,2.658,2.659,2.66,2.661,2.662,2.663,40.5,453.46,1461.97,2508.12,857.3,1547.72,998.11,553.03,1201.75,161.51,49.94,475.95,818.39,1085.38,1447.76,1245.21,2620.79,1055.59,1681.94,136.64
255,2.651,2.65,2.649,2.648,2.647,2.646,2.645,2.644,2.643,2.642,2.652,2.653,2.654,2.655,2.656,2.657,2.658,2.659,2.66,2.661,44.28,848.74,1200.56,2183.65,1284.49,1343.81,1289.09,958.51,867.73,164.26,40.5,588.26,828.34,1538.41,2453.45,1941.7,1578.26,2044.32,1067.81,304.37
256,2.649,2.648,2.647,2.646,2.645,2.644,2.643,2.642,2.641,2.64,2.651,2.652,2.653,2.654,2.655,2.656,2.657,2.658,2.659,2.66,789.55,638.93,2219.08,1168.75,2163.44,523.87,2386.81,164.26,464.17,420.64,484.5,921.74,1494.74,1715.42,1881.42,1272.29,1085.11,1016.84,1476.92,887.88
257,2.649,2.648,2.647,2.646,2.645,2.644,2.643,2.642,2.641,2.64,2.65,2.651,2.652,2.653,2.654,2.655,2.656,2.657,2.658,2.659,44.28,355.16,2219.16,1306.84,1802.87,893.66,1558.67,922.54,551.62,420.64,40.5,662.65,1045.75,2155.77,2036.24,1474.24,1272.29,1085.11,1016.84,1476.92
258,2.645,2.644,2.643,2.642,2.641,2.64,2.639,2.638,2.637,2.636,2.647,2.648,2.649,2.65,2.651,2.652,2.653,2.654,2.655,2.656,728.6,1665.56,1697.56,1612.18,1074.23,1586.23,835.34,512.81,49.97,355.45,295.42,726.29,946.9,1858.91,777.24,1510.88,1014.93,2842.7,1016.35,547.57
259,2.646,2.645,2.644,2.643,2.642,2.641,2.64,2.639,2.638,2.637,2.647,2.648,2.649,2.65,2.651,2.652,2.653,2.654,2.655,2.656,74.28,315.85,1391.16,1960.18,1780.11,1706.98,1197.33,835.24,512.81,137.51,569.36,632.25,737.43,2413.97,1909.55,1186.98,1065.93,2837.17,238.55,547.57
260,2.648,2.647,2.646,2.645,2.644,2.643,2.642,2.641,2.64,2.639,2.649,2.65,2.651,2.652,2.653,2.654,2.655,2.656,2.657,2.658,445.68,94.44,1239.1,1601.32,2149.7,1953.83,700.8,956.5,1481.81,161.54,378.59,510.06,659.82,2128.99,1759.74,2324.13,2029.99,1233.31,809.25,567.87
261,2.648,2.647,2.646,2.645,2.644,2.643,2.642,2.641,2.64,2.639,2.649,2.65,2.651,2.652,2.653,2.654,2.655,2.656,2.657,2.658,59.2,175.31,1441.6,1767.45,1819.33,1635.44,1090.8,530.93,1481.81,249.04,285.91,617,917.25,3220.31,1940.24,1961.55,1693.9,1161.54,809.25,481.02
262,2.648,2.647,2.646,2.645,2.644,2.643,2.642,2.641,2.64,2.639,2.649,2.65,2.651,2.652,2.653,2.654,2.655,2.656,2.657,2.658,112.2,49.96,659.07,2137.7,1101.07,2347.49,1784.5,1313.51,1199.72,249.04,566.81,1409.81,1696.99,2195.44,1906.48,1634.58,1715.34,791.69,809.25,481.02
263,2.647,2.646,2.645,2.644,2.643,2.642,2.641,2.64,2.639,2.638,2.648,2.649,2.65,2.651,2.652,2.653,2.654,2.655,2.656,2.657,40.5,378.4,1907.47,1388.39,1952.41,1108.61,918.43,1587.36,245.24,509.01,40.5,790.66,1537.11,2602.65,1910.89,1408.66,1239.51,1320.27,787.92,805.48
264,2.64,2.639,2.638,2.637,2.636,2.635,2.634,2.633,2.632,2.631,2.642,2.643,2.644,2.645,2.646,2.647,2.648,2.649,2.65,2.651,643.32,1424.97,1914.36,414.6,895.23,940.67,1102.85,526.45,716.04,46.17,132.72,584.12,622.26,727.1,1958.68,2281.92,982.54,933.39,1047.83,1654.69
265,2.639,2.638,2.637,2.636,2.635,2.634,2.633,2.632,2.631,2.63,2.64,2.641,2.642,2.643,2.644,2.645,2.646,2.647,2.648,2.649,40.5,524.5,603.18,2451,930.89,834.51,526.45,2405.44,46.17,252.25,457.24,579.29,726.58,1200.11,1911.22,2223.73,1014.02,2115.54,1039.12,443.66
266,2.64,2.639,2.638,2.637,2.636,2.635,2.634,2.633,2.632,2.631,2.641,2.642,2.643,2.644,2.645,2.646,2.647,2.648,2.649,2.65,40.5,421.41,2180.6,2196.69,578.84,1742.15,1110.06,842.75,591.74,46.17,63.02,555.16,690.07,2113.03,1456.76,1574.47,967.65,2660.74,528,604.64
267,2.642,2.641,2.64,2.639,2.638,2.637,2.636,2.635,2.634,2.633,2.643,2.644,2.645,2.646,2.647,2.648,2.649,2.65,2.651,2.652,40.5,1133.98,1283.62,2078.04,1279.45,1056.16,1937.12,616.95,1110.06,157.74,70.22,625.77,551.74,1272.25,1812.83,2133.63,1740.57,1034.72,1180.02,711.13
268,2.641,2.64,2.639,2.638,2.637,2.636,2.635,2.634,2.633,2.632,2.642,2.643,2.644,2.645,2.646,2.647,2.648,2.649,2.65,2.651,40.5,165.93,618.2,1549.15,1430.5,1101.71,1245.55,2148.53,920.28,525.76,532.85,691.81,1728.54,1176.96,2269.92,2027.47,993.43,440.91,604.64,1353.12
269,2.639,2.638,2.637,2.636,2.635,2.634,2.633,2.632,2.631,2.63,2.64,2.641,2.642,2.643,2.644,2.645,2.646,2.647,2.648,2.649,72.79,1355.6,474.03,903.01,948.21,1715.1,1916.55,1242.29,762.22,252.26,70.22,563.29,1539.37,1048.35,2324.51,1649.85,1319.98,874.93,563.6,443.66
270,2.642,2.641,2.64,2.639,2.638,2.637,2.636,2.635,2.634,2.633,2.643,2.644,2.645,2.646,2.647,2.648,2.649,2.65,2.651,2.652,243,392.28,1086.55,1253.09,1699.54,1914.89,463.07,989.52,1360.52,561.88,127.66,541.25,699,2195.37,2060.36,1938.14,901.74,1403.25,427.36,711.13
271,2.643,2.642,2.641,2.64,2.639,2.638,2.637,2.636,2.635,2.634,2.644,2.645,2.646,2.647,2.648,2.649,2.65,2.651,2.652,2.653,40.5,207.62,475.55,875.94,548.24,1096.43,335.29,463.07,919.36,683.28,49.71,572.85,1532.09,1771.86,3246.05,1383.04,2065.13,514.41,708.38,234.79
272,2.644,2.643,2.642,2.641,2.64,2.639,2.638,2.637,2.636,2.635,2.645,2.646,2.647,2.648,2.649,2.65,2.651,2.652,2.653,2.654,40.5,46.18,693.73,718.93,664.17,553.23,1364.91,638.33,463.07,919.36,222.6,1736.07,1132.02,3819.58,1515.56,1029.65,427.36,795.41,478.63,463.76
273,2.643,2.642,2.641,2.64,2.639,2.638,2.637,2.636,2.635,2.634,2.644,2.645,2.646,2.647,2.648,2.649,2.65,2.651,2.652,2.653,202.5,134.1,806.01,498.57,665.75,1087.92,638.33,463.07,242.6,770.91,40.5,1478.94,2153.42,1556.19,2515.9,1134.95,1395.83,1462.84,708.38,565.63
274,2.644,2.643,2.642,2.641,2.64,2.639,2.638,2.637,2.636,2.635,2.645,2.646,2.647,2.648,2.649,2.65,2.651,2.652,2.653,2.654,243,197.07,676.75,606.5,780.28,665.75,1087.92,638.33,463.07,242.6,213.83,933.17,1233.05,1945.64,1966.78,1944.7,2152.76,754.91,438.13,423.26
275,2.644,2.643,2.642,2.641,2.64,2.639,2.638,2.637,2.636,2.635,2.645,2.646,2.647,2.648,2.649,2.65,2.651,2.652,2.653,2.654,243,197.07,648.46,511.7,780.28,665.75,1087.92,1315.64,463.07,242.6,223.52,300.28,1605.91,2392.51,1966.78,1747,2518,719.51,525.13,423.26
276,2.643,2.642,2.641,2.64,2.639,2.638,2.637,2.636,2.635,2.634,2.645,2.646,2.647,2.648,2.649,2.65,2.651,2.652,2.653,2.654,40.5,648.46,511.7,1001.47,665.75,1087.92,874.06,463.07,242.6,584.91,120.85,276.46,1605.91,2969.72,1698.3,926.25,3343.74,667.88,525.13,423.26
277,2.645,2.644,2.643,2.642,2.641,2.64,2.639,2.638,2.637,2.636,2.646,2.647,2.648,2.649,2.65,2.651,2.652,2.653,2.654,2.655,799.45,461.98,440.18,862.82,651.14,1335.61,1299.35,872.8,197.06,463.07,189.69,288.39,1056.14,2221.67,2034.04,2483.58,957.12,2285.21,420.51,306.8
278,2.644,2.643,2.642,2.641,2.64,2.639,2.638,2.637,2.636,2.635,2.645,2.646,2.647,2.648,2.649,2.65,2.651,2.652,2.653,2.654,243,197.07,642.15,742.14,1245.06,418.69,872.8,876.67,463.07,330.21,7.52,905.27,1309.29,1691.45,2367.8,1364.77,1684.81,580.92,1560.02,420.51
279,2.643,2.642,2.641,2.64,2.639,2.638,2.637,2.636,2.635,2.634,2.645,2.646,2.647,2.648,2.649,2.65,2.651,2.652,2.653,2.654,40.5,642.15,742.14,1245.06,318.39,477.25,1310.33,463.07,242.6,553.59,295.47,905.35,1309.29,1280.61,2814.31,1172.03,1736.44,892.98,1560.02,420.51
280,2.643,2.642,2.641,2.64,2.639,2.638,2.637,2.636,2.635,2.634,2.645,2.646,2.647,2.648,2.649,2.65,2.651,2.652,2.653,2.654,40.5,642.15,856.67,1245.06,318.39,665.52,630.72,1142.46,242.6,553.59,426.59,881.53,1309.29,1765.45,2609.17,1278.82,1759.81,980.02,438.13,420.51
281,2.643,2.642,2.641,2.64,2.639,2.638,2.637,2.636,2.635,2.634,2.645,2.646,2.647,2.648,2.649,2.65,2.651,2.652,2.653,2.654,5.68,690.25,813.81,1091.02,412.99,1058.68,590.22,422.57,202.1,513.09,106.03,290.24,527.99,1188.39,2545.8,2307.12,2037.94,1725.31,805.14,420.51
282,2.643,2.642,2.641,2.64,2.639,2.638,2.637,2.636,2.635,2.634,2.644,2.645,2.646,2.647,2.648,2.649,2.65,2.651,2.652,2.653,300.39,5.68,452.89,477.08,486.56,866.75,339.3,803.27,289.7,425.46,5.68,298.91,1265.02,1524.14,1555.36,1489.34,2067.19,2202.95,616.33,440.88
283,2.643,2.642,2.641,2.64,2.639,2.638,2.637,2.636,2.635,2.634,2.645,2.646,2.647,2.648,2.649,2.65,2.651,2.652,2.653,2.654,485.55,831.2,709.87,1138.79,277.89,505.43,156.56,1472.95,202.1,513.08,13.2,92.39,468.56,1440.27,2594.8,2531.17,1939.02,2450.01,438.13,420.51
284,2.643,2.642,2.641,2.64,2.639,2.638,2.637,2.636,2.635,2.634,2.645,2.646,2.647,2.648,2.649,2.65,2.651,2.652,2.653,2.654,475.5,528.84,541.47,708.79,507.33,1384.31,156.56,803.27,202.1,513.08,101.47,508.34,468.56,1579.78,3077.15,1927.46,1594.71,1634.75,438.13,420.51
285,2.642,2.641,2.64,2.639,2.638,2.637,2.636,2.635,2.634,2.633,2.645,2.646,2.647,2.648,2.649,2.65,2.651,2.652,2.653,2.654,644.41,427.29,822.89,507.33,1302.81,1274.68,803.27,202.1,513.08,155.06,183.32,674.44,1091.83,1612.52,3079.44,1565.36,1301.63,1547.71,438.13,420.51
286,2.642,2.641,2.64,2.639,2.638,2.637,2.636,2.635,2.634,2.633,2.644,2.645,2.646,2.647,2.648,2.649,2.65,2.651,2.652,2.653,766.62,544.78,798.68,639.71,1115.9,929.65,803.27,202.1,513.08,155.06,155.99,962.63,2373.15,1567.77,1524.61,1106.28,1330.89,2269.81,512.43,440.88
287,2.642,2.641,2.64,2.639,2.638,2.637,2.636,2.635,2.634,2.633,2.644,2.645,2.646,2.647,2.648,2.649,2.65,2.651,2.652,2.653,804.28,258.2,798.69,639.76,1220.35,825.28,803.27,202.1,513.08,155.06,91.33,802.76,2233.35,1435.04,1785.62,1373.14,1330.71,1807.53,512.43,440.88
288,2.643,2.642,2.641,2.64,2.639,2.638,2.637,2.636,2.635,2.634,2.645,2.646,2.647,2.648,2.649,2.65,2.651,2.652,2.653,2.654,340.94,622.86,427.29,826.65,507.33,1255.91,1233.58,803.27,202.1,513.08,5.68,657.95,819.03,1239.52,2038.59,1951.19,742.24,1233.96,440.88,507.47
289,2.643,2.642,2.641,2.64,2.639,2.638,2.637,2.636,2.635,2.634,2.645,2.646,2.647,2.648,2.649,2.65,2.651,2.652,2.653,2.654,780.68,92.16,409.09,844.85,507.33,1218.32,1233.26,803.27,289.69,425.46,398.7,700.65,1194.98,1621.34,2449.5,2657.23,742.24,1547.71,440.88,420.51
290,2.642,2.641,2.64,2.639,2.638,2.637,2.636,2.635,2.634,2.633,2.645,2.646,2.647,2.648,2.649,2.65,2.651,2.652,2.653,2.654,502.51,409.09,844.85,507.33,1161.84,844.64,422.57,289.69,425.46,155.06,331.53,919.96,1921.71,2069.4,2206.46,1303.5,1114.4,1547.71,440.88,420.51
291,2.643,2.642,2.641,2.64,2.639,2.638,2.637,2.636,2.635,2.634,2.645,2.646,2.647,2.648,2.649,2.65,2.651,2.652,2.653,2.654,773.03,92.16,409.09,844.67,507.33,1513.48,559.94,422.57,289.69,425.46,163.06,679.05,1287.9,1769.81,2998.64,1303.5,1114.4,1547.71,440.88,507.48
292,2.643,2.642,2.641,2.64,2.639,2.638,2.637,2.636,2.635,2.634,2.645,2.646,2.647,2.648,2.649,2.65,2.651,2.652,2.653,2.654,773.03,105.87,517.93,844.67,507.33,1286.43,1247.46,422.57,289.69,425.46,525.84,628.19,1302.83,2039.2,2112.52,1144.5,2209.97,512.43,440.88,420.51
293,2.641,2.64,2.639,2.638,2.637,2.636,2.635,2.634,2.633,2.632,2.644,2.645,2.646,2.647,2.648,2.649,2.65,2.651,2.652,2.653,182.3,761.12,742.53,866.75,466.25,1177.99,289.69,425.46,117.24,485.26,287.4,470.49,1277.76,1527.09,3062.67,1428.55,1331.05,1807.39,512.43,440.88
294,2.642,2.641,2.64,2.639,2.638,2.637,2.636,2.635,2.634,2.633,2.644,2.645,2.646,2.647,2.648,2.649,2.65,2.651,2.652,2.653,783.42,450.66,893.58,610.28,967.13,869.71,1091.23,202.1,491.33,204.89,78.21,469.77,826.85,2078.24,2281.72,1519.88,1330.96,2195.81,512.43,527.87
295,2.642,2.641,2.64,2.639,2.638,2.637,2.636,2.635,2.634,2.633,2.644,2.645,2.646,2.647,2.648,2.649,2.65,2.651,2.652,2.653,774.1,484.72,876.63,742.56,866.75,396.12,856.56,202.1,578.95,117.24,70.22,290.4,946.85,1527.09,2761.21,1918.81,1331.02,2169.2,512.43,440.88
296,2.642,2.641,2.64,2.639,2.638,2.637,2.636,2.635,2.634,2.633,2.644,2.645,2.646,2.647,2.648,2.649,2.65,2.651,2.652,2.653,367.6,156.57,633.18,885.6,954.54,496.48,856.56,202.1,578.95,117.24,468.98,785.39,2280.65,1655.06,1431.19,1592.32,2700.24,386.86,512.43,527.87
297,2.639,2.638,2.637,2.636,2.635,2.634,2.633,2.632,2.631,2.63,2.64,2.641,2.642,2.643,2.644,2.645,2.646,2.647,2.648,2.649,55.9,450.17,620.42,722.55,374.92,694.97,930.88,485.26,5.67,124.02,70.22,143.76,879.13,1303.88,1104.95,1890.45,1560.16,1975.08,894.03,156.57
298,2.639,2.638,2.637,2.636,2.635,2.634,2.633,2.632,2.631,2.63,2.641,2.642,2.643,2.644,2.645,2.646,2.647,2.648,2.649,2.65,52.74,733.02,1233.09,836.9,449.38,1064.7,566.97,485.26,5.67,211.74,121.95,596.07,740.74,1104.95,1651.06,2002.02,1142.45,917.15,555.42,1930.09
299,2.639,2.638,2.637,2.636,2.635,2.634,2.633,2.632,2.631,2.63,2.641,2.642,2.643,2.644,2.645,2.646,2.647,2.648,2.649,2.65,52.74,733.02,1134.81,836.9,329.1,607.35,566.97,485.26,93.36,124.02,121.95,596.07,740.74,1954.36,2310.68,976.36,1453.22,1401.75,156.57,894.42
300,2.639,2.638,2.637,2.636,2.635,2.634,2.633,2.632,2.631,2.63,2.641,2.642,2.643,2.644,2.645,2.646,2.647,2.648,2.649,2.65,52.74,733.02,1236.1,836.9,428.9,1160.09,1236.64,485.26,93.36,124.02,428.01,760.71,1171.53,1473.86,2354.01,1055.74,2188.32,919.2,548.02,894.42
301,2.639,2.638,2.637,2.636,2.635,2.634,2.633,2.632,2.631,2.63,2.641,2.642,2.643,2.644,2.645,2.646,2.647,2.648,2.649,2.65,41.66,708.07,911.98,837.38,668.01,724.77,1236.25,485.26,93.36,124.02,292.4,875.01,1480.44,1751.21,2306.02,780.03,672.18,1702.37,159.32,1721.23
302,2.639,2.638,2.637,2.636,2.635,2.634,2.633,2.632,2.631,2.63,2.641,2.642,2.643,2.644,2.645,2.646,2.647,2.648,2.649,2.65,41.66,497.2,895.69,898.17,692.99,607.35,632.94,485.26,93.36,124.02,456.68,808.62,1546.83,1925.92,1690.4,1940.44,672.18,1246.44,159.32,1721.23
303,2.639,2.638,2.637,2.636,2.635,2.634,2.633,2.632,2.631,2.63,2.64,2.641,2.642,2.643,2.644,2.645,2.646,2.647,2.648,2.649,41.66,536.81,792.1,916.37,674.79,789.05,1295.95,485.26,93.36,124.02,70.22,295.36,797.35,1752.4,1963.79,1956.42,1670.93,620.96,1284.01,159.32
304,2.641,2.64,2.639,2.638,2.637,2.636,2.635,2.634,2.633,2.632,2.642,2.643,2.644,2.645,2.646,2.647,2.648,2.649,2.65,2.651,41.66,589.67,422.93,932.87,821.8,692.3,980.32,425.46,632.94,485.26,83.91,892.9,919.23,2024.2,1746.91,1254.56,2063.97,1389.52,981.48,545.06
305,2.641,2.64,2.639,2.638,2.637,2.636,2.635,2.634,2.633,2.632,2.642,2.643,2.644,2.645,2.646,2.647,2.648,2.649,2.65,2.651,61.76,798.16,526.73,900.22,707.02,785.95,1096.71,425.46,566.97,485.26,7.99,156.57,793.98,1180.42,1994.8,1653.52,1303.74,1013.06,1930.68,542.31
306,2.641,2.64,2.639,2.638,2.637,2.636,2.635,2.634,2.633,2.632,2.642,2.643,2.644,2.645,2.646,2.647,2.648,2.649,2.65,2.651,41.66,207.31,468.57,896.64,712.6,500.79,202.1,425.46,654.61,516.98,7.99,373.06,1217.52,1397.13,2690.38,1476.17,939.36,243.68,1930.68,542.31
307,2.641,2.64,2.639,2.638,2.637,2.636,2.635,2.634,2.633,2.632,2.644,2.645,2.646,2.647,2.648,2.649,2.65,2.651,2.652,2.653,297.1,736.65,583.34,763.26,1161.9,670.07,863.85,491.34,566.97,572.93,629.57,834.58,2639.3,1946.94,1358.63,243.68,519.97,542.31,722.55,438.13
308,2.643,2.642,2.641,2.64,2.639,2.638,2.637,2.636,2.635,2.634,2.645,2.646,2.647,2.648,2.649,2.65,2.651,2.652,2.653,2.654,243.06,724.41,543.29,840.56,1228.02,1626.41,605.86,422.25,202.1,491.34,424.41,1184.63,1934.69,2462.3,1418.92,468.44,455.42,1755.08,438.13,423.26
309,2.643,2.642,2.641,2.64,2.639,2.638,2.637,2.636,2.635,2.634,2.645,2.646,2.647,2.648,2.649,2.65,2.651,2.652,2.653,2.654,41.66,606.6,543.29,840.56,1228.02,1626.22,605.86,509.81,202.1,491.34,289.89,1186.62,1934.69,2462.3,1057.78,829.12,455.42,1755.08,438.13,423.26
310,2.643,2.642,2.641,2.64,2.639,2.638,2.637,2.636,2.635,2.634,2.645,2.646,2.647,2.648,2.649,2.65,2.651,2.652,2.653,2.654,41.66,606.6,431.18,840.56,1113.25,1625.96,605.86,509.81,267.95,425.46,440.78,1186.62,1607,2462.3,1418.47,829.12,438.56,1755.08,438.13,423.26
311,2.643,2.642,2.641,2.64,2.639,2.638,2.637,2.636,2.635,2.634,2.645,2.646,2.647,2.648,2.649,2.65,2.651,2.652,2.653,2.654,41.66,606.6,546.64,840.56,1113.25,1625.96,605.86,509.81,267.95,425.46,567.35,1820.55,1644.06,2653.89,697.19,1189.81,438.56,719.8,438.13,423.26
312,2.643,2.642,2.641,2.64,2.639,2.638,2.637,2.636,2.635,2.634,2.645,2.646,2.647,2.648,2.649,2.65,2.651,2.652,2.653,2.654,41.66,492,397.69,1044.61,975.35,745.02,1283.2,509.81,267.95,425.46,761.81,1715.24,1644.06,3014.59,517.26,829.13,618.49,719.8,438.13,423.26
313,2.64,2.639,2.638,2.637,2.636,2.635,2.634,2.633,2.632,2.631,2.642,2.643,2.644,2.645,2.646,2.647,2.648,2.649,2.65,2.651,75.75,596.18,853.17,941.92,783.17,1457.67,425.46,568.88,485.26,43.52,155.11,461.13,1054.91,1533.88,2506.71,652.53,2420.33,782.7,1503.92,389.61
314,2.642,2.641,2.64,2.639,2.638,2.637,2.636,2.635,2.634,2.633,2.645,2.646,2.647,2.648,2.649,2.65,2.651,2.652,2.653,2.654,891.43,570.6,1382.82,308.28,684.94,1163.03,1217.38,202.1,425.46,654.6,378.92,715.39,706.16,1784.87,1523.6,1604.74,751.07,1433.46,440.88,1542.34
315,2.644,2.643,2.642,2.641,2.64,2.639,2.638,2.637,2.636,2.635,2.647,2.648,2.649,2.65,2.651,2.652,2.653,2.654,2.655,2.656,706.63,453.06,954.94,577.61,2072.53,192.7,476.6,818.46,559.03,289.69,273.02,947.07,1148.46,2582.59,1153.44,2119.78,799.2,1542.34,306.8,704.72
316,2.642,2.641,2.64,2.639,2.638,2.637,2.636,2.635,2.634,2.633,2.645,2.646,2.647,2.648,2.649,2.65,2.651,2.652,2.653,2.654,1234.61,449.66,743.97,320.34,1761.49,1011.47,646.6,202.1,425.46,566.97,660.23,1507.17,1395.77,2764.9,336.5,1658.07,438.56,711.06,438.13,1455.4
317,2.644,2.643,2.642,2.641,2.64,2.639,2.638,2.637,2.636,2.635,2.647,2.648,2.649,2.65,2.651,2.652,2.653,2.654,2.655,2.656,482.64,838.45,968.05,335.33,611.67,320.34,1637.41,818.46,493.19,202.1,621.48,1009.66,1563.88,2677.39,1568.34,1306.54,438.13,420.51,1237.44,701.97
318,2.644,2.643,2.642,2.641,2.64,2.639,2.638,2.637,2.636,2.635,2.646,2.647,2.648,2.649,2.65,2.651,2.652,2.653,2.654,2.655,233.66,864.2,968.05,335.33,818.38,1007.16,879.9,906,493.19,202.1,14.92,621.48,1127.85,1539.59,2616.13,1421.09,735.38,1173.34,420.51,1234.69
319,2.643,2.642,2.641,2.64,2.639,2.638,2.637,2.636,2.635,2.634,2.646,2.647,2.648,2.649,2.65,2.651,2.652,2.653,2.654,2.655,1058.9,853.95,532.64,1045.25,192.7,747.04,906,493.19,202.1,494.88,120.13,899.46,1856.22,1754.8,2067.31,1164.82,1124.36,1481.76,420.51,309.55
320,2.643,2.642,2.641,2.64,2.639,2.638,2.637,2.636,2.635,2.634,2.645,2.646,2.647,2.648,2.649,2.65,2.651,2.652,2.653,2.654,296.3,944.91,466.68,765.56,741.88,1453.34,971.81,493.19,202.1,425.46,439.48,747.48,727.34,1934.38,2324.39,1951.37,821.61,1066.67,438.13,420.51
321,2.643,2.642,2.641,2.64,2.639,2.638,2.637,2.636,2.635,2.634,2.645,2.646,2.647,2.648,2.649,2.65,2.651,2.652,2.653,2.654,71.83,625.01,329.41,858.31,192.7,1278,1744.48,580.75,202.1,425.46,529.83,889.13,1716.6,2051.69,1580.05,1732.03,1789.53,683.62,440.88,429.25
322,2.643,2.642,2.641,2.64,2.639,2.638,2.637,2.636,2.635,2.634,2.645,2.646,2.647,2.648,2.649,2.65,2.651,2.652,2.653,2.654,461.82,875.26,347.61,959.92,847.29,1266.18,884.27,580.75,202.1,425.46,75.9,226.85,768.21,927.15,1403.12,2238.57,1426.81,2523.9,1218.23,429.25
323,2.645,2.644,2.643,2.642,2.641,2.64,2.639,2.638,2.637,2.636,2.647,2.648,2.649,2.65,2.651,2.652,2.653,2.654,2.655,2.656,198.51,650.76,892.56,1039.18,643.54,1060.37,192.7,542.39,818.46,580.75,83.69,798.69,915.29,1818.52,2069.78,1361.6,1598.71,817.72,306.8,704.72
324,2.645,2.644,2.643,2.642,2.641,2.64,2.639,2.638,2.637,2.636,2.646,2.647,2.648,2.649,2.65,2.651,2.652,2.653,2.654,2.655,71.83,375.42,986.6,1057.91,221.52,1267.94,682.67,546.18,742.99,426.04,13.22,463.41,1593.18,2215.81,2498.9,1193.28,1131.14,833.95,433.04,310.59
325,2.645,2.644,2.643,2.642,2.641,2.64,2.639,2.638,2.637,2.636,2.646,2.647,2.648,2.649,2.65,2.651,2.652,2.653,2.654,2.655,71.83,13.58,557.97,672.46,667.32,1045.46,79.55,1219.09,742.99,426.04,238.01,846.9,1015.89,1111.72,1988.87,1403.67,1773.81,441.92,433.04,313.34
326,2.645,2.644,2.643,2.642,2.641,2.64,2.639,2.638,2.637,2.636,2.646,2.647,2.648,2.649,2.65,2.651,2.652,2.653,2.654,2.655,62.85,7.9,503.13,557.17,667.32,1177.68,442.96,1219.09,742.99,426.04,324.84,681.48,1723.35,2515.89,1445.45,1912.26,2542.29,441.92,433.04,313.34
327,2.643,2.642,2.641,2.64,2.639,2.638,2.637,2.636,2.635,2.634,2.644,2.645,2.646,2.647,2.648,2.649,2.65,2.651,2.652,2.653,50.65,241.55,643.1,1530.54,464.67,718.79,698.2,1229.18,248.64,472,101.2,482.04,1371.09,1232.43,1985.68,1591.84,1962.74,1228.24,1978.03,487.42
328,2.643,2.642,2.641,2.64,2.639,2.638,2.637,2.636,2.635,2.634,2.644,2.645,2.646,2.647,2.648,2.649,2.65,2.651,2.652,2.653,50.65,330.17,645.35,1415.5,464.67,718.79,764.06,1229.18,248.64,472,97.41,393.03,1017.75,1232.43,1985.96,1869.65,1962.74,2263.72,918.79,487.42
329,2.645,2.644,2.643,2.642,2.641,2.64,2.639,2.638,2.637,2.636,2.646,2.647,2.648,2.649,2.65,2.651,2.652,2.653,2.654,2.655,46.86,128.54,396.27,1016.22,515.19,1776.66,1064.13,523.14,307.4,556.34,65.44,535.51,1048.09,1247.59,2422.06,1221.91,1869.38,2238.89,835.1,356.09
330,2.647,2.646,2.645,2.644,2.643,2.642,2.641,2.64,2.639,2.638,2.648,2.649,2.65,2.651,2.652,2.653,2.654,2.655,2.656,2.657,42.75,52.54,436.55,1238.75,854.54,2151.98,300.77,1068.89,303.02,610.65,144.08,738.73,1643.6,1514.08,2743.97,1319.14,887.09,1387.25,772.23,327.65
331,2.647,2.646,2.645,2.644,2.643,2.642,2.641,2.64,2.639,2.638,2.648,2.649,2.65,2.651,2.652,2.653,2.654,2.655,2.656,2.657,46.53,52.21,421.57,891.88,663.37,1475.23,52.22,1833.16,295.15,523.14,112.97,1056.32,1755.17,1252.88,2462.74,960.49,655.72,388.56,614.03,1284.04
332,2.648,2.647,2.646,2.645,2.644,2.643,2.642,2.641,2.64,2.639,2.649,2.65,2.651,2.652,2.653,2.654,2.655,2.656,2.657,2.658,42.75,306.08,1008.3,658.45,1330.11,698.85,657.66,52.22,1745.7,448.4,122.43,1149.83,1464.92,2362.14,1048.85,1027.27,1131.52,614.03,1284.04,905.53
333,2.648,2.647,2.646,2.645,2.644,2.643,2.642,2.641,2.64,2.639,2.649,2.65,2.651,2.652,2.653,2.654,2.655,2.656,2.657,2.658,260.28,337.21,961.21,500.51,1218.58,804.28,1332.6,52.22,1076.76,360.91,52.91,329.6,1271.37,1974.04,1458.34,1814.72,1422.69,666.25,1284.04,905.53
334,2.649,2.648,2.647,2.646,2.645,2.644,2.643,2.642,2.641,2.64,2.65,2.651,2.652,2.653,2.654,2.655,2.656,2.657,2.658,2.659,232.65,97.96,347.52,1081.25,500.51,1218.58,698.85,1332.31,139.66,1076.76,135.75,1279.84,1253.25,2212.83,1814.72,1422.69,1699.77,250.52,905.53,410.56
335,2.649,2.648,2.647,2.646,2.645,2.644,2.643,2.642,2.641,2.64,2.65,2.651,2.652,2.653,2.654,2.655,2.656,2.657,2.658,2.659,42.75,55.53,397.17,926,528.12,1220.81,706.3,657.66,814.47,1142.47,122.44,597.31,1308.44,1833.69,1895.5,959.68,2185.42,250.52,902.78,413.31
336,2.648,2.647,2.646,2.645,2.644,2.643,2.642,2.641,2.64,2.639,2.649,2.65,2.651,2.652,2.653,2.654,2.655,2.656,2.657,2.658,279.18,370.67,969.96,686.17,1220.81,706.3,657.66,814.47,1134.6,295.15,70.22,158.55,699.68,1884.48,1869.52,2259.01,602.43,1799.55,250.52,902.78
337,2.648,2.647,2.646,2.645,2.644,2.643,2.642,2.641,2.64,2.639,2.649,2.65,2.651,2.652,2.653,2.654,2.655,2.656,2.657,2.658,118.89,97.43,758.39,761.79,1467.22,311.43,657.66,1224.68,1142.47,52.22,112.97,238.18,823.47,1957.29,1303.99,3000.03,654.59,1375.85,250.52,902.78
338,2.648,2.647,2.646,2.645,2.644,2.643,2.642,2.641,2.64,2.639,2.649,2.65,2.651,2.652,2.653,2.654,2.655,2.656,2.657,2.658,3.78,97.43,656.71,555.79,1573.57,402.05,657.66,52.22,1229.94,52.22,553.67,1040.29,978.39,2510.74,926.5,4052.02,685.16,614.03,250.52,902.78
339,2.645,2.644,2.643,2.642,2.641,2.64,2.639,2.638,2.637,2.636,2.646,2.647,2.648,2.649,2.65,2.651,2.652,2.653,2.654,2.655,307.64,468.02,337.32,1399.78,797.87,898.53,485.71,1587.17,241.54,468.79,115.01,340.13,1064.41,2297.04,1992.61,562.44,1857.32,292.68,3137.24,475.1
340,2.643,2.642,2.641,2.64,2.639,2.638,2.637,2.636,2.635,2.634,2.644,2.645,2.646,2.647,2.648,2.649,2.65,2.651,2.652,2.653,334.95,50.34,298.42,1068.11,1161.51,1130,1042.57,468.79,248.64,472,79.69,606.34,663.55,908.58,1692.14,1764.62,1869.16,1258.2,943.68,504.28
341,2.644,2.643,2.642,2.641,2.64,2.639,2.638,2.637,2.636,2.635,2.645,2.646,2.647,2.648,2.649,2.65,2.651,2.652,2.653,2.654,42.75,256.5,222.97,497.47,1142.47,1142.47,686.49,1042.35,556.34,248.64,563.59,803.69,908.58,1692.14,1673.14,1869.16,1258.2,943.68,504.28,923.82
342,2.644,2.643,2.642,2.641,2.64,2.639,2.638,2.637,2.636,2.635,2.645,2.646,2.647,2.648,2.649,2.65,2.651,2.652,2.653,2.654,256.5,238.75,829.61,679.15,780.32,1478.67,851.24,902.42,556.34,248.64,122.44,303.24,652.68,1791.75,1485.47,1753.12,1013.36,2717.78,863.13,923.82
343,2.644,2.643,2.642,2.641,2.64,2.639,2.638,2.637,2.636,2.635,2.645,2.646,2.647,2.648,2.649,2.65,2.651,2.652,2.653,2.654,256.5,238.75,829.61,679.15,780.32,1478.67,851.24,989.95,468.79,248.64,9.47,869.09,1012.15,1980.95,2548.15,1105.38,651.76,2356.16,501.53,923.82
344,2.647,2.646,2.645,2.644,2.643,2.642,2.641,2.64,2.639,2.638,2.648,2.649,2.65,2.651,2.652,2.653,2.654,2.655,2.656,2.657,42.75,1036.08,241.55,923.94,782.68,466.45,644.32,1145.45,866.39,661.7,9.46,516.15,467.54,1867.42,1702.62,1201.45,1362.64,1384.5,700.93,494.36
345,2.648,2.647,2.646,2.645,2.644,2.643,2.642,2.641,2.64,2.639,2.65,2.651,2.652,2.653,2.654,2.655,2.656,2.657,2.658,2.659,46.53,518.49,669.8,352.65,582.36,671.55,466.45,644.32,476.75,953.88,52.22,880.79,1366.56,2612.53,1675.09,880.6,666.1,1527.49,570.16,413.31
346,2.648,2.647,2.646,2.645,2.644,2.643,2.642,2.641,2.64,2.639,2.65,2.651,2.652,2.653,2.654,2.655,2.656,2.657,2.658,2.659,46.53,238.23,648.92,573.12,468.02,671.55,466.45,328.99,476.75,866.39,616.72,2277.93,1498.61,1452.93,1319.29,1327.08,614.03,1527.49,483.29,413.31
347,2.651,2.65,2.649,2.648,2.647,2.646,2.645,2.644,2.643,2.642,2.652,2.653,2.654,2.655,2.656,2.657,2.658,2.659,2.66,2.661,25.47,355.37,276.26,900.55,762.19,1065.09,701.05,1140.6,674.39,466.45,869.33,1251.75,1742.12,1817.13,977.8,1401.36,1568.44,633.26,644.96,261.22
348,2.651,2.65,2.649,2.648,2.647,2.646,2.645,2.644,2.643,2.642,2.652,2.653,2.654,2.655,2.656,2.657,2.658,2.659,2.66,2.661,49.82,209.34,594.9,1031.5,709.61,1065.09,561.35,468.02,674.39,553.88,405.52,1195.99,1288.07,1814.13,1080.17,1555.6,2337.8,546.41,644.96,505.06
349,2.651,2.65,2.649,2.648,2.647,2.646,2.645,2.644,2.643,2.642,2.652,2.653,2.654,2.655,2.656,2.657,2.658,2.659,2.66,2.661,409.32,204.11,741.59,863.63,621.19,1065.09,561.35,1135.45,674.39,553.88,232.87,513.82,1074.42,2303.71,1809.06,1555.6,1305.06,546.41,642.21,505.06
350,2.651,2.65,2.649,2.648,2.647,2.646,2.645,2.644,2.643,2.642,2.652,2.653,2.654,2.655,2.656,2.657,2.658,2.659,2.66,2.661,298.92,204.11,741.59,1115.62,621.19,1065.09,561.35,468.02,674.39,553.88,232.87,477.79,1503.49,2548.86,1301.56,1546.48,1305.06,936.48,642.21,505.06
351,2.65,2.649,2.648,2.647,2.646,2.645,2.644,2.643,2.642,2.641,2.651,2.652,2.653,2.654,2.655,2.656,2.657,2.658,2.659,2.66,256.5,296.65,848.28,844.72,1065.09,701.05,468.02,674.39,553.88,249.42,1013.86,375.54,835.73,1785.52,2530.51,1286.38,1916.58,492.03,1562.24,644.96
352,2.654,2.653,2.652,2.651,2.65,2.649,2.648,2.647,2.646,2.645,2.655,2.656,2.657,2.658,2.659,2.66,2.661,2.662,2.663,2.664,50.33,606.29,1111.63,1355.95,1976.8,1135.21,2593.76,360.15,467.53,561.35,79.67,358.88,1249.55,2055.41,1492.19,1962.23,924.12,1184.75,485.32,358.84
353,2.658,2.657,2.656,2.655,2.654,2.653,2.652,2.651,2.65,2.649,2.659,2.66,2.661,2.662,2.663,2.664,2.665,2.666,2.667,2.668,65.49,621.48,737.68,1054.56,1954.32,1349.91,2583.25,642.79,1179.22,241.52,182.39,1035.26,994.59,2940.63,1263.23,705.94,753.3,1705.85,203.16,219.85
354,2.657,2.656,2.655,2.654,2.653,2.652,2.651,2.65,2.649,2.648,2.658,2.659,2.66,2.661,2.662,2.663,2.664,2.665,2.666,2.667,49.35,192.23,476.31,885.29,936,2379.31,642.79,1199.13,993.5,919.18,42.75,893.51,2517,785.18,2038.17,854.42,309.99,668.15,1841.7,205.91
355,2.656,2.655,2.654,2.653,2.652,2.651,2.65,2.649,2.648,2.647,2.657,2.658,2.659,2.66,2.661,2.662,2.663,2.664,2.665,2.666,435.05,285.23,624.3,843.28,1914.65,1152.87,2439.29,1351.81,831.89,360.15,863.32,1289.36,1233.59,2665.61,642.25,1098.65,907.28,257.13,668.15,1841.7
356,2.656,2.655,2.654,2.653,2.652,2.651,2.65,2.649,2.648,2.647,2.657,2.658,2.659,2.66,2.661,2.662,2.663,2.664,2.665,2.666,108.57,285.23,822.64,1374.46,2535.59,1808.28,2162.89,609.45,831.89,447.45,70.22,294.77,1231.34,2510.04,940.75,1069.47,1963.4,1340.4,668.15,811.68
357,2.656,2.655,2.654,2.653,2.652,2.651,2.65,2.649,2.648,2.647,2.657,2.658,2.659,2.66,2.661,2.662,2.663,2.664,2.665,2.666,296.1,463.16,1880.48,1556.46,2565.67,452.81,1866.09,598.41,831.89,447.45,72.47,412.98,1140.61,1591.02,1240.44,1892.86,1925.09,1340.4,668.15,811.68
358,2.656,2.655,2.654,2.653,2.652,2.651,2.65,2.649,2.648,2.647,2.657,2.658,2.659,2.66,2.661,2.662,2.663,2.664,2.665,2.666,72.11,463.16,1880.48,1556.46,2672.29,680.61,2090.16,598.41,831.89,447.45,115.22,914.05,1470.28,2528.72,1633.91,904.43,1568.2,1697.29,668.15,811.68
359,2.656,2.655,2.654,2.653,2.652,2.651,2.65,2.649,2.648,2.647,2.657,2.658,2.659,2.66,2.661,2.662,2.663,2.664,2.665,2.666,201.93,276.12,812.86,1746.15,3137.52,817.17,1405.05,2011.75,831.89,447.45,148.67,827.05,1329.37,2673.24,1194.63,904.43,1932.74,1697.29,668.15,811.68
360,2.656,2.655,2.654,2.653,2.652,2.651,2.65,2.649,2.648,2.647,2.657,2.658,2.659,2.66,2.661,2.662,2.663,2.664,2.665,2.666,69.28,371.04,1203.39,1386.75,3536.95,955.02,691.27,2011.56,653.06,360.15,148.67,862.3,1665.43,2124.83,2082.44,938.07,2219.87,1091.3,668.15,811.68
361,2.656,2.655,2.654,2.653,2.652,2.651,2.65,2.649,2.648,2.647,2.657,2.658,2.659,2.66,2.661,2.662,2.663,2.664,2.665,2.666,69.28,475.48,2111.39,1626.39,2769.05,1348.85,691.27,1345.85,653.06,286.87,105.92,448.23,1208.51,1339.93,2213.71,1083.77,1218.96,2598.74,668.15,811.68
362,2.656,2.655,2.654,2.653,2.652,2.651,2.65,2.649,2.648,2.647,2.657,2.658,2.659,2.66,2.661,2.662,2.663,2.664,2.665,2.666,279.12,579.71,2086.63,1349.5,1976.88,1436.84,1741.17,1323.32,653.06,286.87,105.92,77.16,705.22,1475.17,2213.71,1442.94,854.42,2573.91,668.15,811.68
363,2.657,2.656,2.655,2.654,2.653,2.652,2.651,2.65,2.649,2.648,2.658,2.659,2.66,2.661,2.662,2.663,2.664,2.665,2.666,2.667,65.51,336.03,974.91,1912.24,2721.5,1739.41,1366.03,691.27,241.52,653.06,73.99,477.92,1044.96,922.36,2144.65,1284.42,2257.19,1698.37,811.68,203.16
364,2.656,2.655,2.654,2.653,2.652,2.651,2.65,2.649,2.648,2.647,2.657,2.658,2.659,2.66,2.661,2.662,2.663,2.664,2.665,2.666,6.6,364.66,1404.19,1550.05,1437.37,1382.58,2010.95,955.11,1009.92,374.17,51.73,808.24,1231.11,2641.24,989.9,1699.42,854.42,396.74,1698.37,1350.34
365,2.656,2.655,2.654,2.653,2.652,2.651,2.65,2.649,2.648,2.647,2.657,2.658,2.659,2.66,2.661,2.662,2.663,2.664,2.665,2.666,42.75,300.89,850.67,1965.69,1213.06,2277.69,1478,1640.21,1009.92,374.17,121.95,323.95,1196.8,2904.26,1376.16,626.59,2041.61,343.88,1698.37,811.68
366,2.654,2.653,2.652,2.651,2.65,2.649,2.648,2.647,2.646,2.645,2.655,2.656,2.657,2.658,2.659,2.66,2.661,2.662,2.663,2.664,46.52,281.92,1415.36,2204.58,1629.56,1934.36,2270.24,560.71,485.13,241.55,121.95,214.41,833.19,1804.39,1929.12,2349.02,931.04,322.47,2727.86,257.13
367,2.655,2.654,2.653,2.652,2.651,2.65,2.649,2.648,2.647,2.646,2.656,2.657,2.658,2.659,2.66,2.661,2.662,2.663,2.664,2.665,42.75,1476.63,1518.74,2258.86,1558.48,1372.5,665.96,1867.29,473.41,485.13,120.51,434.74,841.36,1136.98,1306.15,1316.43,1349.3,1979.3,614.42,670.9
368,2.655,2.654,2.653,2.652,2.651,2.65,2.649,2.648,2.647,2.646,2.656,2.657,2.658,2.659,2.66,2.661,2.662,2.663,2.664,2.665,42.75,972.69,1375.06,1427.45,1442.52,1885.38,1746.7,1199.19,473.41,572.46,131.71,434.74,841.36,1577.89,1306.15,1316.43,1262.5,1708.78,257.13,670.9
369,2.655,2.654,2.653,2.652,2.651,2.65,2.649,2.648,2.647,2.646,2.656,2.657,2.658,2.659,2.66,2.661,2.662,2.663,2.664,2.665,42.75,603.21,771.66,1011.39,807.59,1706.07,1348.25,467.38,473.41,572.46,131.71,434.69,1008.74,1511.42,1306.15,1632.84,1315.12,1656.05,257.13,670.9
370,2.655,2.654,2.653,2.652,2.651,2.65,2.649,2.648,2.647,2.646,2.656,2.657,2.658,2.659,2.66,2.661,2.662,2.663,2.664,2.665,78.79,567.17,902.45,993.26,807.59,1706.07,1348.25,467.38,473.41,572.46,57.72,422.93,1012.57,1991.94,2051.82,1348.43,808.52,1925.87,1287.93,670.9
371,2.655,2.654,2.653,2.652,2.651,2.65,2.649,2.648,2.647,2.646,2.656,2.657,2.658,2.659,2.66,2.661,2.662,2.663,2.664,2.665,78.79,745.14,780.05,851.05,815.56,897.2,665.96,467.38,473.41,572.46,14.97,520.39,842.63,803.33,1771.17,1285.4,1179.63,1568.88,1287.93,670.9
372,2.655,2.654,2.653,2.652,2.651,2.65,2.649,2.648,2.647,2.646,2.656,2.657,2.658,2.659,2.66,2.661,2.662,2.663,2.664,2.665,78.79,834.84,1241.97,2248.86,2076.23,1578.83,1386.62,467.38,473.41,572.46,14.97,483.75,842.63,1378.92,2112.09,1466.27,1092.83,1298.42,1287.93,670.9
373,2.653,2.652,2.651,2.65,2.649,2.648,2.647,2.646,2.645,2.644,2.654,2.655,2.656,2.657,2.658,2.659,2.66,2.661,2.662,2.663,42.75,195.43,679.6,1310.29,1128.5,2175.01,2174.5,961.51,819.62,468.02,55.96,729.65,1895.25,1337.14,2028.25,1202.44,1096.33,597.12,89.9,960.8
