timestamp,bid_price_0,bid_price_1,bid_price_2,bid_price_3,bid_price_4,bid_price_5,bid_price_6,bid_price_7,bid_price_8,bid_price_9,ask_price_0,ask_price_1,ask_price_2,ask_price_3,ask_price_4,ask_price_5,ask_price_6,ask_price_7,ask_price_8,ask_price_9,bid_size_0,bid_size_1,bid_size_2,bid_size_3,bid_size_4,bid_size_5,bid_size_6,bid_size_7,bid_size_8,bid_size_9,ask_size_0,ask_size_1,ask_size_2,ask_size_3,ask_size_4,ask_size_5,ask_size_6,ask_size_7,ask_size_8,ask_size_9
0,580.5,580.48,580.47,580.46,580.45,580.44,580.43,580.42,580.41,580.4,580.51,580.52,580.53,580.54,580.55,580.56,580.57,580.58,580.59,580.6,10.269,0.009,0.018,6.686,9.856,9.257,4.375,1.662,1.649,1.631,14.721,1.65,1.649,0.027,5.187,0.057,0.018,1.571,0.027,6.37
1,580.16,580.15,580.14,580.13,580.12,580.11,580.1,580.09,580.08,580.07,580.17,580.18,580.19,580.2,580.21,580.22,580.23,580.24,580.25,580.26,15.873,4.725,9.27,2.76,0.05,1.827,9.014,0.027,3.775,5.191,12.723,1.818,1.809,0.018,0.018,0.01,5.555,1.11,0.031,5.991
2,579.61,579.6,579.59,579.58,579.57,579.56,579.55,579.54,579.53,579.52,579.62,579.63,579.64,579.65,579.66,579.67,579.68,579.69,579.7,579.71,19.845,1.332,4.865,0.933,10.216,4.974,11.012,21.298,15.904,37.25,13.092,1.642,1.643,0.022,2.792,4.025,5.195,0.009,0.028,1.342
3,579.44,579.43,579.42,579.41,579.4,579.39,579.38,579.37,579.36,579.35,579.45,579.46,579.47,579.48,579.49,579.5,579.51,579.52,579.53,579.54,9.775,12.221,0.018,2.102,4.996,4.603,4.402,6.615,8.892,3.579,18.95,5.345,1.565,1.699,1.977,2.186,3.956,4.314,0.022,7.206
4,579.51,579.5,579.49,579.48,579.47,579.46,579.45,579.44,579.42,579.41,579.52,579.53,579.54,579.55,579.56,579.57,579.58,579.59,579.6,579.61,8.323,1.629,4.061,1.658,9.672,1.657,4.026,4.01,12.272,6.775,14.052,3.896,4.288,5.204,0.028,3.975,3.639,2.031,8.904,8.715
5,579.86,579.85,579.84,579.82,579.81,579.8,579.79,579.78,579.77,579.76,579.87,579.88,579.89,579.9,579.91,579.92,579.93,579.94,579.95,579.96,4.524,1.796,1.814,0.028,2.707,7.135,1.823,6.242,2.756,11.069,13.412,3.915,5.205,2.163,5.373,4.179,9.386,10.93,3.711,0.057
6,580.25,580.23,580.22,580.2,580.19,580.18,580.17,580.16,580.15,580.14,580.26,580.27,580.28,580.29,580.3,580.31,580.32,580.33,580.34,580.35,20.699,1.621,1.639,7.155,12.292,9.216,5.445,4.558,5.059,0.039,8.785,1.63,1.612,0.036,1.759,1.859,3.901,5.179,5.259,5.261
7,580.04,580.03,580.02,580.01,580,579.99,579.98,579.97,579.96,579.95,580.05,580.06,580.07,580.08,580.09,580.1,580.11,580.12,580.13,580.14,12.359,7.184,0.027,1.885,0.019,4.459,5.819,5.831,1.75,1.523,17.037,4.589,7.071,1.924,1.894,0.01,7.219,10.524,5.638,8.619
8,579.89,579.88,579.87,579.86,579.85,579.84,579.83,579.82,579.81,579.8,579.9,579.91,579.92,579.93,579.94,579.95,579.96,579.97,579.98,579.99,53.831,14.762,13.246,8.678,8.184,7.844,1.552,0.032,0.029,3.23,0.056,0.028,0.029,0.037,0.047,0.01,0.038,0.01,0.047,0.009
9,579.98,579.97,579.96,579.95,579.94,579.93,579.92,579.91,579.9,579.89,579.99,580,580.01,580.02,580.03,580.04,580.05,580.06,580.07,580.08,10.588,2.088,2.097,2.088,6.875,7.374,2.098,8.229,8.256,4.218,14.449,9.606,2.101,0.049,2.511,6.513,1.579,5.902,18.35,5.227
10,580.04,580.03,580.02,580.01,580,579.99,579.98,579.97,579.96,579.95,580.05,580.06,580.07,580.08,580.09,580.1,580.11,580.12,580.13,580.14,18.245,2.255,2.013,124.232,589.536,3.813,0.038,0.009,3.794,2.602,8.76,5.325,0.019,0.972,6.332,7.167,4.679,1.985,4.783,9.39
11,579.95,579.94,579.93,579.92,579.91,579.9,579.89,579.88,579.87,579.86,579.96,579.97,579.98,579.99,580,580.01,580.02,580.03,580.05,580.06,8.043,0.01,0.019,1.975,2.734,0.03,0.952,0.041,0.03,7.036,18.311,5.324,0.019,3.484,3.901,6.509,5.057,2.361,2.96,4.68
12,580,579.99,579.98,579.97,579.96,579.95,579.94,579.93,579.92,579.91,580.01,580.02,580.03,580.04,580.05,580.06,580.07,580.08,580.09,580.1,22.407,2.325,5.603,5.762,5.549,0.028,0.032,2.5,6.52,0.018,10.7,2.901,6.754,4.708,9.471,1.878,7.424,1.385,10.426,0.01
13,580.09,580.08,580.07,580.06,580.05,580.04,580.03,580.02,580.01,580,580.1,580.11,580.12,580.13,580.14,580.15,580.16,580.17,580.18,580.19,5.619,1.98,1.97,2.334,5.146,3.977,6.837,0.056,0.009,0.058,32.86,0.028,6.124,6.933,0.039,7.452,19.159,0.96,5.433,15.825
14,579.84,579.83,579.82,579.81,579.8,579.79,579.78,579.77,579.76,579.75,579.85,579.86,579.87,579.88,579.89,579.9,579.91,579.92,579.93,579.94,0.092,1.847,0.051,0.037,0.538,0.037,0.063,0.037,4.086,0.009,45.64,19.297,9.153,0.942,5.183,3.933,7.1,2.538,0.029,0.018
15,579.04,579.03,579.02,579.01,579,578.99,578.98,578.97,578.96,578.95,579.05,579.06,579.07,579.08,579.09,579.1,579.11,579.12,579.13,579.14,8.154,0.029,2.266,0.019,47.764,1.84,0.028,0.037,0.028,22.854,48.634,13.964,8.679,23.726,0.018,2.159,3.468,2.152,11.006,1.552
16,578.73,578.72,578.71,578.7,578.69,578.68,578.67,578.66,578.65,578.64,578.74,578.75,578.76,578.77,578.78,578.79,578.8,578.81,578.82,578.83,1.818,0.028,0.019,0.047,0.037,0.01,3.929,0.01,0.037,0.03,45.954,3.476,2.365,0.009,0.942,11.893,2.336,3.309,29.668,20.692
17,578.34,578.33,578.32,578.31,578.3,578.29,578.28,578.27,578.26,578.25,578.35,578.36,578.37,578.38,578.39,578.4,578.41,578.42,578.43,578.44,0.071,2.097,6.894,0.029,0.046,0.019,0.047,0.01,0.054,0.02,43.697,18.178,14.12,6.915,0.009,11.708,9.421,5.588,5.02,6.414
18,578.78,578.77,578.76,578.75,578.74,578.73,578.72,578.71,578.7,578.69,578.79,578.8,578.81,578.82,578.83,578.84,578.85,578.86,578.87,578.88,16.436,4.803,1.835,0.028,1.835,7.058,4.32,11.316,17.928,24.416,11.275,1.836,1.839,0.049,0.019,2.047,2.037,5.212,2.603,3.554
19,578.76,578.75,578.74,578.73,578.72,578.71,578.7,578.69,578.68,578.67,578.77,578.78,578.79,578.8,578.81,578.82,578.84,578.85,578.86,578.87,0.053,0.019,0.042,0.019,0.038,0.01,5.947,0.028,2.769,0.027,33.809,3.659,1.906,2.839,18.904,2.841,2.198,2.841,2.705,1.91
20,578.7,578.69,578.68,578.67,578.66,578.65,578.64,578.63,578.62,578.61,578.71,578.72,578.73,578.74,578.75,578.76,578.77,578.78,578.79,578.8,11.691,1.698,1.715,2.198,1.699,1.689,0.038,12.933,22.641,9.533,26.4,15.723,6.865,6.252,0.032,0.058,0.07,0.028,3.955,0.028
21,579.53,579.52,579.51,579.5,579.49,579.48,579.47,579.46,579.45,579.44,579.54,579.55,579.56,579.57,579.58,579.59,579.6,579.61,579.62,579.63,28.534,13.038,30.457,2.667,1.753,9.687,9.704,5.318,2.734,2.686,0.083,0.019,0.056,0.019,0.178,2.01,0.038,0.019,5.204,0.009
22,579.61,579.6,579.59,579.58,579.57,579.56,579.55,579.54,579.53,579.52,579.62,579.63,579.64,579.65,579.66,579.67,579.68,579.69,579.7,579.71,36.074,4.44,4.686,6.213,7.112,3.772,6.93,6.381,1.744,21.687,5.231,0.028,0.042,0.059,0.04,7.204,0.029,0.028,0.02,2.586
23,579.31,579.3,579.29,579.28,579.27,579.26,579.25,579.24,579.22,579.21,579.32,579.33,579.34,579.35,579.36,579.37,579.38,579.39,579.4,579.41,12.744,1.676,3.488,2.977,0.028,4.262,5.806,6.884,2.149,7.033,21.718,2.609,20.544,4.309,1.706,0.018,0.019,0.038,5.598,2.393
24,580.08,580.07,580.06,580.05,580.04,580.02,580.01,580,579.99,579.98,580.09,580.1,580.11,580.12,580.13,580.14,580.15,580.16,580.17,580.18,15.929,1.764,7.566,0.019,1.764,1.767,3.763,2.691,3.335,2.678,14.352,1.87,1.755,0.019,0.028,0.058,1.58,7.748,0.018,0.009
25,579.96,579.95,579.94,579.93,579.92,579.91,579.9,579.89,579.88,579.87,579.97,579.98,579.99,580,580.01,580.02,580.03,580.04,580.05,580.06,55.603,0.019,0.019,6.601,5.39,2.135,12.237,5.285,4.838,5.517,6.258,3.596,1.577,2.888,0.05,0.049,3.116,7.165,6.144,4.895
26,580.11,580.1,580.09,580.08,580.07,580.06,580.05,580.04,580.03,580.02,580.12,580.13,580.14,580.15,580.16,580.17,580.18,580.19,580.2,580.21,9.88,1.68,1.67,0.029,1.837,5.742,4.353,9.305,0.018,0.039,23.35,7.601,1.663,1.652,10.185,3.883,12.972,0.013,2.701,4.859
27,580.42,580.41,580.4,580.39,580.38,580.37,580.36,580.35,580.34,580.33,580.43,580.44,580.45,580.46,580.47,580.48,580.49,580.5,580.51,580.52,2.595,1.598,1.51,1.832,1.52,1.537,7.337,6.58,3.538,8.661,13.233,6.671,1.492,3.823,2.018,7.827,0.013,2.05,0.009,6.613
28,580.9,580.89,580.88,580.87,580.86,580.85,580.84,580.83,580.82,580.81,580.91,580.92,580.93,580.94,580.95,580.96,580.97,580.98,580.99,581,46.497,11.489,6.777,7.76,5.756,5.676,1.535,5.311,0.009,1.458,12.443,1.498,6.674,20.274,2.037,0.02,1.593,5.193,0.027,48.259
29,580.89,580.88,580.87,580.86,580.85,580.84,580.83,580.82,580.81,580.8,580.9,580.91,580.92,580.93,580.94,580.95,580.96,580.97,580.98,580.99,14.731,12.817,1.512,2.005,3.581,3.599,12.753,2.523,1.562,2.981,6.611,0.019,1.494,0.028,0.029,0.01,1.599,5.187,2.057,0.018
30,581.12,581.11,581.1,581.09,581.08,581.07,581.06,581.05,581.04,581.03,581.13,581.14,581.15,581.16,581.17,581.18,581.2,581.21,581.22,581.23,1.641,0.028,1.429,5.263,3.414,6.832,1.438,5.535,19.744,3.236,12.392,1.5,3.48,5.19,1.816,0.037,19.074,4.08,2.052,9.362
31,581.8,581.79,581.78,581.77,581.76,581.75,581.74,581.73,581.72,581.71,581.81,581.82,581.83,581.84,581.85,581.86,581.87,581.88,581.89,581.9,0.087,0.019,0.019,0.019,0.019,0.952,0.037,1.346,4.622,1.336,21.774,6.514,1.345,3.961,1.813,0.027,6.706,0.059,2,0.018
32,582.26,582.25,582.24,582.23,582.22,582.21,582.2,582.19,582.18,582.17,582.27,582.28,582.29,582.3,582.31,582.32,582.33,582.34,582.35,582.36,1.477,1.352,1.334,1.334,19.46,1.361,1.343,0.037,3.156,2.316,11.412,1.873,5.294,0.089,0.036,2.037,1.603,0.039,1.866,3.809
33,582.06,582.05,582.04,582.03,582.02,582.01,582,581.99,581.98,581.97,582.07,582.08,582.09,582.1,582.11,582.12,582.13,582.14,582.15,582.16,0.109,0.037,0.047,0.037,0.038,0.028,0.038,0.046,0.042,0.027,40.912,10.901,3.298,1.342,1.317,3.456,6.776,5.163,2.448,0.018
34,582.17,582.16,582.15,582.14,582.13,582.12,582.11,582.1,582.09,582.08,582.18,582.19,582.2,582.21,582.22,582.23,582.24,582.25,582.26,582.27,7.327,1.553,2.504,5.092,0.028,8.764,12.315,12.679,14.038,22.928,11.21,0.019,5.191,2.071,2.995,2.303,4.484,2.018,5.181,3.874
35,582.51,582.5,582.49,582.48,582.47,582.46,582.45,582.44,582.43,582.42,582.52,582.53,582.54,582.55,582.56,582.57,582.58,582.59,582.6,582.61,21.377,1.481,0.01,1.472,0.123,2.479,8.21,3.921,6.613,17.681,16.402,1.492,1.675,1.354,2.076,0.064,7.743,3.351,60.11,5.461
36,582.46,582.45,582.44,582.43,582.42,582.41,582.4,582.39,582.38,582.37,582.47,582.48,582.49,582.5,582.51,582.52,582.53,582.54,582.55,582.56,3.587,1.33,1.34,0.028,0.047,3.748,2.169,2.308,0.038,0.039,31.993,2.159,0.019,1.335,0.009,7.349,9.648,7.618,7.123,11.084
37,582.42,582.41,582.4,582.39,582.38,582.37,582.36,582.35,582.34,582.33,582.43,582.44,582.45,582.46,582.47,582.48,582.49,582.5,582.51,582.52,25.979,13.274,17.188,16.857,6.289,6.417,26.279,5.741,10.534,6.598,5.389,1.484,6.616,2.038,5.899,2.287,0.028,17.429,5.169,0.97
38,582.85,582.84,582.82,582.81,582.8,582.79,582.78,582.77,582.76,582.75,582.86,582.87,582.88,582.89,582.9,582.91,582.92,582.93,582.94,582.95,72.786,1.315,1.684,2.926,1.702,17.44,6.869,3.696,5.635,17.773,0.15,0.032,0.038,0.065,0.059,0.185,0.062,0.306,5.241,0.091
39,582.7,582.69,582.68,582.67,582.66,582.65,582.64,582.63,582.62,582.61,582.71,582.72,582.73,582.74,582.75,582.76,582.77,582.78,582.79,582.8,0.054,0.028,0.029,0.019,0.02,40.046,0.042,0.028,6.413,4.025,38.018,14.611,19.86,0.018,2.986,8.629,5.134,3.926,0.018,0.009
40,582.56,582.55,582.54,582.53,582.52,582.51,582.5,582.49,582.48,582.47,582.57,582.58,582.59,582.6,582.61,582.62,582.63,582.64,582.65,582.66,7.314,1.527,1.537,0.051,0.069,6.918,1.612,3.951,22.98,3.325,18.144,6.686,1.527,0.028,2.843,8.879,6.418,7.158,5.699,10.075
41,582.56,582.55,582.54,582.53,582.52,582.51,582.5,582.49,582.48,582.47,582.57,582.58,582.59,582.6,582.61,582.62,582.63,582.64,582.65,582.66,14.055,5.392,1.555,0.033,0.06,10.811,1.602,7.169,18.288,17.939,13.557,1.389,1.38,2.322,7.352,1.479,2.711,2.312,4.259,1.576
42,582.59,582.58,582.57,582.56,582.55,582.54,582.53,582.52,582.51,582.5,582.6,582.61,582.62,582.63,582.64,582.65,582.66,582.67,582.68,582.69,19.336,0.803,12.155,0.01,5.008,3.373,1.399,5.972,3.474,0.046,13.311,1.385,7.577,4.852,4.177,3.398,9.04,2.579,5.327,2.403
43,582.59,582.58,582.57,582.56,582.55,582.54,582.53,582.52,582.51,582.5,582.6,582.61,582.62,582.63,582.64,582.65,582.66,582.67,582.68,582.69,0.073,0.284,0.019,0.02,1.075,1.406,3.498,4.19,2.842,2.423,20.013,1.353,3.385,3.891,6.976,5.18,1.432,6.621,3.479,3.63
44,582.43,582.42,582.41,582.4,582.39,582.38,582.37,582.36,582.35,582.34,582.44,582.45,582.46,582.47,582.48,582.49,582.5,582.51,582.52,582.53,12.99,1.579,6.682,2.895,5.595,4.929,4.936,6.226,15.285,18.751,17.641,3.932,1.616,5.179,1.028,4.641,3.608,5.195,0.046,0.022
45,582.38,582.37,582.36,582.35,582.34,582.33,582.32,582.3,582.29,582.28,582.39,582.4,582.41,582.42,582.43,582.44,582.45,582.46,582.47,582.48,13.97,1.61,7.17,0.028,16.756,3.636,3.832,7.141,9.007,0.931,7.223,1.616,9.279,1.602,6.133,0.029,16.07,12.44,1.321,8.583
46,582.51,582.5,582.49,582.48,582.47,582.46,582.45,582.44,582.43,582.42,582.52,582.53,582.54,582.55,582.56,582.57,582.58,582.59,582.6,582.61,2.913,0.038,1.532,1.515,0.046,0.023,2.904,10.286,19.576,7.796,33.491,9.588,17.387,10.979,3.523,1.497,6.582,6.488,9.714,1.561
47,582.44,582.43,582.42,582.41,582.4,582.39,582.38,582.37,582.36,582.35,582.45,582.46,582.47,582.48,582.49,582.5,582.51,582.52,582.53,582.54,15.006,1.514,0.049,0.019,0.089,1.343,4.381,6.11,15.499,5.022,24.501,1.514,4.251,1.525,6.656,0.047,0.019,0.047,2.899,3.993
48,581.91,581.9,581.89,581.88,581.87,581.86,581.85,581.84,581.83,581.82,581.92,581.93,581.94,581.95,581.96,581.97,581.98,581.99,582,582.01,5.632,0.028,1.446,0.058,1.895,1.361,4.856,0.037,0.019,16.487,25.359,0.019,0.028,0.019,0.037,2.36,14.394,25.901,11.606,6.029
49,581.7,581.69,581.68,581.67,581.66,581.65,581.64,581.62,581.61,581.6,581.71,581.72,581.73,581.74,581.75,581.76,581.77,581.78,581.79,581.8,24.756,1.499,4.948,1.338,0.047,0.028,0.021,2.059,1.57,1.87,7.469,5.677,1.499,0.028,1.508,0.019,0.961,6.268,3.704,3.976
50,581.96,581.95,581.94,581.93,581.92,581.91,581.9,581.89,581.88,581.87,581.97,581.98,581.99,582,582.01,582.02,582.03,582.04,582.05,582.06,13.718,1.591,2.467,2.573,5.511,4.554,8.27,0.027,3.538,23.1,4.983,1.943,6.978,0.719,5.261,4.687,4.085,4.077,8.858,7.872
