timestamp,bid_price_0,bid_price_1,bid_price_2,bid_price_3,bid_price_4,bid_price_5,bid_price_6,bid_price_7,bid_price_8,bid_price_9,ask_price_0,ask_price_1,ask_price_2,ask_price_3,ask_price_4,ask_price_5,ask_price_6,ask_price_7,ask_price_8,ask_price_9,bid_size_0,bid_size_1,bid_size_2,bid_size_3,bid_size_4,bid_size_5,bid_size_6,bid_size_7,bid_size_8,bid_size_9,ask_size_0,ask_size_1,ask_size_2,ask_size_3,ask_size_4,ask_size_5,ask_size_6,ask_size_7,ask_size_8,ask_size_9
0,579.97,579.96,579.95,579.94,579.93,579.92,579.91,579.9,579.89,579.88,579.98,579.99,580,580.01,580.02,580.03,580.04,580.05,580.06,580.07,1.94,1.904,2.072,0.041,0.027,1.607,2.813,3.985,5.81,1.341,47.406,0.018,19.772,8.632,6.336,13.279,9.319,5.201,3.213,5.356
1,579.89,579.88,579.87,579.86,579.85,579.84,579.83,579.82,579.81,579.8,579.9,579.91,579.92,579.93,579.94,579.95,579.96,579.97,579.98,579.99,53.831,14.762,13.246,8.678,8.184,7.844,1.552,0.032,0.029,3.23,0.056,0.028,0.029,0.037,0.047,0.01,0.038,0.01,0.047,0.009
2,579.98,579.97,579.96,579.95,579.94,579.93,579.92,579.91,579.9,579.89,579.99,580,580.01,580.02,580.03,580.04,580.05,580.06,580.07,580.08,10.588,2.088,2.097,2.088,6.875,7.374,2.098,8.229,8.256,4.218,14.449,9.606,2.101,0.049,2.511,6.513,1.579,5.902,18.35,5.227
3,580.04,580.03,580.02,580.01,580,579.99,579.98,579.97,579.96,579.95,580.05,580.06,580.07,580.08,580.09,580.1,580.11,580.12,580.13,580.14,8.383,2.255,2.013,1.985,589.536,0.365,0.038,0.019,7.252,2.602,11.406,3.325,0.019,5.746,6.332,7.167,8.423,1.985,4.783,11.759
4,579.95,579.94,579.93,579.92,579.91,579.9,579.89,579.88,579.87,579.86,579.96,579.97,579.98,579.99,580,580.01,580.02,580.03,580.05,580.06,8.043,0.01,0.019,1.975,2.734,0.03,0.952,0.041,0.03,7.036,18.311,5.324,0.019,3.484,3.901,6.509,5.057,2.361,2.96,4.68
5,580,579.99,579.98,579.97,579.96,579.95,579.94,579.93,579.92,579.91,580.01,580.02,580.03,580.04,580.05,580.06,580.07,580.08,580.09,580.1,22.407,2.325,5.603,5.762,5.549,0.028,0.032,2.5,6.52,0.018,10.7,2.901,6.754,4.708,9.471,1.878,7.424,1.385,10.426,0.01
6,580.09,580.08,580.07,580.06,580.05,580.04,580.03,580.02,580.01,580,580.1,580.11,580.12,580.13,580.14,580.15,580.16,580.17,580.18,580.19,5.619,1.98,1.97,2.334,5.146,3.977,6.837,0.056,0.009,0.058,32.86,0.028,6.124,6.933,0.039,7.452,19.159,0.96,5.433,15.825
7,579.86,579.85,579.84,579.83,579.82,579.81,579.8,579.79,579.78,579.77,579.87,579.88,579.89,579.9,579.91,579.92,579.93,579.94,579.95,579.96,4.191,0.019,0.047,1.838,0.051,0.028,2.081,0.037,0.053,1.764,29.697,0.943,13.702,8.334,10.923,0.027,0.027,0.018,3.894,0.068
8,579.04,579.03,579.02,579.01,579,578.99,578.98,578.97,578.96,578.95,579.05,579.06,579.07,579.08,579.09,579.1,579.11,579.12,579.13,579.14,8.154,0.029,2.266,0.019,47.764,1.84,0.028,0.037,0.028,22.854,48.634,13.964,8.679,23.726,0.018,2.159,3.468,2.152,11.006,1.552
9,578.73,578.72,578.71,578.7,578.69,578.68,578.67,578.66,578.65,578.64,578.74,578.75,578.76,578.77,578.78,578.79,578.8,578.81,578.82,578.83,1.818,0.028,0.019,0.047,0.037,0.01,3.929,0.01,0.037,0.03,45.954,3.476,2.365,0.009,0.942,11.893,2.336,3.309,29.668,20.692
10,578.34,578.33,578.32,578.31,578.3,578.29,578.28,578.27,578.26,578.25,578.35,578.36,578.37,578.38,578.39,578.4,578.41,578.42,578.43,578.44,0.071,2.097,6.894,0.029,0.046,0.019,0.047,0.01,0.054,0.02,43.697,18.178,14.12,6.915,0.009,11.708,9.421,5.588,5.02,6.414
11,578.83,578.82,578.81,578.8,578.79,578.78,578.77,578.76,578.75,578.74,578.84,578.85,578.86,578.87,578.88,578.89,578.9,578.91,578.92,578.93,39.464,7.406,12.315,0.009,7.821,4.315,3.169,1.834,0.009,1.826,0.092,0.028,7.212,2.599,2.247,0.019,0.323,0.028,8.463,3.541
12,578.76,578.75,578.74,578.73,578.72,578.71,578.7,578.69,578.68,578.67,578.77,578.78,578.79,578.8,578.81,578.82,578.84,578.85,578.86,578.87,0.053,0.019,0.042,0.019,0.038,0.01,5.947,0.028,2.769,0.027,33.809,3.659,1.906,2.839,18.904,2.841,2.198,2.841,2.705,1.91
13,578.7,578.69,578.68,578.67,578.66,578.65,578.64,578.63,578.62,578.61,578.71,578.72,578.73,578.74,578.75,578.76,578.77,578.78,578.79,578.8,11.691,1.698,1.715,2.198,1.699,1.689,0.038,12.933,22.641,9.533,26.4,15.723,6.865,6.252,0.032,0.058,0.07,0.028,3.955,0.028
14,579.53,579.52,579.51,579.5,579.49,579.48,579.47,579.46,579.45,579.44,579.54,579.55,579.56,579.57,579.58,579.59,579.6,579.61,579.62,579.63,28.534,13.038,30.457,2.667,1.753,9.687,9.704,5.318,2.734,2.686,0.083,0.019,0.056,0.019,0.178,2.01,0.038,0.019,5.204,0.009
15,579.61,579.6,579.59,579.58,579.57,579.56,579.55,579.54,579.53,579.52,579.62,579.63,579.64,579.65,579.66,579.67,579.68,579.69,579.7,579.71,36.074,4.44,4.696,6.213,7.112,3.772,6.93,6.381,1.744,21.687,5.108,0.028,0.042,0.059,0.04,7.204,0.029,0.028,0.02,2.586
16,579.31,579.3,579.29,579.28,579.27,579.26,579.25,579.24,579.22,579.21,579.32,579.33,579.34,579.35,579.36,579.37,579.38,579.39,579.4,579.41,12.744,1.676,3.488,2.977,0.028,4.262,5.806,6.884,2.149,7.033,21.718,2.609,20.544,4.309,1.706,0.018,0.019,0.038,5.598,2.393
17,580.08,580.07,580.06,580.05,580.04,580.03,580.02,580.01,580,579.99,580.09,580.1,580.11,580.12,580.13,580.14,580.15,580.16,580.17,580.18,14.452,1.764,7.566,0.019,1.764,0.01,4.699,3.773,2.701,3.335,14.343,1.87,1.755,0.009,0.018,0.048,1.57,7.748,0.018,0.009
18,579.96,579.95,579.94,579.93,579.92,579.91,579.9,579.89,579.88,579.87,579.97,579.98,579.99,580,580.01,580.02,580.03,580.04,580.05,580.06,55.603,0.019,0.019,6.601,5.39,2.135,12.237,5.285,4.838,5.517,6.258,3.596,1.577,2.888,0.05,0.049,3.116,7.165,6.144,4.895
19,580.11,580.1,580.09,580.08,580.07,580.06,580.05,580.04,580.03,580.02,580.12,580.13,580.14,580.15,580.16,580.17,580.18,580.19,580.2,580.21,17.273,3.731,1.67,5.201,9.478,5.732,22.658,5.209,2.018,0.039,11.853,1.652,1.663,1.652,6.185,3.883,12.982,0.023,2.711,6.859
20,580.42,580.41,580.4,580.39,580.38,580.37,580.36,580.35,580.34,580.33,580.43,580.44,580.45,580.46,580.47,580.48,580.49,580.5,580.51,580.52,2.595,1.598,1.51,1.832,1.52,1.537,7.337,6.58,3.538,8.661,13.233,6.671,1.492,3.823,2.018,7.827,0.013,2.05,0.009,6.613
21,580.9,580.89,580.88,580.87,580.86,580.85,580.84,580.83,580.82,580.81,580.91,580.92,580.93,580.94,580.95,580.96,580.97,580.98,580.99,581,4.073,1.436,1.449,5.445,5.756,5.676,3.545,5.301,4.096,0.018,14.488,1.498,6.674,20.264,0.027,0.01,1.583,9.088,0.027,48.259
22,580.89,580.88,580.87,580.86,580.85,580.84,580.83,580.82,580.81,580.8,580.9,580.91,580.92,580.93,580.94,580.95,580.96,580.97,580.98,580.99,14.731,12.817,1.512,2.005,3.581,3.609,12.753,2.523,1.562,2.981,6.611,0.019,1.494,0.028,0.029,0.01,1.599,5.187,2.057,0.018
23,580.97,580.96,580.95,580.94,580.93,580.92,580.91,580.9,580.89,580.88,580.98,580.99,581,581.01,581.04,581.05,581.07,581.08,581.09,581.1,13.457,0.051,0.028,0.037,0.046,18.338,1.037,9.069,0.027,5.341,17.666,0.043,3.314,0.01,0.011,4.246,2.246,8.81,8.934,0.944
24,581.8,581.79,581.78,581.77,581.76,581.75,581.74,581.73,581.72,581.71,581.81,581.82,581.83,581.84,581.85,581.86,581.87,581.88,581.89,581.9,0.073,0.019,0.019,0.019,0.019,0.952,0.05,1.346,4.622,1.345,21.774,6.503,1.345,3.961,1.813,0.027,6.706,0.059,2,0.018
25,582.21,582.2,582.19,582.18,582.17,582.16,582.15,582.14,582.13,582.12,582.22,582.23,582.24,582.25,582.26,582.27,582.28,582.29,582.3,582.31,7.413,1.836,0.019,0.952,2.326,2.196,1.582,0.027,3.793,0.03,16.633,0.019,9.547,0.019,0.019,3.78,3.452,5.306,0.08,0.027
26,582.07,582.06,582.05,582.04,582.03,582.02,582.01,582,581.99,581.98,582.08,582.09,582.1,582.11,582.12,582.13,582.14,582.15,582.16,582.17,6.126,1.352,1.352,1.368,0.037,2.051,5.173,10.779,7.364,18.288,16.212,3.308,6.506,0.019,1.765,2.018,0.009,3.756,0.018,0.031
27,582.17,582.16,582.15,582.14,582.13,582.12,582.11,582.1,582.09,582.08,582.18,582.19,582.2,582.21,582.22,582.23,582.24,582.25,582.26,582.27,1.212,0.019,0.97,2.495,0.028,1.745,0.952,7.535,1.328,9.534,13.412,0.019,5.191,2.061,8.138,3.602,4.484,2.018,3.902,6.801
28,582.51,582.5,582.49,582.48,582.47,582.46,582.45,582.44,582.43,582.42,582.52,582.53,582.54,582.55,582.56,582.57,582.58,582.59,582.6,582.61,19.624,1.481,0.01,1.472,0.123,2.479,8.21,3.921,6.613,17.681,17.828,1.492,1.675,1.354,2.076,0.064,7.743,3.351,60.11,5.461
29,582.46,582.45,582.44,582.43,582.42,582.41,582.4,582.39,582.38,582.37,582.47,582.48,582.49,582.5,582.51,582.52,582.53,582.54,582.55,582.56,8.679,1.33,1.34,0.028,0.047,3.748,2.178,2.298,0.028,0.027,38.946,2.159,0.019,1.335,0.028,7.359,9.657,7.618,7.123,11.084
30,582.42,582.41,582.4,582.39,582.38,582.37,582.36,582.35,582.34,582.33,582.43,582.44,582.45,582.46,582.47,582.48,582.49,582.5,582.51,582.52,25.979,13.274,17.188,16.857,6.289,6.417,26.279,5.741,10.534,6.598,5.389,1.484,6.616,2.038,5.899,2.287,0.028,17.429,5.169,0.97
31,582.85,582.84,582.82,582.81,582.8,582.79,582.78,582.77,582.76,582.75,582.86,582.87,582.88,582.89,582.9,582.91,582.92,582.93,582.94,582.95,66.773,1.315,1.684,2.926,1.702,17.449,5.317,3.705,5.635,17.773,0.15,0.032,0.038,0.065,0.059,0.185,0.044,0.306,5.241,0.091
32,582.7,582.69,582.68,582.67,582.66,582.65,582.64,582.63,582.62,582.61,582.71,582.72,582.73,582.74,582.75,582.76,582.77,582.78,582.79,582.8,0.054,0.028,0.029,0.019,0.02,40.046,0.042,0.028,6.413,4.025,38.018,14.611,17.86,0.018,2.986,8.629,7.134,3.926,0.018,0.009
33,582.56,582.55,582.54,582.53,582.52,582.51,582.5,582.49,582.48,582.47,582.57,582.58,582.59,582.6,582.61,582.62,582.63,582.64,582.65,582.66,7.314,1.527,1.537,0.051,0.069,6.918,1.612,3.951,22.98,3.325,18.144,6.686,1.527,0.028,2.843,8.879,6.418,7.158,5.699,10.075
34,582.56,582.55,582.54,582.53,582.52,582.51,582.5,582.49,582.48,582.47,582.57,582.58,582.59,582.6,582.61,582.62,582.63,582.64,582.65,582.66,14.055,5.392,1.555,0.033,0.06,10.811,1.612,7.169,18.288,17.939,15.109,1.389,1.38,2.322,7.352,1.479,2.711,2.312,4.259,1.576
35,582.59,582.58,582.57,582.56,582.55,582.54,582.53,582.52,582.51,582.5,582.6,582.61,582.62,582.63,582.64,582.65,582.66,582.67,582.68,582.69,19.336,0.803,12.155,0.01,5.008,3.373,1.399,5.972,3.474,0.046,13.311,1.385,7.577,4.852,4.177,3.398,9.04,2.579,5.327,2.403
36,582.59,582.58,582.57,582.56,582.55,582.54,582.53,582.52,582.51,582.5,582.6,582.61,582.62,582.63,582.64,582.65,582.66,582.67,582.68,582.69,0.073,0.284,0.019,0.02,1.075,1.406,3.498,4.19,2.842,2.423,20.013,1.353,3.385,3.891,6.976,5.18,1.432,6.621,3.479,3.63
37,582.43,582.42,582.41,582.4,582.39,582.38,582.37,582.36,582.35,582.34,582.44,582.45,582.46,582.47,582.48,582.49,582.5,582.51,582.52,582.53,8.935,1.579,6.682,2.895,5.595,4.939,4.946,6.236,15.285,18.751,17.614,3.932,1.616,5.179,1.028,4.631,3.598,5.195,0.046,0.022
38,582.38,582.37,582.36,582.35,582.34,582.33,582.32,582.3,582.29,582.28,582.39,582.4,582.41,582.42,582.43,582.44,582.45,582.46,582.47,582.48,13.97,1.61,7.17,0.028,16.756,3.636,3.832,7.141,9.007,0.931,7.223,1.616,9.279,1.602,6.133,0.029,16.07,12.44,1.321,8.583
39,582.51,582.5,582.49,582.48,582.47,582.46,582.45,582.44,582.43,582.42,582.52,582.53,582.54,582.55,582.56,582.57,582.58,582.59,582.6,582.61,16.698,0.038,2.83,1.533,0.036,11.949,1.597,7.157,16.143,7.796,13.705,7.588,9.815,8.979,3.533,1.507,9.247,5.181,6.046,1.561
40,582.44,582.43,582.42,582.41,582.4,582.39,582.38,582.37,582.36,582.35,582.45,582.46,582.47,582.48,582.49,582.5,582.51,582.52,582.53,582.54,15.006,1.514,0.049,0.019,0.089,1.343,4.381,6.11,15.499,5.022,24.501,1.514,4.251,1.525,6.656,0.047,0.019,0.047,2.899,3.993
41,581.91,581.9,581.89,581.88,581.87,581.86,581.85,581.84,581.83,581.82,581.92,581.93,581.94,581.95,581.96,581.97,581.98,581.99,582,582.01,5.632,0.028,1.446,0.058,1.895,1.361,4.856,0.037,0.019,16.487,25.359,0.019,0.028,0.019,0.037,2.36,14.394,25.901,11.606,6.029
42,581.7,581.69,581.68,581.67,581.66,581.65,581.64,581.62,581.61,581.6,581.71,581.72,581.73,581.74,581.75,581.76,581.77,581.78,581.79,581.8,29.99,1.499,1.509,1.328,0.037,0.018,0.021,2.059,1.57,3.23,8.076,5.677,1.499,0.028,1.508,0.019,0.961,6.268,3.704,3.976
43,581.96,581.95,581.94,581.93,581.92,581.91,581.9,581.89,581.88,581.87,581.97,581.98,581.99,582,582.01,582.02,582.03,582.04,582.05,582.06,13.718,1.591,2.467,2.573,5.511,4.554,8.27,0.027,3.538,23.1,4.983,1.943,6.978,0.719,5.261,4.687,4.085,4.077,8.858,7.872
44,582,581.99,581.98,581.97,581.96,581.95,581.94,581.93,581.92,581.91,582.01,582.02,582.03,582.04,582.05,582.06,582.07,582.08,582.09,582.1,12.793,2.19,5.614,4.217,6.847,0.037,3.829,5.507,0.032,7.725,11.314,1.569,3.682,1.339,5.145,5.21,4.999,0.056,0.011,0.037
45,581.84,581.83,581.82,581.81,581.8,581.79,581.78,581.77,581.76,581.75,581.85,581.86,581.87,581.88,581.89,581.9,581.91,581.92,581.93,581.94,11.284,0.019,1.852,0.046,0.051,0.037,1.581,0.037,0.032,13.561,18.804,1.569,8.025,0.039,4.301,4.399,16.717,3.722,0.04,7.527
46,581.62,581.61,581.6,581.59,581.58,581.57,581.56,581.55,581.54,581.53,581.63,581.64,581.65,581.66,581.67,581.68,581.69,581.7,581.71,581.72,1.905,0.019,1.51,0.028,0.029,3.164,6.062,0.037,3.591,6.704,50.783,9.561,3.034,8.301,6.63,1.5,0.013,3.502,1.499,1.491
47,581.46,581.45,581.44,581.43,581.42,581.41,581.4,581.39,581.38,581.37,581.47,581.48,581.5,581.51,581.52,581.53,581.54,581.55,581.56,581.57,62.303,0.028,0.051,0.222,0.298,1.589,0.136,4.367,8.28,0.009,40.925,0.009,0.019,14.35,0.019,3.448,1.32,7.143,0.028,2.013
48,581.54,581.53,581.52,581.51,581.5,581.49,581.48,581.47,581.46,581.45,581.55,581.56,581.57,581.58,581.59,581.6,581.61,581.62,581.63,581.64,10.647,2.806,0.049,5.196,4.072,0.009,0.028,20.605,59.404,15.176,3.055,3.817,1.418,1.459,5.178,1.446,2.97,2.74,1.436,8.445
49,581,580.99,580.98,580.97,580.96,580.95,580.94,580.93,580.92,580.91,581.01,581.02,581.04,581.05,581.06,581.07,581.08,581.09,581.1,581.11,3.27,0.028,0.029,0.037,0.05,0.019,3.229,0.01,2.849,0.018,44.33,3.461,0.029,8.72,2.018,4,2.036,4.671,1.514,0.009
50,580.65,580.64,580.63,580.62,580.61,580.6,580.59,580.58,580.57,580.56,580.66,580.67,580.68,580.69,580.7,580.71,580.72,580.73,580.74,580.75,2.379,2.491,2.565,2.595,2.565,14.28,1.591,0.038,3.996,0.05,18.227,1.335,2.882,0.009,4.114,8.453,4.822,4.45,5.889,2.44
51,580.72,580.71,580.7,580.69,580.68,580.67,580.66,580.65,580.64,580.63,580.73,580.74,580.75,580.76,580.77,580.78,580.79,580.8,580.81,580.82,9.511,3.795,1.99,0.028,0.029,0.961,8.545,2.923,2.018,8.089,16.635,8.027,7.426,2.047,6.009,7.084,30.792,84.579,0.037,0.141
52,580.91,580.9,580.89,580.88,580.87,580.86,580.85,580.84,580.83,580.82,580.92,580.93,580.94,580.95,580.96,580.97,580.98,580.99,581,581.01,17.802,2.116,2.074,2.24,5.982,2.93,14.858,0.517,0.018,5.184,21.876,5.604,11.257,1.352,3.49,0.018,4.299,4.011,2.019,6.772
53,580.81,580.8,580.79,580.78,580.77,580.76,580.75,580.74,580.73,580.72,580.82,580.83,580.84,580.85,580.86,580.87,580.88,580.89,580.9,580.91,21.85,0.038,0.028,0.047,0.255,0.038,1.571,0.047,5.176,20.059,37.688,0.019,0.028,6.498,4.051,5.462,3.388,8.381,1.989,3.526
54,580.76,580.75,580.74,580.73,580.72,580.71,580.7,580.69,580.68,580.67,580.77,580.78,580.79,580.8,580.81,580.82,580.83,580.84,580.85,580.86,46.78,9.101,19.918,5.933,0.028,4.829,2.805,4.244,6.516,5.395,1.909,1.901,1.886,3.374,0.028,6.778,5.061,4.652,7.206,4.166
55,580.45,580.44,580.43,580.42,580.41,580.4,580.39,580.38,580.37,580.36,580.46,580.47,580.48,580.49,580.5,580.51,580.52,580.53,580.54,580.55,27.164,8.132,8.304,2.722,6.394,2.843,6.726,9.026,4.029,6.799,4.046,6.949,3.799,0.05,0.067,3.168,5.384,6.812,3.501,2.075
56,580.53,580.52,580.51,580.5,580.49,580.48,580.47,580.46,580.45,580.44,580.54,580.55,580.56,580.57,580.58,580.59,580.6,580.61,580.62,580.63,0.06,0.019,0.019,0.038,1.779,0.051,0.032,4.354,3.483,5.718,39.408,7.1,6.716,1.528,0.027,3.441,8.363,1.574,3.615,7.7
57,580.03,580.02,580.01,580,579.99,579.98,579.97,579.96,579.95,579.94,580.04,580.05,580.06,580.07,580.08,580.09,580.1,580.11,580.12,580.13,18.354,18.143,3.551,0.951,8.461,5.538,5.195,11.762,19.288,1.472,3.625,1.378,1.396,0.019,0.065,0.01,0.047,1.571,7.209,0.022
58,580.08,580.07,580.06,580.05,580.04,580.03,580.02,580.01,580,579.99,580.09,580.1,580.11,580.12,580.13,580.14,580.15,580.16,580.17,580.18,10.367,2.605,1.682,0.028,0.038,0.01,3.439,0.01,1.069,4.401,30.294,11.217,3.663,5.191,0.028,5.747,1.822,3.376,3.477,0.027
59,579.35,579.34,579.33,579.32,579.31,579.3,579.29,579.28,579.27,579.26,579.36,579.37,579.38,579.39,579.4,579.41,579.42,579.43,579.44,579.45,0.082,0.019,0.019,1.367,0.019,0.047,0.952,6.442,6.899,4.403,30.321,7.978,21.034,1.497,1.506,5.205,1.35,0.018,2.739,0.029
60,579.65,579.64,579.63,579.62,579.61,579.6,579.59,579.58,579.57,579.56,579.66,579.67,579.68,579.69,579.7,579.71,579.72,579.73,579.74,579.75,43.252,16.856,15.388,2.507,4.139,12.064,23.359,23.171,7.922,8.327,0.046,0.019,0.056,0.019,0.038,0.042,0.04,0.019,1.795,3.282
61,578.77,578.76,578.75,578.74,578.73,578.72,578.71,578.7,578.69,578.68,578.78,578.79,578.8,578.81,578.82,578.83,578.84,578.85,578.86,578.87,24.45,3.664,1.371,3.562,2.896,5.294,1.334,12.588,5.035,24.555,33.474,0.019,0.028,1.362,8.238,20.64,15.837,3.755,4.036,7.43
62,579.19,579.18,579.17,579.16,579.15,579.14,579.12,579.11,579.1,579.09,579.2,579.21,579.22,579.23,579.24,579.25,579.26,579.27,579.28,579.29,31.136,7.73,14.005,0.009,12.027,4.617,10.408,6.325,3.528,7.677,0.064,6.679,1.509,1.361,0.071,2.028,6.744,24.018,3.575,0.027
63,579,578.99,578.98,578.97,578.96,578.95,578.94,578.93,578.92,578.91,579.01,579.02,579.03,579.04,579.05,579.06,579.07,579.08,579.09,579.1,3.994,0.028,1.509,0.028,0.047,0.046,0.02,4.162,1.435,1.733,16.892,8.67,9.441,1.498,3.55,17.067,13.396,1.499,7.37,1.49
64,579.21,579.2,579.19,579.18,579.17,579.16,579.15,579.14,579.13,579.12,579.22,579.23,579.24,579.25,579.26,579.27,579.28,579.29,579.3,579.31,46.401,10.715,8.146,17.066,11.836,21.667,11.271,1.581,3.79,5.863,2.632,1.641,0.071,2.031,1.617,5.189,0.047,2.019,2.071,1.332
65,579.04,579.03,579.02,579.01,579,578.99,578.98,578.97,578.96,578.95,579.05,579.06,579.07,579.08,579.09,579.1,579.11,579.12,579.13,579.14,7.629,1.646,1.665,0.028,0.065,0.01,0.041,2.643,4.722,9.177,10.461,2.609,5.2,0.028,5.214,11.362,1.561,1.598,2.018,3.473
66,578.57,578.56,578.55,578.54,578.53,578.52,578.51,578.5,578.49,578.48,578.58,578.59,578.6,578.61,578.62,578.63,578.64,578.65,578.66,578.67,9.465,1.558,1.557,0.029,0.019,0.047,4.251,0.059,12.558,0.037,35.696,20.263,16.359,11.062,12.567,1.556,4.177,10.783,18.39,2.92
67,578.52,578.51,578.5,578.49,578.48,578.47,578.46,578.45,578.44,578.43,578.53,578.54,578.55,578.56,578.57,578.58,578.59,578.6,578.61,578.62,13.729,1.624,1.946,15.727,0.066,0.337,0.107,12.112,22.645,8.815,15.224,15.972,10.071,4.687,5.205,11.906,9.422,6.736,8.849,5.982
68,579.15,579.14,579.13,579.12,579.11,579.1,579.09,579.08,579.07,579.06,579.16,579.17,579.18,579.19,579.2,579.21,579.22,579.23,579.24,579.25,16.206,6.33,10.375,10.003,1.543,0.046,33.96,31.497,8.926,6.887,7.763,6.724,1.574,0.028,2.056,0.097,0.029,2.93,3.86,7.397
69,579.31,579.3,579.29,579.28,579.27,579.26,579.25,579.24,579.23,579.22,579.32,579.33,579.34,579.35,579.36,579.37,579.38,579.39,579.4,579.41,13.373,3.744,1.534,4.242,1.543,1.553,2.055,9.802,2.765,8.715,6.536,13.083,1.572,1.544,0.06,8.359,6.555,3.544,2.775,2.49
70,578.98,578.97,578.96,578.95,578.94,578.93,578.92,578.91,578.9,578.89,578.99,579,579.01,579.02,579.03,579.04,579.05,579.06,579.07,579.08,24.889,11.492,10.368,3.731,5.402,1.476,1.49,3.511,0.028,3.473,4.018,1.477,1.477,5.219,0.019,1.505,3.011,4.89,0.943,0.027
71,579,578.99,578.98,578.97,578.96,578.95,578.94,578.93,578.92,578.91,579.01,579.02,579.03,579.04,579.05,579.06,579.07,579.08,579.09,579.1,5.093,1.531,1.531,0.019,2.442,2.509,14.637,4.009,25.422,5.793,19.07,10.249,9.232,2.432,9.762,2.376,1.552,6.152,0.02,1.257
72,579.25,579.24,579.23,579.22,579.21,579.2,579.19,579.18,579.17,579.16,579.26,579.27,579.28,579.29,579.3,579.31,579.32,579.33,579.34,579.35,3.759,1.527,1.536,1.545,1.464,5.758,3.016,4.513,2.336,1.485,18.316,3.578,8.057,0.018,5.332,2.027,4.069,7.942,4.761,0.018
73,579.22,579.21,579.2,579.19,579.18,579.17,579.16,579.15,579.14,579.13,579.23,579.24,579.25,579.26,579.27,579.28,579.29,579.3,579.31,579.32,12.715,1.55,1.555,0.01,0.02,0.019,1.603,3.119,9.129,1.812,13.037,6.149,2.952,5.216,1.34,4.986,1.579,10.866,3.928,1.536
74,579.11,579.1,579.09,579.08,579.07,579.06,579.05,579.04,579.03,579.02,579.12,579.13,579.14,579.15,579.16,579.17,579.18,579.19,579.2,579.21,30.422,5.548,2.457,1.514,13.001,4.035,4.479,2.448,4.196,7.352,10.431,1.533,1.561,3.18,5.227,0.028,0.053,4.112,1.352,9.952
75,578.93,578.92,578.91,578.9,578.89,578.88,578.87,578.86,578.85,578.84,578.94,578.95,578.96,578.97,578.98,578.99,579,579.01,579.02,579.03,14.545,4.513,3.626,0.15,6.095,0.047,0.009,0.041,4.282,10.516,20.661,15.981,2.028,1.343,3.899,3.712,14.226,11.67,10.659,4.205
76,578.39,578.38,578.37,578.36,578.35,578.34,578.33,578.32,578.31,578.3,578.4,578.41,578.42,578.43,578.44,578.45,578.46,578.47,578.48,578.49,25.325,13.933,10.352,1.524,2.484,11.124,6.711,1.573,10.05,7.828,10.203,1.797,1.552,0.019,0.047,0.01,3.98,4.283,10.168,0.96
77,578.59,578.58,578.57,578.56,578.55,578.54,578.53,578.52,578.51,578.5,578.6,578.61,578.62,578.63,578.64,578.65,578.66,578.67,578.68,578.69,23.464,8.951,12.434,0.019,9.527,1.751,2.525,7.682,5.828,8.881,15.792,10.698,1.476,0.037,2.089,2.465,0.056,0.011,4.012,1.561
78,579.15,579.14,579.13,579.12,579.11,579.1,579.09,579.08,579.07,579.06,579.16,579.17,579.18,579.19,579.2,579.21,579.22,579.23,579.24,579.25,7.638,1.53,2.314,1.567,0.01,1.011,7.058,7.672,1.562,0.981,34.206,11.357,8.753,4.993,1.539,0.281,3.082,9.198,1.062,0.018
79,579.64,579.63,579.62,579.61,579.6,579.59,579.58,579.57,579.56,579.55,579.65,579.66,579.67,579.68,579.69,579.7,579.71,579.72,579.73,579.74,5.996,1.855,7.053,1.463,1.775,1.463,3.047,4.488,1.472,1.471,17.036,7.99,1.454,0.047,5.46,3.326,3.572,6.714,0.027,1.724
80,579.79,579.78,579.77,579.76,579.75,579.74,579.73,579.72,579.7,579.69,579.8,579.81,579.82,579.83,579.84,579.85,579.86,579.87,579.88,579.89,8.32,1.473,5.303,0.219,0.046,0.029,0.352,0.058,1.87,5.973,16.067,2.42,1.348,0.028,9.606,1.453,6.465,6.193,6.182,4.016
81,579.41,579.4,579.39,579.38,579.37,579.36,579.35,579.34,579.33,579.32,579.42,579.43,579.44,579.45,579.46,579.47,579.48,579.49,579.5,579.51,5.982,1.414,1.382,0.038,0.037,0.038,0.028,2.153,2.336,5.216,43.172,18.234,10.71,9.401,4.472,12.216,3.483,4.939,2.4,6.068
82,579.59,579.58,579.57,579.56,579.55,579.54,579.53,579.52,579.51,579.5,579.6,579.61,579.62,579.63,579.64,579.65,579.66,579.67,579.68,579.69,48.335,11.741,1.451,6.608,3.596,4.395,5.757,2.404,13.445,10.64,0.044,0.028,0.038,0.028,0.056,0.01,0.038,0.01,0.046,2.965
83,579.58,579.57,579.56,579.55,579.54,579.52,579.51,579.5,579.49,579.48,579.59,579.6,579.61,579.62,579.63,579.64,579.65,579.66,579.67,579.68,56.426,1.522,2.199,2.464,4.87,2.895,4.841,9.299,5.033,15.031,6.77,1.541,1.531,3.254,6.543,2.022,3.444,8.024,4.373,1.725
84,580.03,580.02,580.01,580,579.99,579.98,579.97,579.96,579.95,579.94,580.04,580.05,580.06,580.07,580.08,580.09,580.1,580.11,580.12,580.13,13.4,8.571,1.606,0.028,8.162,4.578,1.588,7.53,0.969,5.514,5.962,6.769,1.615,0.019,0.108,0.028,0.152,4.063,0.037,0.009
85,579.93,579.92,579.91,579.9,579.89,579.88,579.87,579.86,579.85,579.84,579.94,579.95,579.96,579.97,579.98,579.99,580,580.01,580.02,580.03,7.903,3.831,3.919,0.038,2.085,6.832,0.019,4.036,2.955,5.242,15.427,11.386,6.689,10.077,0.056,3.549,11.99,0.009,5.342,4.031
86,580.15,580.14,580.13,580.12,580.11,580.1,580.09,580.08,580.07,580.06,580.16,580.17,580.18,580.19,580.2,580.21,580.22,580.23,580.24,580.25,12.111,3.329,1.452,1.461,0.019,6.829,7.984,18.342,1.442,0.983,15.42,3.439,6.632,0.055,3.889,4.367,3.392,10.337,1.574,3.466
87,580.3,580.29,580.28,580.27,580.26,580.25,580.24,580.23,580.22,580.21,580.31,580.32,580.33,580.34,580.35,580.36,580.37,580.38,580.39,580.4,20.374,4.881,1.44,2.382,3.344,5.04,1.462,10.54,15.154,6.619,7.318,1.732,1.44,0.054,0.048,0.056,4.07,3.542,1.327,3.484
88,580.6,580.59,580.58,580.57,580.56,580.55,580.54,580.53,580.52,580.51,580.61,580.62,580.63,580.64,580.65,580.66,580.67,580.68,580.69,580.7,8.027,1.511,1.512,0.028,0.049,0.019,2.661,0.039,1.86,2.035,15.432,22.522,13.705,4.391,8.523,7.205,0.027,9.323,2.145,5.616
89,580.77,580.76,580.75,580.74,580.73,580.72,580.71,580.7,580.69,580.68,580.78,580.79,580.8,580.81,580.82,580.83,580.84,580.85,580.86,580.87,13.116,7.728,10.707,8.942,4.984,0.037,25.709,5.548,5.326,5.65,18.66,4.405,6.47,0.056,0.038,8.257,4.419,9.219,3.619,0.018
90,580.41,580.4,580.39,580.38,580.37,580.36,580.35,580.34,580.33,580.32,580.42,580.43,580.44,580.45,580.46,580.47,580.48,580.49,580.5,580.51,13.895,1.291,1.281,0.049,2.471,6.687,1.561,1.544,5.17,7.844,13.368,11.312,9.359,9.919,8.464,5.568,6.511,3.456,4.421,3.373
91,580.52,580.51,580.5,580.49,580.48,580.47,580.46,580.45,580.44,580.43,580.53,580.54,580.55,580.56,580.57,580.58,580.59,580.6,580.61,580.62,19.492,11.745,6.104,0.009,0.01,10.547,5.757,3.539,18.507,0.018,11.454,3.215,6.43,0.048,1.643,5.235,0.261,3.224,1.561,8.679
92,580.54,580.53,580.52,580.51,580.5,580.49,580.48,580.47,580.46,580.45,580.55,580.56,580.57,580.58,580.59,580.6,580.61,580.62,580.63,580.64,2.007,3.079,1.263,0.018,0.03,0.969,3.001,6.473,2.648,0.027,40.478,0.036,4.691,10.743,10.048,5.669,5.268,1.314,1.262,2.043
93,580.04,580.02,580.01,580,579.99,579.98,579.97,579.96,579.95,579.94,580.05,580.06,580.07,580.08,580.09,580.1,580.11,580.12,580.13,580.14,19.349,16.061,18.316,39.31,0.009,0.028,4.715,9.646,0.242,2.032,14.1,12.715,1.262,9.737,11.834,5.104,13.481,5.117,6.798,5.69
94,579.78,579.77,579.76,579.75,579.74,579.73,579.72,579.71,579.7,579.69,579.79,579.8,579.81,579.82,579.83,579.84,579.85,579.86,579.87,579.88,11.469,2.781,5.081,0.009,1.751,4.026,1.775,2.609,0.041,9.003,15.683,6.843,6.163,4.267,1.271,4.521,7.636,12.195,5.756,7.268
95,580.07,580.06,580.05,580.04,580.03,580.02,580.01,580,579.99,579.98,580.08,580.09,580.1,580.11,580.12,580.13,580.14,580.15,580.16,580.17,15.96,4.768,1.262,0.018,0.942,19.14,3.698,20.622,9.401,11.017,11.936,1.262,1.281,0.018,0.046,0.009,1.6,3.569,5.217,8.256
96,579.72,579.71,579.7,579.69,579.68,579.67,579.66,579.65,579.64,579.63,579.73,579.74,579.75,579.76,579.77,579.78,579.79,579.8,579.81,579.82,17.296,6.315,1.172,3.595,0.01,0.036,5.206,1.715,5.348,16.755,11.136,1.663,4.25,0.027,1.726,5.935,3.616,0.037,7.253,1.355
97,579.6,579.59,579.58,579.57,579.56,579.55,579.54,579.53,579.52,579.51,579.61,579.62,579.63,579.64,579.65,579.66,579.67,579.68,579.69,579.7,50.86,0.933,19.736,7.611,1.206,7.667,3.88,6.798,16.38,4.079,0.072,0.028,1.206,0.028,0.027,1.722,3.918,1.58,6.676,1.998
98,579.99,579.98,579.97,579.96,579.95,579.94,579.93,579.92,579.91,579.9,580,580.01,580.02,580.03,580.04,580.05,580.06,580.07,580.08,580.09,39.157,9.056,37.539,4.327,3.46,6.654,2.579,0.028,1.376,5.191,0.082,0.018,0.041,0.018,1.358,1.32,0.046,1.339,2.143,6.828
99,580.01,580,579.99,579.98,579.97,579.96,579.95,579.94,579.93,579.92,580.02,580.03,580.04,580.05,580.06,580.08,580.09,580.1,580.11,580.12,22.771,2.33,0.018,2.719,0.036,0.032,2.999,6.448,18.475,22.505,1.527,1.247,1.256,0.009,1.34,2.288,4.765,2.255,6.988,6.237
100,580.06,580.05,580.04,580.02,580.01,580,579.99,579.98,579.97,579.96,580.07,580.08,580.09,580.1,580.11,580.12,580.13,580.14,580.15,580.16,8.307,1.253,1.263,4.754,4.16,2.711,0.027,2.72,0.027,7.114,44.962,6.861,15.837,1.318,10.806,2.27,7.414,6.271,1.309,3.608
101,580.04,580.03,580.02,580.01,580,579.99,579.98,579.97,579.96,579.95,580.05,580.06,580.07,580.08,580.09,580.1,580.11,580.12,580.13,580.14,30.132,29.862,11.714,3.729,5.192,3.266,4.756,2.177,3.848,2.843,0.045,0.055,0.009,0.05,0.009,0.019,1.089,0.037,1.083,0.061
102,580.16,580.15,580.14,580.13,580.12,580.11,580.1,580.09,580.08,580.07,580.17,580.18,580.19,580.2,580.21,580.22,580.23,580.24,580.25,580.26,1.322,7.369,1.26,0.018,3.64,5.341,4.051,2.462,0.021,7.298,40.921,10.273,5.145,10.517,8.577,6.123,12.799,4.643,1.315,2.454
103,580.29,580.28,580.27,580.26,580.25,580.24,580.23,580.22,580.21,580.2,580.3,580.31,580.32,580.33,580.34,580.35,580.36,580.38,580.39,580.4,11.455,5.517,16.61,2.782,2.577,1.278,3.468,3.636,4.999,5.998,9.403,1.241,1.522,2.028,0.046,3.279,0.046,4.279,2.415,0.019
104,580.51,580.5,580.49,580.48,580.47,580.46,580.45,580.44,580.43,580.42,580.52,580.53,580.54,580.55,580.56,580.57,580.58,580.6,580.61,580.62,12.968,2.997,3.617,3.121,0.018,3.633,1.353,10.792,14.665,0.196,12.106,3.339,9.074,0.962,7.604,5.168,0.046,3.483,1.561,2.794
105,580.78,580.77,580.76,580.75,580.74,580.73,580.72,580.71,580.7,580.69,580.79,580.8,580.81,580.82,580.83,580.84,580.85,580.86,580.87,580.88,13.412,3.232,6.17,0.14,1.059,1.038,0.032,6.825,2.989,0.027,19.286,1.02,1.011,7.118,5.614,13.092,2.868,0.052,5.457,7.482
106,580.63,580.62,580.61,580.6,580.59,580.58,580.57,580.56,580.55,580.54,580.64,580.65,580.66,580.67,580.68,580.69,580.7,580.71,580.72,580.73,9.081,3.26,1.029,1.038,4.392,1.02,7.533,9.543,19.338,3.587,9.232,7.845,1.098,4.043,4.59,10.34,2.514,7.792,8.303,3.922
107,580.49,580.48,580.47,580.46,580.45,580.44,580.43,580.42,580.41,580.4,580.5,580.51,580.52,580.53,580.54,580.55,580.56,580.57,580.58,580.59,11.523,3.551,1.141,6.311,2.028,5.676,5.338,0.032,5.198,2.178,10.133,1.114,3.008,6.238,3.088,4.976,6.91,3.464,3.58,3.284
108,581.05,581.04,581.03,581.02,581.01,581,580.99,580.98,580.97,580.96,581.06,581.07,581.08,581.09,581.1,581.11,581.12,581.13,581.14,581.15,18.2,9.581,6.704,3.312,1.132,3.472,7.785,6.496,10.119,3.636,23.615,3.474,7.612,0.028,0.082,1.645,5.411,0.037,6.646,7.249
