timestamp,bid_price_0,bid_price_1,bid_price_2,bid_price_3,bid_price_4,bid_price_5,bid_price_6,bid_price_7,bid_price_8,bid_price_9,ask_price_0,ask_price_1,ask_price_2,ask_price_3,ask_price_4,ask_price_5,ask_price_6,ask_price_7,ask_price_8,ask_price_9,bid_size_0,bid_size_1,bid_size_2,bid_size_3,bid_size_4,bid_size_5,bid_size_6,bid_size_7,bid_size_8,bid_size_9,ask_size_0,ask_size_1,ask_size_2,ask_size_3,ask_size_4,ask_size_5,ask_size_6,ask_size_7,ask_size_8,ask_size_9
0,580.5,580.48,580.47,580.46,580.45,580.44,580.43,580.42,580.41,580.4,580.51,580.52,580.53,580.54,580.55,580.56,580.57,580.58,580.59,580.6,10.269,0.009,0.018,6.686,9.856,9.257,4.375,1.662,1.649,1.631,14.721,1.65,1.649,0.027,5.187,0.057,0.018,1.571,0.027,6.37
1,580.16,580.15,580.14,580.13,580.12,580.11,580.1,580.09,580.08,580.07,580.17,580.18,580.19,580.2,580.21,580.22,580.23,580.24,580.25,580.26,15.873,4.725,9.27,2.76,0.05,1.827,9.014,0.027,3.775,5.191,12.723,1.818,1.809,0.018,0.018,0.01,5.555,1.11,0.031,5.991
2,579.61,579.6,579.59,579.58,579.57,579.56,579.55,579.54,579.53,579.52,579.62,579.63,579.64,579.65,579.66,579.67,579.68,579.69,579.7,579.71,19.845,1.332,4.865,0.933,10.216,4.974,11.012,21.298,15.904,37.25,13.092,1.642,1.643,0.022,2.792,4.025,5.195,0.009,0.028,1.342
3,579.44,579.43,579.42,579.41,579.4,579.39,579.38,579.37,579.36,579.35,579.45,579.46,579.47,579.48,579.49,579.5,579.51,579.52,579.53,579.54,9.775,12.221,0.018,2.102,4.996,4.603,4.402,6.615,8.892,3.579,18.95,5.345,1.565,1.699,1.977,2.186,3.956,4.314,0.022,7.206
4,579.51,579.5,579.49,579.48,579.47,579.46,579.45,579.44,579.42,579.41,579.52,579.53,579.54,579.55,579.56,579.57,579.58,579.59,579.6,579.61,8.323,1.629,4.061,1.658,9.672,1.657,4.026,4.01,12.272,6.775,14.052,3.896,4.288,5.204,0.028,3.975,3.639,2.031,8.904,8.715
5,579.86,579.85,579.84,579.82,579.81,579.8,579.79,579.78,579.77,579.76,579.87,579.88,579.89,579.9,579.91,579.92,579.93,579.94,579.95,579.96,4.524,1.796,1.814,0.028,2.707,7.135,1.823,6.242,2.756,11.069,13.412,3.915,5.205,2.163,5.373,4.179,9.386,10.93,3.711,0.057
6,580.25,580.23,580.22,580.2,580.19,580.18,580.17,580.16,580.15,580.14,580.26,580.27,580.28,580.29,580.3,580.31,580.32,580.33,580.34,580.35,20.699,1.621,1.639,7.155,12.292,9.216,5.445,4.558,5.059,0.039,8.785,1.63,1.612,0.036,1.759,1.859,3.901,5.179,5.259,5.261
7,580.04,580.03,580.02,580.01,580,579.99,579.98,579.97,579.96,579.95,580.05,580.06,580.07,580.08,580.09,580.1,580.11,580.12,580.13,580.14,12.359,7.184,0.027,1.885,0.019,4.459,5.819,5.831,1.75,1.523,17.037,4.589,7.071,1.924,1.894,0.01,7.219,10.524,5.638,8.619
8,579.89,579.88,579.87,579.86,579.85,579.84,579.83,579.82,579.81,579.8,579.9,579.91,579.92,579.93,579.94,579.95,579.96,579.97,579.98,579.99,53.831,14.762,13.246,8.678,8.184,7.844,1.552,0.032,0.029,3.23,0.056,0.028,0.029,0.037,0.047,0.01,0.038,0.01,0.047,0.009
9,579.98,579.97,579.96,579.95,579.94,579.93,579.92,579.91,579.9,579.89,579.99,580,580.01,580.02,580.03,580.04,580.05,580.06,580.07,580.08,10.588,2.088,2.097,2.088,6.875,7.374,2.098,8.229,8.256,4.218,14.449,9.606,2.101,0.049,2.511,6.513,1.579,5.902,18.35,5.227
10,580.04,580.03,580.02,580.01,580,579.99,579.98,579.97,579.96,579.95,580.05,580.06,580.07,580.08,580.09,580.1,580.11,580.12,580.13,580.14,18.245,2.255,2.013,124.232,589.536,3.813,0.038,0.009,3.794,2.602,8.76,5.325,0.019,0.972,6.332,7.167,4.679,1.985,4.783,9.39
11,579.95,579.94,579.93,579.92,579.91,579.9,579.89,579.88,579.87,579.86,579.96,579.97,579.98,579.99,580,580.01,580.02,580.03,580.05,580.06,8.043,0.01,0.019,1.975,2.734,0.03,0.952,0.041,0.03,7.036,18.311,5.324,0.019,3.484,3.901,6.509,5.057,2.361,2.96,4.68
12,580,579.99,579.98,579.97,579.96,579.95,579.94,579.93,579.92,579.91,580.01,580.02,580.03,580.04,580.05,580.06,580.07,580.08,580.09,580.1,22.407,2.325,5.603,5.762,5.549,0.028,0.032,2.5,6.52,0.018,10.7,2.901,6.754,4.708,9.471,1.878,7.424,1.385,10.426,0.01
13,580.09,580.08,580.07,580.06,580.05,580.04,580.03,580.02,580.01,580,580.1,580.11,580.12,580.13,580.14,580.15,580.16,580.17,580.18,580.19,5.619,1.98,1.97,2.334,5.146,3.977,6.837,0.056,0.009,0.058,32.86,0.028,6.124,6.933,0.039,7.452,19.159,0.96,5.433,15.825
14,579.84,579.83,579.82,579.81,579.8,579.79,579.78,579.77,579.76,579.75,579.85,579.86,579.87,579.88,579.89,579.9,579.91,579.92,579.93,579.94,0.092,1.847,0.051,0.037,0.538,0.037,0.063,0.037,4.086,0.009,45.64,19.297,9.153,0.942,5.183,3.933,7.1,2.538,0.029,0.018
15,579.04,579.03,579.02,579.01,579,578.99,578.98,578.97,578.96,578.95,579.05,579.06,579.07,579.08,579.09,579.1,579.11,579.12,579.13,579.14,8.154,0.029,2.266,0.019,47.764,1.84,0.028,0.037,0.028,22.854,48.634,13.964,8.679,23.726,0.018,2.159,3.468,2.152,11.006,1.552
16,578.73,578.72,578.71,578.7,578.69,578.68,578.67,578.66,578.65,578.64,578.74,578.75,578.76,578.77,578.78,578.79,578.8,578.81,578.82,578.83,1.818,0.028,0.019,0.047,0.037,0.01,3.929,0.01,0.037,0.03,45.954,3.476,2.365,0.009,0.942,11.893,2.336,3.309,29.668,20.692
17,578.34,578.33,578.32,578.31,578.3,578.29,578.28,578.27,578.26,578.25,578.35,578.36,578.37,578.38,578.39,578.4,578.41,578.42,578.43,578.44,0.071,2.097,6.894,0.029,0.046,0.019,0.047,0.01,0.054,0.02,43.697,18.178,14.12,6.915,0.009,11.708,9.421,5.588,5.02,6.414
18,578.78,578.77,578.76,578.75,578.74,578.73,578.72,578.71,578.7,578.69,578.79,578.8,578.81,578.82,578.83,578.84,578.85,578.86,578.87,578.88,16.436,4.803,1.835,0.028,1.835,7.058,4.32,11.316,17.928,24.416,11.275,1.836,1.839,0.049,0.019,2.047,2.037,5.212,2.603,3.554
19,578.76,578.75,578.74,578.73,578.72,578.71,578.7,578.69,578.68,578.67,578.77,578.78,578.79,578.8,578.81,578.82,578.84,578.85,578.86,578.87,0.053,0.019,0.042,0.019,0.038,0.01,5.947,0.028,2.769,0.027,33.809,3.659,1.906,2.839,18.904,2.841,2.198,2.841,2.705,1.91
20,578.7,578.69,578.68,578.67,578.66,578.65,578.64,578.63,578.62,578.61,578.71,578.72,578.73,578.74,578.75,578.76,578.77,578.78,578.79,578.8,11.691,1.698,1.715,2.198,1.699,1.689,0.038,12.933,22.641,9.533,26.4,15.723,6.865,6.252,0.032,0.058,0.07,0.028,3.955,0.028
21,579.53,579.52,579.51,579.5,579.49,579.48,579.47,579.46,579.45,579.44,579.54,579.55,579.56,579.57,579.58,579.59,579.6,579.61,579.62,579.63,28.534,13.038,30.457,2.667,1.753,9.687,9.704,5.318,2.734,2.686,0.083,0.019,0.056,0.019,0.178,2.01,0.038,0.019,5.204,0.009
22,579.61,579.6,579.59,579.58,579.57,579.56,579.55,579.54,579.53,579.52,579.62,579.63,579.64,579.65,579.66,579.67,579.68,579.69,579.7,579.71,36.074,4.44,4.686,6.213,7.112,3.772,6.93,6.381,1.744,21.687,5.231,0.028,0.042,0.059,0.04,7.204,0.029,0.028,0.02,2.586
23,579.31,579.3,579.29,579.28,579.27,579.26,579.25,579.24,579.22,579.21,579.32,579.33,579.34,579.35,579.36,579.37,579.38,579.39,579.4,579.41,12.744,1.676,3.488,2.977,0.028,4.262,5.806,6.884,2.149,7.033,21.718,2.609,20.544,4.309,1.706,0.018,0.019,0.038,5.598,2.393
24,580.08,580.07,580.06,580.05,580.04,580.02,580.01,580,579.99,579.98,580.09,580.1,580.11,580.12,580.13,580.14,580.15,580.16,580.17,580.18,15.929,1.764,7.566,0.019,1.764,1.767,3.763,2.691,3.335,2.678,14.352,1.87,1.755,0.019,0.028,0.058,1.58,7.748,0.018,0.009
25,579.96,579.95,579.94,579.93,579.92,579.91,579.9,579.89,579.88,579.87,579.97,579.98,579.99,580,580.01,580.02,580.03,580.04,580.05,580.06,55.603,0.019,0.019,6.601,5.39,2.135,12.237,5.285,4.838,5.517,6.258,3.596,1.577,2.888,0.05,0.049,3.116,7.165,6.144,4.895
26,580.11,580.1,580.09,580.08,580.07,580.06,580.05,580.04,580.03,580.02,580.12,580.13,580.14,580.15,580.16,580.17,580.18,580.19,580.2,580.21,9.88,1.68,1.67,0.029,1.837,5.742,4.353,9.305,0.018,0.039,23.35,7.601,1.663,1.652,10.185,3.883,12.972,0.013,2.701,4.859
27,580.42,580.41,580.4,580.39,580.38,580.37,580.36,580.35,580.34,580.33,580.43,580.44,580.45,580.46,580.47,580.48,580.49,580.5,580.51,580.52,2.595,1.598,1.51,1.832,1.52,1.537,7.337,6.58,3.538,8.661,13.233,6.671,1.492,3.823,2.018,7.827,0.013,2.05,0.009,6.613
28,580.9,580.89,580.88,580.87,580.86,580.85,580.84,580.83,580.82,580.81,580.91,580.92,580.93,580.94,580.95,580.96,580.97,580.98,580.99,581,46.497,11.489,6.777,7.76,5.756,5.676,1.535,5.311,0.009,1.458,12.443,1.498,6.674,20.274,2.037,0.02,1.593,5.193,0.027,48.259
29,580.89,580.88,580.87,580.86,580.85,580.84,580.83,580.82,580.81,580.8,580.9,580.91,580.92,580.93,580.94,580.95,580.96,580.97,580.98,580.99,14.731,12.817,1.512,2.005,3.581,3.599,12.753,2.523,1.562,2.981,6.611,0.019,1.494,0.028,0.029,0.01,1.599,5.187,2.057,0.018
30,581.12,581.11,581.1,581.09,581.08,581.07,581.06,581.05,581.04,581.03,581.13,581.14,581.15,581.16,581.17,581.18,581.2,581.21,581.22,581.23,1.641,0.028,1.429,5.263,3.414,6.832,1.438,5.535,19.744,3.236,12.392,1.5,3.48,5.19,1.816,0.037,19.074,4.08,2.052,9.362
31,581.8,581.79,581.78,581.77,581.76,581.75,581.74,581.73,581.72,581.71,581.81,581.82,581.83,581.84,581.85,581.86,581.87,581.88,581.89,581.9,0.087,0.019,0.019,0.019,0.019,0.952,0.037,1.346,4.622,1.336,21.774,6.514,1.345,3.961,1.813,0.027,6.706,0.059,2,0.018
32,582.26,582.25,582.24,582.23,582.22,582.21,582.2,582.19,582.18,582.17,582.27,582.28,582.29,582.3,582.31,582.32,582.33,582.34,582.35,582.36,1.477,1.352,1.334,1.334,19.46,1.361,1.343,0.037,3.156,2.316,11.412,1.873,5.294,0.089,0.036,2.037,1.603,0.039,1.866,3.809
33,582.06,582.05,582.04,582.03,582.02,582.01,582,581.99,581.98,581.97,582.07,582.08,582.09,582.1,582.11,582.12,582.13,582.14,582.15,582.16,0.109,0.037,0.047,0.037,0.038,0.028,0.038,0.046,0.042,0.027,40.912,10.901,3.298,1.342,1.317,3.456,6.776,5.163,2.448,0.018
34,582.17,582.16,582.15,582.14,582.13,582.12,582.11,582.1,582.09,582.08,582.18,582.19,582.2,582.21,582.22,582.23,582.24,582.25,582.26,582.27,7.327,1.553,2.504,5.092,0.028,8.764,12.315,12.679,14.038,22.928,11.21,0.019,5.191,2.071,2.995,2.303,4.484,2.018,5.181,3.874
35,582.51,582.5,582.49,582.48,582.47,582.46,582.45,582.44,582.43,582.42,582.52,582.53,582.54,582.55,582.56,582.57,582.58,582.59,582.6,582.61,21.377,1.481,0.01,1.472,0.123,2.479,8.21,3.921,6.613,17.681,16.402,1.492,1.675,1.354,2.076,0.064,7.743,3.351,60.11,5.461
36,582.46,582.45,582.44,582.43,582.42,582.41,582.4,582.39,582.38,582.37,582.47,582.48,582.49,582.5,582.51,582.52,582.53,582.54,582.55,582.56,3.587,1.33,1.34,0.028,0.047,3.748,2.169,2.308,0.038,0.039,31.993,2.159,0.019,1.335,0.009,7.349,9.648,7.618,7.123,11.084
37,582.42,582.41,582.4,582.39,582.38,582.37,582.36,582.35,582.34,582.33,582.43,582.44,582.45,582.46,582.47,582.48,582.49,582.5,582.51,582.52,25.979,13.274,17.188,16.857,6.289,6.417,26.279,5.741,10.534,6.598,5.389,1.484,6.616,2.038,5.899,2.287,0.028,17.429,5.169,0.97
38,582.85,582.84,582.82,582.81,582.8,582.79,582.78,582.77,582.76,582.75,582.86,582.87,582.88,582.89,582.9,582.91,582.92,582.93,582.94,582.95,72.786,1.315,1.684,2.926,1.702,17.44,6.869,3.696,5.635,17.773,0.15,0.032,0.038,0.065,0.059,0.185,0.062,0.306,5.241,0.091
39,582.7,582.69,582.68,582.67,582.66,582.65,582.64,582.63,582.62,582.61,582.71,582.72,582.73,582.74,582.75,582.76,582.77,582.78,582.79,582.8,0.054,0.028,0.029,0.019,0.02,40.046,0.042,0.028,6.413,4.025,38.018,14.611,19.86,0.018,2.986,8.629,5.134,3.926,0.018,0.009
40,582.56,582.55,582.54,582.53,582.52,582.51,582.5,582.49,582.48,582.47,582.57,582.58,582.59,582.6,582.61,582.62,582.63,582.64,582.65,582.66,7.314,1.527,1.537,0.051,0.069,6.918,1.612,3.951,22.98,3.325,18.144,6.686,1.527,0.028,2.843,8.879,6.418,7.158,5.699,10.075
41,582.56,582.55,582.54,582.53,582.52,582.51,582.5,582.49,582.48,582.47,582.57,582.58,582.59,582.6,582.61,582.62,582.63,582.64,582.65,582.66,14.055,5.392,1.555,0.033,0.06,10.811,1.602,7.169,18.288,17.939,13.557,1.389,1.38,2.322,7.352,1.479,2.711,2.312,4.259,1.576
42,582.59,582.58,582.57,582.56,582.55,582.54,582.53,582.52,582.51,582.5,582.6,582.61,582.62,582.63,582.64,582.65,582.66,582.67,582.68,582.69,19.336,0.803,12.155,0.01,5.008,3.373,1.399,5.972,3.474,0.046,13.311,1.385,7.577,4.852,4.177,3.398,9.04,2.579,5.327,2.403
43,582.59,582.58,582.57,582.56,582.55,582.54,582.53,582.52,582.51,582.5,582.6,582.61,582.62,582.63,582.64,582.65,582.66,582.67,582.68,582.69,0.073,0.284,0.019,0.02,1.075,1.406,3.498,4.19,2.842,2.423,20.013,1.353,3.385,3.891,6.976,5.18,1.432,6.621,3.479,3.63
44,582.43,582.42,582.41,582.4,582.39,582.38,582.37,582.36,582.35,582.34,582.44,582.45,582.46,582.47,582.48,582.49,582.5,582.51,582.52,582.53,12.99,1.579,6.682,2.895,5.595,4.929,4.936,6.226,15.285,18.751,17.641,3.932,1.616,5.179,1.028,4.641,3.608,5.195,0.046,0.022
45,582.38,582.37,582.36,582.35,582.34,582.33,582.32,582.3,582.29,582.28,582.39,582.4,582.41,582.42,582.43,582.44,582.45,582.46,582.47,582.48,13.97,1.61,7.17,0.028,16.756,3.636,3.832,7.141,9.007,0.931,7.223,1.616,9.279,1.602,6.133,0.029,16.07,12.44,1.321,8.583
46,582.51,582.5,582.49,582.48,582.47,582.46,582.45,582.44,582.43,582.42,582.52,582.53,582.54,582.55,582.56,582.57,582.58,582.59,582.6,582.61,2.913,0.038,1.532,1.515,0.046,0.023,2.904,10.286,19.576,7.796,33.491,9.588,17.387,10.979,3.523,1.497,6.582,6.488,9.714,1.561
47,582.44,582.43,582.42,582.41,582.4,582.39,582.38,582.37,582.36,582.35,582.45,582.46,582.47,582.48,582.49,582.5,582.51,582.52,582.53,582.54,15.006,1.514,0.049,0.019,0.089,1.343,4.381,6.11,15.499,5.022,24.501,1.514,4.251,1.525,6.656,0.047,0.019,0.047,2.899,3.993
48,581.91,581.9,581.89,581.88,581.87,581.86,581.85,581.84,581.83,581.82,581.92,581.93,581.94,581.95,581.96,581.97,581.98,581.99,582,582.01,5.632,0.028,1.446,0.058,1.895,1.361,4.856,0.037,0.019,16.487,25.359,0.019,0.028,0.019,0.037,2.36,14.394,25.901,11.606,6.029
49,581.7,581.69,581.68,581.67,581.66,581.65,581.64,581.62,581.61,581.6,581.71,581.72,581.73,581.74,581.75,581.76,581.77,581.78,581.79,581.8,24.756,1.499,4.948,1.338,0.047,0.028,0.021,2.059,1.57,1.87,7.469,5.677,1.499,0.028,1.508,0.019,0.961,6.268,3.704,3.976
50,581.96,581.95,581.94,581.93,581.92,581.91,581.9,581.89,581.88,581.87,581.97,581.98,581.99,582,582.01,582.02,582.03,582.04,582.05,582.06,13.718,1.591,2.467,2.573,5.511,4.554,8.27,0.027,3.538,23.1,4.983,1.943,6.978,0.719,5.261,4.687,4.085,4.077,8.858,7.872
51,582,581.99,581.98,581.97,581.96,581.95,581.94,581.93,581.92,581.91,582.01,582.02,582.03,582.04,582.05,582.06,582.07,582.08,582.09,582.1,12.793,2.19,5.614,4.217,6.847,0.037,3.829,5.507,0.032,7.725,11.314,1.569,3.682,1.339,5.145,5.21,4.999,0.056,0.011,0.037
52,581.84,581.83,581.82,581.81,581.8,581.79,581.78,581.77,581.76,581.75,581.85,581.86,581.87,581.88,581.89,581.9,581.91,581.92,581.93,581.94,11.284,0.019,1.852,0.046,0.051,0.037,1.581,0.037,0.032,13.561,18.804,1.569,8.025,0.039,4.301,4.399,16.717,3.722,0.04,7.527
53,581.62,581.61,581.6,581.59,581.58,581.57,581.56,581.55,581.54,581.53,581.63,581.64,581.65,581.66,581.67,581.68,581.69,581.7,581.71,581.72,1.905,0.019,1.51,0.028,0.029,3.164,6.062,0.037,3.591,6.704,50.783,9.561,3.034,8.301,6.63,1.5,0.013,3.502,1.499,1.491
54,581.46,581.45,581.44,581.43,581.42,581.41,581.4,581.39,581.38,581.37,581.47,581.48,581.5,581.51,581.52,581.53,581.54,581.55,581.56,581.57,62.303,0.028,0.051,0.222,0.298,1.589,0.136,4.367,8.28,0.009,40.925,0.009,0.019,14.35,0.019,3.448,1.32,7.143,0.028,2.013
55,581.54,581.53,581.52,581.51,581.5,581.49,581.48,581.47,581.46,581.45,581.55,581.56,581.57,581.58,581.59,581.6,581.61,581.62,581.63,581.64,10.647,2.806,0.049,5.196,4.072,0.009,0.028,20.605,59.404,15.176,3.055,3.817,1.418,1.459,5.178,1.446,2.97,2.74,1.436,8.445
56,581,580.99,580.98,580.97,580.96,580.95,580.94,580.93,580.92,580.91,581.01,581.02,581.04,581.05,581.06,581.07,581.08,581.09,581.1,581.11,3.27,0.028,0.029,0.037,0.05,0.019,3.229,0.01,2.849,0.018,44.33,3.461,0.029,8.72,2.018,4,2.036,4.671,1.514,0.009
57,580.65,580.64,580.63,580.62,580.61,580.6,580.59,580.58,580.57,580.56,580.66,580.67,580.68,580.69,580.7,580.71,580.72,580.73,580.74,580.75,30.616,10.972,2.565,7.626,7.722,14.27,1.572,0.028,0.047,0.05,2.335,0.019,0.037,0.019,0.038,7.9,0.301,14.387,6.347,2.44
58,580.72,580.71,580.7,580.69,580.68,580.67,580.66,580.65,580.64,580.63,580.73,580.74,580.75,580.76,580.77,580.78,580.79,580.8,580.81,580.82,9.511,3.795,1.99,0.028,0.029,0.961,8.545,2.923,2.018,8.089,16.635,8.027,7.426,2.047,6.009,7.084,30.792,84.579,0.037,0.141
59,580.91,580.9,580.89,580.88,580.87,580.86,580.85,580.84,580.83,580.82,580.92,580.93,580.94,580.95,580.96,580.97,580.98,580.99,581,581.01,17.802,2.116,2.074,2.24,5.982,2.93,14.858,0.517,0.018,5.184,21.876,5.604,11.257,1.352,3.49,0.018,4.299,4.011,2.019,6.772
60,580.81,580.8,580.79,580.78,580.77,580.76,580.75,580.74,580.73,580.72,580.82,580.83,580.84,580.85,580.86,580.87,580.88,580.89,580.9,580.91,21.85,0.038,0.028,0.047,0.255,0.038,1.571,0.047,5.176,20.059,37.688,0.019,0.028,6.498,4.051,5.462,3.388,8.381,1.989,3.526
61,580.76,580.75,580.74,580.73,580.72,580.71,580.7,580.69,580.68,580.67,580.77,580.78,580.79,580.8,580.81,580.82,580.83,580.84,580.85,580.86,46.78,9.101,19.918,5.933,0.028,4.829,2.805,4.244,6.516,5.395,1.909,1.901,1.886,3.374,0.028,6.778,5.061,4.652,7.206,1.659
62,580.45,580.44,580.43,580.42,580.41,580.4,580.39,580.38,580.37,580.36,580.46,580.47,580.48,580.49,580.5,580.51,580.52,580.53,580.54,580.55,27.164,8.132,8.304,2.722,6.394,2.843,6.726,9.026,4.029,6.799,4.046,6.949,3.799,0.05,0.067,3.168,5.384,6.812,3.501,2.075
63,580.53,580.52,580.51,580.5,580.49,580.48,580.47,580.46,580.45,580.44,580.54,580.55,580.56,580.57,580.58,580.59,580.6,580.61,580.62,580.63,0.06,0.019,0.019,0.038,1.779,0.051,0.032,4.354,3.483,5.718,39.408,7.1,6.716,1.528,0.027,3.441,8.363,1.574,3.615,7.7
64,580.03,580.02,580.01,580,579.99,579.98,579.97,579.96,579.95,579.94,580.04,580.05,580.06,580.07,580.08,580.09,580.1,580.11,580.12,580.13,18.354,18.143,3.551,0.951,8.461,5.538,5.195,11.762,19.288,1.472,3.625,1.378,1.396,0.019,0.065,0.01,0.047,1.571,7.209,0.022
65,580.08,580.07,580.06,580.05,580.04,580.03,580.02,580.01,580,579.99,580.09,580.1,580.11,580.12,580.13,580.14,580.15,580.16,580.17,580.18,10.367,2.605,1.682,0.028,0.038,0.01,3.439,0.01,1.069,4.401,30.294,11.217,3.663,5.191,0.028,5.747,1.822,3.376,3.477,0.027
66,579.35,579.34,579.33,579.32,579.31,579.3,579.29,579.28,579.27,579.26,579.36,579.37,579.38,579.39,579.4,579.41,579.42,579.43,579.44,579.45,0.082,0.019,0.019,1.367,0.019,0.047,0.952,6.442,6.899,4.403,30.321,7.978,21.034,1.497,1.506,5.205,1.35,0.018,2.739,0.029
67,579.65,579.64,579.63,579.62,579.61,579.6,579.59,579.58,579.57,579.56,579.66,579.67,579.68,579.69,579.7,579.71,579.72,579.73,579.74,579.75,43.252,16.856,15.388,2.507,4.139,12.064,23.359,23.171,7.922,8.327,0.046,0.019,0.056,0.019,0.038,0.042,0.04,0.019,1.795,3.282
68,578.77,578.76,578.75,578.74,578.73,578.72,578.71,578.7,578.69,578.68,578.78,578.79,578.8,578.81,578.82,578.83,578.84,578.85,578.86,578.87,24.45,3.664,1.371,3.562,2.896,5.294,1.334,12.588,5.035,24.555,33.474,0.019,0.028,1.362,8.238,20.64,15.837,3.755,4.036,7.43
69,579.19,579.18,579.17,579.16,579.15,579.14,579.12,579.11,579.1,579.09,579.2,579.21,579.22,579.23,579.24,579.25,579.26,579.27,579.28,579.29,31.136,7.73,14.005,0.009,12.027,4.617,10.408,6.325,3.528,7.677,0.064,6.679,1.509,1.361,0.071,2.028,6.744,24.018,3.575,0.027
70,579,578.99,578.98,578.97,578.96,578.95,578.94,578.93,578.92,578.91,579.01,579.02,579.03,579.04,579.05,579.06,579.07,579.08,579.09,579.1,3.994,0.028,1.509,0.028,0.047,0.046,0.02,4.162,1.435,1.733,16.892,8.67,9.441,1.498,3.55,17.067,13.396,1.499,7.37,1.49
71,579.21,579.2,579.19,579.18,579.17,579.16,579.15,579.14,579.13,579.12,579.22,579.23,579.24,579.25,579.26,579.27,579.28,579.29,579.3,579.31,46.401,10.715,8.146,17.066,11.836,21.667,11.271,1.581,3.79,5.863,2.632,1.641,0.071,2.031,1.617,5.189,0.047,2.019,2.071,1.332
72,579.04,579.03,579.02,579.01,579,578.99,578.98,578.97,578.96,578.95,579.05,579.06,579.07,579.08,579.09,579.1,579.11,579.12,579.13,579.14,7.629,1.646,1.665,0.028,0.065,0.01,0.041,2.643,4.722,9.177,11.313,2.609,5.2,0.028,5.214,11.362,1.561,1.598,2.018,3.473
73,578.57,578.56,578.55,578.54,578.53,578.52,578.51,578.5,578.49,578.48,578.58,578.59,578.6,578.61,578.62,578.63,578.64,578.65,578.66,578.67,9.149,1.558,1.557,0.029,0.019,0.047,4.251,0.059,12.558,0.037,26.671,18.636,16.359,10.428,10.434,5.014,14.016,8.195,18.39,2.92
74,578.52,578.51,578.5,578.49,578.48,578.47,578.46,578.45,578.44,578.43,578.53,578.54,578.55,578.56,578.57,578.58,578.59,578.6,578.61,578.62,14.543,1.624,5.475,15.796,0.056,0.254,0.107,7.81,22.645,8.815,12.641,8.375,10.071,4.687,5.205,11.906,5.663,6.746,8.859,5.982
75,579.15,579.14,579.13,579.12,579.11,579.1,579.09,579.08,579.07,579.06,579.16,579.17,579.18,579.19,579.2,579.21,579.22,579.23,579.24,579.25,16.206,6.33,10.375,10.003,1.543,0.046,33.96,31.497,8.926,6.887,7.763,6.724,1.574,0.028,2.056,0.097,0.029,2.93,3.86,7.397
76,579.31,579.3,579.29,579.28,579.27,579.26,579.25,579.24,579.23,579.22,579.32,579.33,579.34,579.35,579.36,579.37,579.38,579.39,579.4,579.41,13.373,3.744,1.534,4.242,1.543,1.553,2.055,9.802,2.765,8.715,6.536,13.083,1.572,1.544,0.06,8.359,6.555,3.544,2.775,2.49
77,578.98,578.97,578.96,578.95,578.94,578.93,578.92,578.91,578.9,578.89,578.99,579,579.01,579.02,579.03,579.04,579.05,579.06,579.07,579.08,24.921,5.93,10.378,3.741,5.423,1.476,1.49,4.931,0.028,0.018,9.314,1.477,1.477,5.219,0.019,1.505,3.011,3.568,0.933,0.037
78,579,578.99,578.98,578.97,578.96,578.95,578.94,578.93,578.92,578.91,579.01,579.02,579.03,579.04,579.05,579.06,579.07,579.08,579.09,579.1,5.093,1.531,1.531,0.019,2.442,2.509,14.637,4.009,25.422,5.793,19.07,10.249,9.232,2.432,9.762,2.376,1.552,6.152,0.02,1.257
79,579.25,579.24,579.23,579.22,579.21,579.2,579.19,579.18,579.17,579.16,579.26,579.27,579.28,579.29,579.3,579.31,579.32,579.33,579.34,579.35,3.759,1.527,1.536,1.545,1.464,5.758,3.016,4.513,2.336,1.485,18.316,3.578,8.057,0.018,5.332,2.027,4.069,7.942,4.761,0.018
80,579.22,579.21,579.2,579.19,579.18,579.17,579.16,579.15,579.14,579.13,579.23,579.24,579.25,579.26,579.27,579.28,579.29,579.3,579.31,579.32,12.715,1.55,1.555,0.01,0.02,0.019,1.603,3.119,9.129,1.812,13.037,6.149,2.952,5.216,1.34,4.986,1.579,10.866,3.928,1.536
81,579.11,579.1,579.09,579.08,579.07,579.06,579.05,579.04,579.03,579.02,579.12,579.13,579.14,579.15,579.16,579.17,579.18,579.19,579.2,579.21,30.422,5.548,2.457,1.514,13.001,4.035,4.479,2.448,4.196,7.352,10.431,1.533,1.561,3.18,5.227,0.028,0.053,4.112,1.352,9.952
82,578.93,578.92,578.91,578.9,578.89,578.88,578.87,578.86,578.85,578.84,578.94,578.95,578.96,578.97,578.98,578.99,579,579.01,579.02,579.03,14.545,4.513,3.626,0.15,6.095,0.047,0.009,0.041,4.282,10.516,20.661,15.981,2.028,1.343,3.899,3.712,14.226,11.67,10.659,4.205
83,578.39,578.38,578.37,578.36,578.35,578.34,578.33,578.32,578.31,578.3,578.4,578.41,578.42,578.43,578.44,578.45,578.46,578.47,578.48,578.49,25.325,13.933,10.352,1.524,2.484,11.124,6.711,1.573,10.05,7.828,10.203,1.797,1.552,0.019,0.047,0.01,3.98,4.283,10.168,0.96
84,578.59,578.58,578.57,578.56,578.55,578.54,578.53,578.52,578.51,578.5,578.6,578.61,578.62,578.63,578.64,578.65,578.66,578.67,578.68,578.69,23.464,8.951,12.434,0.019,9.527,1.751,2.525,7.682,5.828,8.881,15.792,10.698,1.476,0.037,2.089,2.465,0.056,0.011,4.012,1.561
85,579.15,579.14,579.13,579.12,579.11,579.1,579.09,579.08,579.07,579.06,579.16,579.17,579.18,579.19,579.2,579.21,579.22,579.23,579.24,579.25,7.638,1.53,2.314,1.567,0.01,1.011,7.058,7.672,1.562,0.981,34.206,11.357,8.753,4.993,1.539,0.281,3.082,9.198,1.062,0.018
86,579.64,579.63,579.62,579.61,579.6,579.59,579.58,579.57,579.56,579.55,579.65,579.66,579.67,579.68,579.69,579.7,579.71,579.72,579.73,579.74,18.335,14.331,7.977,2.387,2.71,4.64,8.213,6.385,5.303,6.648,8.662,7.99,1.454,2.047,0.019,3.336,5.565,8.288,3.478,1.724
87,579.79,579.78,579.77,579.76,579.75,579.74,579.73,579.72,579.71,579.7,579.8,579.81,579.82,579.83,579.84,579.85,579.86,579.87,579.88,579.89,10.533,1.473,5.303,0.219,0.046,0.029,0.352,0.048,2.341,1.87,16.067,2.42,1.348,0.028,9.606,1.453,6.465,6.193,6.182,4.016
88,579.41,579.4,579.39,579.38,579.37,579.36,579.35,579.34,579.33,579.32,579.42,579.43,579.44,579.45,579.46,579.47,579.48,579.49,579.5,579.51,5.982,1.414,1.382,0.038,0.037,0.038,0.028,2.153,2.336,5.216,43.172,18.234,10.71,9.401,4.472,12.216,3.483,4.939,2.4,6.068
89,579.59,579.58,579.57,579.56,579.55,579.54,579.53,579.52,579.51,579.5,579.6,579.61,579.62,579.63,579.64,579.65,579.66,579.67,579.68,579.69,28.68,11.732,1.431,8.325,3.596,3.697,5.757,2.386,10.369,12.731,0.065,0.028,0.038,0.028,0.056,5.082,0.08,1.332,9.175,0.029
90,579.58,579.57,579.56,579.55,579.54,579.53,579.52,579.51,579.5,579.49,579.59,579.6,579.61,579.62,579.63,579.64,579.65,579.66,579.67,579.68,45.563,1.531,2.199,2.464,4.88,0.01,2.895,4.841,9.299,5.033,12.738,1.541,1.531,3.254,6.543,2.022,3.444,8.014,4.373,5.652
91,580.03,580.02,580.01,580,579.99,579.98,579.97,579.96,579.95,579.94,580.04,580.05,580.06,580.07,580.08,580.09,580.1,580.11,580.12,580.13,13.4,8.571,1.606,0.028,8.162,4.578,1.588,7.53,0.969,5.514,5.962,6.769,1.615,0.019,0.108,0.028,0.152,4.063,0.037,0.009
92,579.93,579.92,579.91,579.9,579.89,579.88,579.87,579.86,579.85,579.84,579.94,579.95,579.96,579.97,579.98,579.99,580,580.01,580.02,580.03,7.903,3.831,3.919,0.038,2.085,6.832,0.019,4.036,2.955,5.242,15.427,11.386,6.689,10.077,0.056,3.549,12,0.009,5.342,4.031
93,580.15,580.14,580.13,580.12,580.11,580.1,580.09,580.08,580.07,580.06,580.16,580.17,580.18,580.19,580.2,580.21,580.22,580.23,580.24,580.25,12.111,3.329,1.452,1.461,0.019,6.829,7.984,18.342,1.442,0.983,15.42,3.439,6.632,0.055,3.889,4.367,3.392,10.337,1.574,3.466
94,580.3,580.29,580.28,580.27,580.26,580.25,580.24,580.23,580.22,580.21,580.31,580.32,580.33,580.34,580.35,580.36,580.37,580.38,580.39,580.4,20.374,4.881,1.44,2.382,3.344,5.04,1.462,10.54,15.154,6.619,7.318,1.732,1.44,0.054,0.048,0.056,4.07,3.542,1.327,3.484
95,580.6,580.59,580.58,580.57,580.56,580.55,580.54,580.53,580.52,580.51,580.61,580.62,580.63,580.64,580.65,580.66,580.67,580.68,580.69,580.7,8.027,1.511,1.512,0.028,0.049,0.019,2.661,0.049,1.86,2.035,15.432,22.522,13.705,4.391,8.513,7.205,0.027,9.323,2.145,5.606
96,580.77,580.76,580.75,580.74,580.73,580.72,580.71,580.7,580.69,580.68,580.78,580.79,580.8,580.81,580.82,580.83,580.84,580.85,580.86,580.87,13.116,7.728,10.707,8.942,4.984,0.037,25.709,5.548,5.326,5.65,18.66,4.405,6.47,0.056,0.038,8.257,4.419,9.219,3.619,0.018
97,580.41,580.4,580.39,580.38,580.37,580.36,580.35,580.34,580.33,580.32,580.42,580.43,580.44,580.45,580.46,580.47,580.48,580.49,580.5,580.51,13.895,1.291,1.281,0.049,2.481,6.687,1.561,1.544,5.17,7.844,13.368,11.312,9.359,9.919,8.464,5.568,6.511,3.456,4.411,3.373
98,580.52,580.51,580.5,580.49,580.48,580.47,580.46,580.45,580.44,580.43,580.53,580.54,580.55,580.56,580.57,580.58,580.59,580.6,580.61,580.62,19.492,11.745,6.104,3.822,0.01,10.547,5.757,3.539,14.699,0.018,11.454,3.215,6.43,0.048,1.643,1.363,0.261,3.224,1.561,8.679
99,580.54,580.53,580.52,580.51,580.5,580.49,580.48,580.47,580.46,580.45,580.55,580.56,580.57,580.58,580.59,580.6,580.61,580.62,580.63,580.64,2.007,3.079,1.263,0.018,0.03,0.969,3.001,6.473,2.648,0.027,40.478,0.036,4.691,10.743,10.048,5.669,5.268,1.314,1.262,2.043
100,580.04,580.02,580.01,580,579.99,579.98,579.97,579.96,579.95,579.94,580.05,580.06,580.07,580.08,580.09,580.1,580.11,580.12,580.13,580.14,19.349,16.061,18.316,39.31,0.009,0.028,4.715,9.646,0.242,2.032,14.1,12.715,1.262,9.737,11.834,5.104,13.481,5.117,6.798,5.69
101,579.78,579.77,579.76,579.75,579.74,579.73,579.72,579.71,579.7,579.69,579.79,579.8,579.81,579.82,579.83,579.84,579.85,579.86,579.87,579.88,11.482,2.781,5.081,0.009,0.019,4.026,0.03,1.715,0.041,9.003,15.683,6.843,6.163,4.267,1.271,4.521,7.636,12.195,5.756,7.268
102,580.07,580.06,580.05,580.04,580.03,580.02,580.01,580,579.99,579.98,580.08,580.09,580.1,580.11,580.12,580.13,580.14,580.15,580.16,580.17,14.799,4.768,1.262,1.338,0.942,19.14,3.698,20.622,9.401,11.017,13.479,1.262,0.028,0.018,0.046,0.009,1.6,3.569,5.217,8.256
103,579.72,579.71,579.7,579.69,579.68,579.67,579.66,579.65,579.64,579.63,579.73,579.74,579.75,579.76,579.77,579.78,579.79,579.8,579.81,579.82,17.296,6.315,1.172,3.595,0.01,0.036,5.206,1.715,5.348,16.755,11.136,1.663,4.25,0.027,1.726,5.935,3.616,0.037,7.253,1.355
104,579.58,579.57,579.56,579.55,579.54,579.53,579.52,579.51,579.5,579.49,579.59,579.6,579.61,579.62,579.63,579.64,579.65,579.66,579.67,579.68,52.714,15.375,2.13,7.649,3.889,6.78,16.38,4.079,2.888,6.324,0.072,0.041,1.215,0.028,0.036,0.037,1.339,8.337,3.918,1.58
105,579.99,579.98,579.97,579.96,579.95,579.94,579.93,579.92,579.91,579.9,580,580.01,580.02,580.03,580.04,580.05,580.06,580.07,580.08,580.09,39.157,9.056,37.539,4.327,3.46,6.654,2.579,0.028,1.376,5.191,0.082,0.018,0.041,0.018,1.358,1.32,0.046,1.339,2.143,6.828
106,580.01,580,579.99,579.98,579.97,579.96,579.95,579.94,579.93,579.92,580.02,580.03,580.04,580.05,580.06,580.08,580.09,580.1,580.11,580.12,22.771,2.33,0.018,2.719,0.036,0.032,2.999,6.448,18.475,22.505,1.527,1.247,1.256,0.009,1.34,2.288,4.765,2.255,6.988,6.237
107,580.06,580.05,580.04,580.02,580.01,580,579.99,579.98,579.97,579.96,580.07,580.08,580.09,580.1,580.11,580.12,580.13,580.14,580.15,580.16,8.307,1.253,1.263,4.754,4.16,2.711,0.027,2.72,0.027,7.114,44.962,6.861,15.837,1.318,10.806,2.27,7.414,6.271,1.309,3.608
108,580.04,580.03,580.02,580.01,580,579.99,579.98,579.97,579.96,579.95,580.05,580.06,580.07,580.08,580.09,580.1,580.11,580.12,580.13,580.14,30.132,29.862,11.714,3.729,5.192,3.266,4.756,2.177,3.848,2.843,0.045,0.055,0.009,0.05,0.009,0.019,1.089,0.037,1.083,0.061
109,580.16,580.15,580.14,580.13,580.12,580.11,580.1,580.09,580.08,580.07,580.17,580.18,580.19,580.2,580.21,580.22,580.23,580.24,580.25,580.26,1.322,7.369,1.26,0.018,3.64,5.341,4.051,2.462,0.021,7.298,40.921,10.273,5.145,10.517,8.577,6.123,12.799,4.643,1.315,2.454
110,580.29,580.28,580.27,580.26,580.25,580.24,580.23,580.22,580.21,580.2,580.3,580.31,580.32,580.33,580.34,580.35,580.36,580.38,580.39,580.4,11.455,5.517,16.61,2.782,2.577,1.278,3.468,3.636,4.999,5.998,9.403,1.241,1.522,2.028,0.046,3.279,0.046,4.279,2.415,0.019
111,580.51,580.5,580.49,580.48,580.47,580.46,580.45,580.44,580.43,580.42,580.52,580.53,580.54,580.55,580.56,580.57,580.58,580.6,580.61,580.62,12.968,2.997,3.617,3.121,0.018,3.633,1.353,10.792,14.665,0.196,12.106,3.339,9.074,0.962,7.604,5.168,0.046,3.483,1.561,2.794
112,580.78,580.77,580.76,580.75,580.74,580.73,580.72,580.71,580.7,580.69,580.79,580.8,580.81,580.82,580.83,580.84,580.85,580.86,580.87,580.88,13.412,3.232,6.17,0.14,1.059,1.038,0.032,6.825,2.989,0.027,19.286,1.02,1.011,7.118,5.614,13.092,2.868,0.052,5.457,7.482
113,580.63,580.62,580.61,580.6,580.59,580.58,580.57,580.56,580.55,580.54,580.64,580.65,580.66,580.67,580.68,580.69,580.7,580.71,580.72,580.73,9.081,3.26,1.029,1.038,4.392,1.02,7.533,9.543,19.338,3.587,9.232,7.845,1.098,4.043,4.59,10.34,2.514,7.792,8.303,3.922
114,580.49,580.48,580.47,580.46,580.45,580.44,580.43,580.42,580.41,580.4,580.5,580.51,580.52,580.53,580.54,580.55,580.56,580.57,580.58,580.59,11.523,3.551,1.141,6.311,2.028,5.676,5.338,0.032,5.198,2.178,10.133,1.114,3.008,6.238,3.088,4.976,6.91,3.464,3.58,3.284
115,581.05,581.04,581.03,581.02,581.01,581,580.99,580.98,580.97,580.96,581.06,581.07,581.08,581.09,581.1,581.11,581.12,581.13,581.14,581.15,16.007,9.581,6.704,3.312,1.132,3.472,7.795,6.496,10.119,3.646,23.615,3.474,7.612,0.028,0.082,1.645,5.411,0.027,6.656,7.249
116,581.1,581.09,581.08,581.07,581.06,581.05,581.04,581.03,581.02,581.01,581.11,581.12,581.13,581.14,581.15,581.16,581.17,581.18,581.19,581.2,16.983,1.245,1.259,2.046,5.192,5.526,23.828,5.191,1.546,0.018,17.155,0.019,7.454,3.482,11.194,6.754,2,5.488,8.174,5.146
117,580.78,580.77,580.76,580.75,580.74,580.73,580.72,580.71,580.7,580.69,580.79,580.8,580.81,580.82,580.83,580.84,580.85,580.86,580.87,580.88,16.279,6.481,1.316,2.046,1.652,3.678,1.602,0.02,1.176,1.474,15.126,1.297,1.288,0.019,0.019,5.746,8.619,14.651,0.01,8.814
118,580.88,580.87,580.86,580.85,580.84,580.83,580.82,580.81,580.8,580.79,580.89,580.9,580.91,580.92,580.93,580.94,580.95,580.96,580.97,580.98,1.353,3.24,3.445,3.963,2.302,2.73,5.212,0.01,3.899,2.044,38.062,21.643,11.112,1.184,0.009,0.019,0.933,1.89,5.182,2.746
119,581.17,581.16,581.15,581.14,581.13,581.12,581.1,581.09,581.08,581.07,581.18,581.19,581.2,581.21,581.22,581.23,581.24,581.25,581.26,581.27,22.096,3.013,3.789,7.385,9.831,9.258,0.048,2.055,6.5,18.821,0.241,0.01,5.191,0.019,2.694,0.019,0.047,9.026,5.218,5.506
120,581.11,581.1,581.09,581.08,581.07,581.06,581.05,581.04,581.03,581.02,581.12,581.13,581.14,581.15,581.16,581.17,581.18,581.19,581.2,581.21,17.69,11.918,6.869,5.644,3.96,0.02,9.056,30.252,5.768,3.016,12.523,0.01,2.943,0.943,7.66,1.297,6.469,2.332,3.479,0.009
121,581.35,581.34,581.33,581.32,581.31,581.3,581.29,581.28,581.27,581.26,581.36,581.37,581.38,581.39,581.4,581.41,581.42,581.43,581.44,581.45,15.448,1.307,3.52,5.212,7.128,1.315,2.22,7.321,4.201,9.757,9.141,10.141,3.827,13.322,13.049,2.057,27.108,4.168,7.207,1.222
122,581.75,581.74,581.73,581.72,581.71,581.7,581.69,581.68,581.67,581.66,581.76,581.77,581.78,581.79,581.8,581.81,581.82,581.83,581.84,581.85,61.749,0.028,5.567,9.248,0.009,1.37,1.776,1.256,7.198,3.596,0.081,0.019,0.047,0.019,0.091,0.03,0.062,0.028,13.324,40.027
123,581.69,581.68,581.67,581.66,581.65,581.64,581.63,581.62,581.61,581.6,581.7,581.71,581.72,581.73,581.74,581.75,581.76,581.77,581.78,581.79,23.749,1.435,21.434,0.029,5.227,0.04,1.579,3.995,0.029,1.329,30.334,0.028,2.28,8.017,5.849,9.278,11.912,5.119,5.928,10.013
124,581.69,581.68,581.67,581.66,581.65,581.64,581.63,581.62,581.61,581.6,581.7,581.71,581.72,581.73,581.74,581.75,581.76,581.77,581.78,581.79,28.06,6.593,21.424,0.019,0.059,0.051,4.917,8.638,2.047,1.33,4.185,0.019,0.028,0.028,1.943,2.121,7.378,5.185,5.005,12.986
125,581.69,581.68,581.67,581.66,581.65,581.64,581.63,581.62,581.61,581.6,581.7,581.71,581.72,581.73,581.74,581.75,581.76,581.77,581.78,581.79,15.028,1.515,26.672,0.039,0.078,0.029,6.728,3.788,0.018,0.019,20.185,1.496,1.505,1.505,5.571,3.711,16.093,14.42,6.682,15.432
126,581.76,581.75,581.74,581.73,581.72,581.71,581.7,581.69,581.68,581.67,581.77,581.78,581.79,581.8,581.81,581.82,581.83,581.84,581.85,581.86,20.586,7.985,14.516,0.942,4.535,6.705,14.44,4.284,2.955,6.649,0.064,1.437,1.409,0.038,0.028,2.909,0.122,1.581,0.028,4.173
127,582.11,582.1,582.09,582.08,582.07,582.06,582.05,582.04,582.03,582.02,582.12,582.13,582.14,582.15,582.16,582.17,582.18,582.19,582.2,582.21,20.476,5.361,13.448,0.029,2.027,14.286,5.077,27.804,23.604,0.019,6.284,1.359,1.435,0.029,2.12,4.559,2.337,1.762,5.805,5.55
128,582.39,582.38,582.37,582.36,582.35,582.34,582.33,582.32,582.31,582.3,582.4,582.41,582.42,582.43,582.44,582.45,582.46,582.47,582.48,582.49,30.123,0.009,6.514,11.985,0.018,1.566,7.09,1.552,2.018,5.321,7.406,0.029,0.059,0.038,0.038,1.752,1.838,1.336,5.739,1.579
129,582.31,582.3,582.29,582.28,582.27,582.26,582.25,582.24,582.23,582.22,582.32,582.33,582.34,582.35,582.36,582.37,582.38,582.39,582.4,582.41,16.251,1.539,4.54,1.337,10.763,1.346,1.469,6.571,9.185,1.407,7.435,5.125,6.508,0.019,0.089,0.01,4.496,5.993,1.407,3.444
130,582.27,582.26,582.25,582.24,582.23,582.22,582.21,582.2,582.19,582.18,582.28,582.29,582.3,582.31,582.32,582.33,582.34,582.35,582.36,582.37,8.661,0.019,0.028,2.181,4.675,1.487,2.986,1.404,0.009,8.822,13.52,11.02,4.242,2.453,0.038,6.974,9.433,3.18,10.806,8.638
131,582.14,582.13,582.12,582.11,582.1,582.09,582.08,582.07,582.06,582.05,582.15,582.16,582.17,582.18,582.19,582.2,582.21,582.22,582.23,582.24,13.142,6.751,11.391,1.346,1.356,0.037,0.02,0.036,1.573,0.027,10.841,1.337,1.337,8.343,6.466,11.088,14.125,6.898,6.118,6.513
132,582.1,582.09,582.08,582.07,582.06,582.05,582.04,582.03,582.02,582.01,582.11,582.12,582.13,582.14,582.15,582.16,582.17,582.18,582.19,582.2,10.497,0.019,2.336,6.435,3.485,4.045,1.435,4.333,2.019,6.707,12.357,9.747,1.403,4.715,5.484,6.995,0.018,14.076,2.018,2.019
133,582,581.99,581.98,581.97,581.96,581.95,581.94,581.93,581.92,581.91,582.01,582.02,582.03,582.04,582.05,582.06,582.08,582.09,582.1,582.11,8.662,1.675,1.444,0.028,3.229,7.201,5.509,0.027,0.063,8.432,6.613,6.333,8.362,0.961,3.795,3.369,2.799,14.85,12.415,15.644
134,582.09,582.08,582.06,582.05,582.04,582.03,582.01,582,581.99,581.98,582.1,582.11,582.12,582.13,582.14,582.15,582.16,582.17,582.18,582.19,43.837,1.323,1.965,6.769,2.257,5.149,3.089,12.241,1.382,4.515,5.788,0.028,0.051,0.046,2.185,7.614,0.038,0.028,3.388,2.018
135,582.19,582.18,582.17,582.16,582.15,582.14,582.13,582.12,582.11,582.1,582.2,582.21,582.22,582.23,582.24,582.25,582.26,582.27,582.28,582.29,41.305,5.516,12.989,8.105,5.299,6.92,23.29,7.915,4.359,4.989,9.468,1.273,1.283,5.199,0.062,1.831,0.038,0.028,0.038,0.018
136,582.25,582.24,582.23,582.22,582.21,582.2,582.19,582.18,582.17,582.16,582.26,582.27,582.28,582.29,582.3,582.31,582.32,582.33,582.34,582.35,1.306,0.028,0.019,0.051,1.781,4.183,1.607,2.078,5.19,1.349,33.311,6.503,9.077,6.413,4.901,0.009,1.792,15.357,10.806,7.628
137,582.11,582.1,582.09,582.08,582.07,582.06,582.05,582.04,582.03,582.02,582.12,582.13,582.14,582.15,582.16,582.17,582.18,582.19,582.2,582.21,13.441,2.527,5.191,0.029,1.355,4.582,6.743,0.117,2.038,6.14,6.716,1.199,1.208,0.019,3.75,9.623,6.015,6.351,0.019,9.143
138,581.7,581.69,581.68,581.67,581.66,581.65,581.64,581.63,581.62,581.61,581.71,581.72,581.73,581.74,581.75,581.76,581.77,581.78,581.79,581.8,8.427,1.217,2.833,5.204,1.357,0.019,2.757,3.632,0.069,8.781,18.59,0.028,1.633,5.185,0.01,4.872,13.201,1.226,7.947,4.043
139,581.73,581.72,581.71,581.7,581.69,581.68,581.67,581.66,581.65,581.64,581.74,581.75,581.76,581.77,581.78,581.79,581.8,581.81,581.82,581.83,33.132,5.88,15.732,7.231,0.018,5.594,3.091,3.467,2.826,1.575,4.077,1.199,1.238,0.037,0.047,0.181,0.029,2.484,4.167,2.139
140,581.96,581.95,581.94,581.93,581.92,581.91,581.9,581.89,581.88,581.87,581.97,581.98,581.99,582,582.01,582.02,582.03,582.04,582.05,582.06,2.49,1.208,1.227,3.795,0.078,7.588,2.063,4.154,2.599,2.444,37.31,1.601,1.329,7.161,3.455,0.037,11.296,7.025,1.189,3.231
141,582.1,582.09,582.08,582.07,582.06,582.05,582.04,582.03,582.02,582.01,582.11,582.12,582.14,582.15,582.16,582.17,582.18,582.19,582.2,582.21,1.642,1.217,1.268,3.854,2.556,3.065,1.002,4.393,11.102,9.206,39.366,0.009,0.009,9.009,18.275,3.248,8.523,5.768,3.781,4.798
142,581.97,581.96,581.95,581.94,581.93,581.92,581.91,581.9,581.89,581.88,581.98,581.99,582,582.01,582.02,582.03,582.04,582.05,582.06,582.07,12.064,1.205,1.205,3.227,3.948,0.051,6.717,0.085,2.028,8.277,10.265,0.019,6.403,5.204,0.971,9.815,3.392,3.621,10.44,2.018
143,581.99,581.98,581.97,581.96,581.95,581.94,581.93,581.92,581.91,581.9,582,582.01,582.02,582.03,582.04,582.05,582.06,582.07,582.08,582.09,10.651,7.715,10.075,5.034,1.336,9.276,5.96,5.18,4.628,0.067,7.166,1.327,6.492,1.128,1.891,2.865,7.237,8.491,4.356,2.775
144,581.94,581.93,581.92,581.91,581.9,581.89,581.88,581.87,581.86,581.85,581.95,581.96,581.97,581.98,581.99,582,582.01,582.02,582.03,582.04,34.973,0.019,0.019,4.528,10.743,2.96,5.541,3.335,1.331,5.655,5.622,1.346,1.318,0.047,5.174,0.06,2.701,2.724,5.174,3.063
145,582.26,582.25,582.24,582.23,582.22,582.21,582.2,582.19,582.18,582.17,582.27,582.28,582.29,582.3,582.31,582.32,582.33,582.34,582.35,582.36,18.226,5.458,9.799,13.728,19.614,13.874,2.141,3.474,5.763,7.079,2.517,1.262,1.253,0.028,0.028,1.644,1.571,0.029,0.028,3.632
146,582.43,582.42,582.41,582.4,582.39,582.38,582.37,582.36,582.35,582.34,582.44,582.45,582.46,582.47,582.48,582.49,582.5,582.51,582.52,582.53,39.894,9.435,5.179,4.321,9.59,12.174,3.388,10.14,4.825,0.041,5.254,1.554,1.399,1.027,2.39,2.266,0.029,0.037,12.817,0.027
147,582.15,582.14,582.13,582.12,582.11,582.1,582.09,582.08,582.07,582.06,582.16,582.17,582.18,582.19,582.2,582.21,582.22,582.23,582.24,582.25,3.636,1.417,1.38,0.067,0.019,1.621,0.019,0.048,0.037,3.249,44.728,10.397,4.697,6.854,0.028,8.903,5.005,4.806,15.467,20.939
148,581.93,581.92,581.91,581.9,581.89,581.88,581.87,581.86,581.85,581.84,581.94,581.95,581.96,581.97,581.98,581.99,582,582.01,582.02,582.03,6.019,1.556,1.386,5.204,0.046,0.241,3.544,0.033,0.038,1.58,26.269,5.174,0.028,1.377,11.391,2.309,30.153,8.134,8.532,10.688
149,582.06,582.05,582.04,582.03,582.02,582.01,582,581.99,581.98,581.97,582.07,582.08,582.09,582.1,582.11,582.12,582.13,582.14,582.15,582.16,19.782,0.028,1.318,0.019,2.299,16.919,8.208,6.462,6.985,4.705,16.474,1.337,6.463,0.056,1.356,2.183,3.47,3.473,7.68,9.724
150,581.61,581.6,581.59,581.58,581.57,581.56,581.55,581.54,581.53,581.52,581.62,581.63,581.64,581.65,581.66,581.67,581.68,581.69,581.7,581.71,10.539,6.486,1.318,0.067,1.629,5.197,1.686,3.366,4.725,3.51,14.326,1.309,1.318,0.019,1.749,5.692,6.738,3.134,10.954,15.558
