timestamp,bid_price_0,bid_price_1,bid_price_2,bid_price_3,bid_price_4,bid_price_5,bid_price_6,bid_price_7,bid_price_8,bid_price_9,ask_price_0,ask_price_1,ask_price_2,ask_price_3,ask_price_4,ask_price_5,ask_price_6,ask_price_7,ask_price_8,ask_price_9,bid_size_0,bid_size_1,bid_size_2,bid_size_3,bid_size_4,bid_size_5,bid_size_6,bid_size_7,bid_size_8,bid_size_9,ask_size_0,ask_size_1,ask_size_2,ask_size_3,ask_size_4,ask_size_5,ask_size_6,ask_size_7,ask_size_8,ask_size_9
0,0.00001937,0.00001936,0.00001935,0.00001934,0.00001933,0.00001932,0.00001931,0.0000193,0.00001929,0.00001928,0.00001941,0.00001942,0.00001943,0.00001944,0.00001945,0.00001946,0.00001947,0.00001948,0.00001949,0.0000195,3407330,7159264,5960351,6635448,2482360,2069932,6981343,9418174,19914387,50333657,43233232,4499164,13281333,10079183,34402674,39552399,542459561,823934136,35309589,49603664
1,0.00001937,0.00001936,0.00001935,0.00001934,0.00001933,0.00001932,0.00001931,0.0000193,0.00001929,0.00001928,0.00001941,0.00001942,0.00001943,0.00001944,0.00001945,0.00001946,0.00001947,0.00001948,0.00001949,0.0000195,3407330,7159264,5960351,6635448,2482360,2069932,6981343,9418174,19914387,50333657,43233232,4499164,13281333,10079183,34402674,39552399,542459561,823934136,35309589,49603664
2,0.00001939,0.00001938,0.00001937,0.00001936,0.00001935,0.00001934,0.00001933,0.00001932,0.00001931,0.0000193,0.00001941,0.00001943,0.00001944,0.00001945,0.00001946,0.00001947,0.00001948,0.00001949,0.0000195,0.00001951,3403816,3950840,30339301,17888681,3793130,1970014,2119831,20014214,6981343,9418174,33918233,14534494,10079183,31111749,21718717,542459561,821456442,8524928,49603664,519503024
3,0.00001939,0.00001938,0.00001937,0.00001936,0.00001935,0.00001934,0.00001933,0.00001932,0.00001931,0.0000193,0.00001941,0.00001943,0.00001944,0.00001945,0.00001946,0.00001947,0.00001948,0.00001949,0.0000195,0.00001951,3403816,3950840,30339301,17888681,3793130,1970014,2119831,20014214,20106321,9418174,33918233,14534494,10079183,31111749,21718717,553293294,821456442,8524928,49603664,519503024
4,0.00001939,0.00001938,0.00001937,0.00001936,0.00001935,0.00001934,0.00001933,0.00001932,0.00001931,0.0000193,0.00001941,0.00001943,0.00001944,0.00001945,0.00001946,0.00001947,0.00001948,0.00001949,0.0000195,0.00001951,3403816,3950840,30339301,17888681,3793130,1970014,2119831,20014214,20106321,9418174,33320991,14534494,10079183,31111749,21718717,591497247,821456442,8524928,49603664,519503024
5,0.00001938,0.00001937,0.00001936,0.00001935,0.00001934,0.00001933,0.00001932,0.00001931,0.0000193,0.00001929,0.0000194,0.00001941,0.00001943,0.00001944,0.00001945,0.00001946,0.00001947,0.00001948,0.00001949,0.0000195,3950840,30339301,18789754,2549499,1970014,7134314,2069932,15110674,9418174,11604850,3402061,33302803,14534494,10079183,31111749,64115387,522281267,848267828,8524928,49603664
6,0.00001938,0.00001937,0.00001936,0.00001935,0.00001934,0.00001933,0.00001932,0.00001931,0.0000193,0.00001929,0.00001941,0.00001943,0.00001944,0.00001945,0.00001946,0.00001947,0.00001948,0.00001949,0.0000195,0.00001951,3950840,30339301,18789754,2549499,1970014,7134314,2069932,15110674,9418174,11604850,31577850,14534494,10079183,31111749,48544670,564669785,821456442,8524928,49603664,519503024
7,0.00001938,0.00001937,0.00001936,0.00001935,0.00001934,0.00001933,0.00001932,0.00001931,0.0000193,0.00001929,0.00001941,0.00001943,0.00001944,0.00001945,0.00001946,0.00001947,0.00001948,0.00001949,0.0000195,0.00001951,3950840,30339301,18789754,2549499,1970014,7134314,2069932,15110674,9418174,11604850,41655552,14534494,10079183,31111749,21718717,591488451,821456442,8524928,49603664,519503024
8,0.00001938,0.00001937,0.00001936,0.00001935,0.00001934,0.00001933,0.00001932,0.00001931,0.0000193,0.00001929,0.00001941,0.00001943,0.00001944,0.00001945,0.00001946,0.00001947,0.00001948,0.00001949,0.0000195,0.00001951,2251856,30339301,18789754,2549499,1970014,7134314,20014214,15110674,9398321,11604850,40436330,14534494,10079183,31111749,28482741,591488451,821456442,8524928,49603664,512739000
9,0.00001938,0.00001937,0.00001936,0.00001935,0.00001934,0.00001933,0.00001932,0.00001931,0.0000193,0.00001929,0.00001939,0.00001941,0.00001942,0.00001943,0.00001944,0.00001945,0.00001946,0.00001947,0.00001948,0.00001949,2134390,26931971,18789754,2549499,1970014,7134314,20014214,15110674,9398321,13248208,3125189,32326921,10387585,35534494,10079183,41123776,39866231,522281267,848261341,8524928
10,0.00001938,0.00001937,0.00001936,0.00001935,0.00001934,0.00001933,0.00001932,0.00001931,0.0000193,0.00001929,0.00001939,0.00001941,0.00001942,0.00001943,0.00001944,0.00001945,0.00001946,0.00001947,0.00001948,0.00001949,2134390,26931971,15380664,2549499,1970014,7113574,20014214,15110674,9398321,13248208,3125189,32326921,10387585,550202533,19909022,39539158,28482741,548971369,821456442,8524928
11,0.00001931,0.0000193,0.00001929,0.00001928,0.00001927,0.00001926,0.00001925,0.00001924,0.00001922,0.00001921,0.00001936,0.00001937,0.00001938,0.00001939,0.0000194,0.00001941,0.00001942,0.00001943,0.00001944,0.00001945,16337827,1968059,20277429,14324142,19497049,15333536,60655069,2003602,8649407,7016015,4971561,10530357,5130620,25484287,9777796,56636660,13468478,536101783,8516129,38613943
12,0.00001935,0.00001933,0.00001932,0.00001931,0.0000193,0.00001929,0.00001928,0.00001927,0.00001925,0.00001924,0.00001939,0.0000194,0.00001941,0.00001942,0.00001943,0.00001944,0.00001945,0.00001946,0.00001947,0.00001948,3410852,2001619,2932015,16337827,16667689,20277429,19332849,1552767,58596488,8303013,24778768,4511313,25624633,34468478,567110345,8516129,65427699,15304396,522165685,830258245
13,0.00001936,0.00001935,0.00001934,0.00001933,0.00001932,0.00001931,0.0000193,0.00001929,0.00001928,0.00001925,0.00001941,0.00001942,0.00001943,0.00001944,0.00001945,0.00001946,0.00001947,0.00001948,0.00001949,0.0000195,3409090,5403865,5200665,6666025,19436108,15471540,6918577,19914897,14324142,54267241,38631861,1502332,24677723,34516230,65427699,45428259,522165685,821456442,8524928,35036356
14,0.00001937,0.00001936,0.00001935,0.00001934,0.00001933,0.00001932,0.00001931,0.0000193,0.00001929,0.00001928,0.00001941,0.00001943,0.00001944,0.00001945,0.00001946,0.00001947,0.00001948,0.00001949,0.0000195,0.00001951,3407330,3409090,5403865,5556538,6666025,19436108,24349046,15195778,19914897,2125200,48089486,13282431,34516230,8527131,42123855,563664886,821456442,8524928,65123168,515095262
15,0.00001935,0.00001934,0.00001933,0.00001932,0.00001931,0.0000193,0.00001929,0.00001928,0.00001927,0.00001926,0.00001937,0.00001938,0.0000194,0.00001941,0.00001942,0.00001943,0.00001944,0.00001945,0.00001946,0.00001947,3410852,3412616,6666025,19436108,24349046,15195778,19914897,3923741,2820160,1648788,3407330,3405572,12151529,24566143,9998525,43406294,13516230,59613943,42123855,533541023
16,0.00001936,0.00001935,0.00001934,0.00001933,0.00001932,0.00001931,0.0000193,0.00001929,0.00001928,0.00001925,0.0000194,0.00001941,0.00001942,0.00001943,0.00001944,0.00001945,0.00001946,0.00001947,0.00001948,0.00001949,3409090,5044297,3227298,17780199,15959503,29694614,15140565,19914897,3923741,54267241,26931473,38780348,4736069,13282431,38639992,43558411,42117361,522165685,830258245,8524928
17,0.00001936,0.00001935,0.00001934,0.00001933,0.00001932,0.00001931,0.0000193,0.00001929,0.00001928,0.00001925,0.00001941,0.00001942,0.00001943,0.00001944,0.00001945,0.00001946,0.00001947,0.00001948,0.00001949,0.0000195,3409090,5428764,5408099,19012746,15959503,29694614,6863364,28196389,3923741,54267241,35927084,31584739,10034987,43625451,38613943,15304396,522165685,841623136,8524928,19516852
18,0.00001938,0.00001936,0.00001935,0.00001934,0.00001933,0.00001932,0.00001931,0.0000193,0.00001929,0.00001928,0.00001941,0.00001942,0.00001943,0.00001944,0.00001945,0.00001946,0.00001947,0.00001948,0.00001949,0.0000195,3405572,5420740,5787405,6627051,17783530,15600305,16569636,19286949,28046322,3075949,59544991,31317487,11766138,8516129,68737806,28470761,522165685,841623136,8524928,19516852
19,0.00001938,0.00001936,0.00001935,0.00001934,0.00001933,0.00001932,0.00001931,0.0000193,0.00001929,0.00001928,0.00001941,0.00001942,0.00001943,0.00001944,0.00001945,0.00001946,0.00001947,0.00001948,0.00001949,0.0000195,3405572,5420740,5787405,6627051,17783530,23868937,16569636,19286949,17508210,5193090,59544991,4468817,11766138,8516129,68737806,28470761,548984351,841623136,8524928,19516852
20,0.00001938,0.00001936,0.00001935,0.00001934,0.00001933,0.00001932,0.00001931,0.0000193,0.00001929,0.00001928,0.00001941,0.00001942,0.00001943,0.00001944,0.00001945,0.00001946,0.00001947,0.00001948,0.00001949,0.0000195,3405572,5420740,5787405,6627051,17783530,23868937,16569636,19286949,16336070,5193090,57278437,4468817,11766138,8516129,8527131,21706737,590485857,830258245,8524928,49603664
21,0.00001938,0.00001936,0.00001935,0.00001934,0.00001933,0.00001932,0.00001931,0.0000193,0.00001929,0.00001928,0.00001941,0.00001942,0.00001943,0.00001944,0.00001945,0.00001946,0.00001947,0.00001948,0.00001949,0.0000195,3405572,5420740,5787405,6627051,17783530,23868937,16569636,19286949,16336070,5193090,57278437,4468817,11766138,8516129,8527131,48539184,522165685,871753911,8524928,49603664
22,0.0000194,0.00001939,0.00001938,0.00001937,0.00001936,0.00001935,0.00001934,0.00001933,0.00001932,0.00001931,0.00001941,0.00001942,0.00001943,0.00001944,0.00001945,0.00001946,0.00001947,0.00001948,0.00001949,0.0000195,3402061,3403816,3405572,1979554,5773288,3607631,23352381,11006822,21403232,16569636,56114401,1221006,11766138,8516129,35373374,21706737,522165685,871753911,8524928,49603664
23,0.0000194,0.00001939,0.00001938,0.00001937,0.00001936,0.00001935,0.00001934,0.00001933,0.00001932,0.00001931,0.00001941,0.00001942,0.00001943,0.00001944,0.00001945,0.00001946,0.00001947,0.00001948,0.00001949,0.0000195,2706168,3403816,3405572,1979554,5773288,3607631,13668180,20686749,21403232,16569636,56102285,1221006,11766138,8516129,35373374,21706737,522165685,860382108,8524928,60966105
24,0.0000194,0.00001939,0.00001938,0.00001937,0.00001936,0.00001935,0.00001934,0.00001933,0.00001932,0.00001931,0.00001941,0.00001942,0.00001943,0.00001944,0.00001945,0.00001946,0.00001947,0.00001948,0.00001949,0.0000195,2706168,3403816,3405572,1979554,5773288,3607631,13668180,21540491,20549048,16569636,52504801,1221006,11766138,8516129,35373374,13424396,522165685,841632352,51672601,49603664
25,0.0000194,0.00001939,0.00001938,0.00001937,0.00001936,0.00001935,0.00001934,0.00001933,0.00001932,0.00001931,0.00001941,0.00001942,0.00001943,0.00001944,0.00001945,0.00001946,0.00001947,0.00001948,0.00001949,0.0000195,2706168,3403816,3405572,1979554,5773288,11863444,5408099,21540491,20549048,16569636,50558442,1221006,11766138,8516129,8527131,40269832,522165685,830258245,21548738,79727527
26,0.0000194,0.00001939,0.00001938,0.00001937,0.00001936,0.00001935,0.00001934,0.00001933,0.00001932,0.00001931,0.00001941,0.00001942,0.00001943,0.00001944,0.00001945,0.00001946,0.00001947,0.00001948,0.00001949,0.0000195,2706168,3403816,3405572,1979554,12161247,11863444,6261400,20686749,20549048,17899860,43304157,1221006,11766138,8516129,8527131,13424396,548997332,830258245,21548738,49603664
