timestamp,bid_price_0,bid_price_1,bid_price_2,bid_price_3,bid_price_4,bid_price_5,bid_price_6,bid_price_7,bid_price_8,bid_price_9,ask_price_0,ask_price_1,ask_price_2,ask_price_3,ask_price_4,ask_price_5,ask_price_6,ask_price_7,ask_price_8,ask_price_9,bid_size_0,bid_size_1,bid_size_2,bid_size_3,bid_size_4,bid_size_5,bid_size_6,bid_size_7,bid_size_8,bid_size_9,ask_size_0,ask_size_1,ask_size_2,ask_size_3,ask_size_4,ask_size_5,ask_size_6,ask_size_7,ask_size_8,ask_size_9
0,0.00001936,0.00001935,0.00001934,0.00001933,0.00001932,0.00001931,0.0000193,0.00001929,0.00001928,0.00001927,0.0000194,0.00001941,0.00001942,0.00001943,0.00001944,0.00001945,0.00001946,0.00001947,0.00001948,0.0000195,3409090,3410852,7264479,4778091,3218468,5776162,1987912,23335848,46972471,14333882,24762344,57007264,13475178,14985863,8516129,30086812,19919250,522558142,65052376,2564102
1,0.00001933,0.00001931,0.0000193,0.00001929,0.00001928,0.00001927,0.00001926,0.00001925,0.00001924,0.00001923,0.00001935,0.00001936,0.00001937,0.00001938,0.00001939,0.0000194,0.00001941,0.00001942,0.00001943,0.00001944,4731238,5403614,21350036,17298054,33808092,16355379,15226879,56147450,13684726,1335573,3410852,23565891,4926664,14856098,31208223,39539158,29019765,8527131,36837318,8516129
2,0.00001933,0.00001931,0.0000193,0.00001929,0.00001928,0.00001927,0.00001926,0.00001925,0.00001924,0.00001922,0.00001936,0.00001937,0.00001938,0.00001939,0.0000194,0.00001941,0.00001942,0.00001943,0.00001944,0.00001945,7223756,5403614,21350036,17298054,33808092,16355379,15226879,56147450,13684726,34622342,23565891,4926664,14856098,31208223,8527131,60031792,8527131,36837318,8516129,47052762
3,0.00001935,0.00001933,0.00001932,0.00001931,0.0000193,0.00001929,0.00001928,0.00001927,0.00001926,0.00001925,0.00001936,0.00001938,0.00001939,0.0000194,0.00001941,0.00001942,0.00001943,0.00001944,0.00001945,0.00001946,1535582,3435121,2439138,5403614,11008489,23335848,33808092,16355379,15226879,58596488,20081791,14856098,31208223,10163046,37544693,39539158,36837318,19899788,38613943,8540372
4,0.00001935,0.00001934,0.00001933,0.00001932,0.00001931,0.0000193,0.00001929,0.00001928,0.00001927,0.00001926,0.00001936,0.00001937,0.00001938,0.00001939,0.0000194,0.00001941,0.00001942,0.00001943,0.00001944,0.00001945,4597219,3412616,3435121,2439138,5403614,11008489,19914387,33808092,29586710,2050852,10536270,3407330,14856098,31208223,10163046,68556720,8527131,10034987,8516129,76788319
5,0.00001935,0.00001934,0.00001933,0.00001932,0.00001931,0.0000193,0.00001929,0.00001928,0.00001927,0.00001926,0.00001936,0.00001937,0.00001938,0.00001939,0.0000194,0.00001941,0.00001942,0.00001943,0.00001944,0.00001945,4323499,3412616,3435121,2439138,5403614,11008489,19914387,44017975,29586710,2050852,9268138,3407330,14856098,31208223,10163046,37544693,39539158,10034987,8516129,65408206
6,0.00001937,0.00001936,0.00001935,0.00001934,0.00001933,0.00001932,0.00001931,0.0000193,0.00001929,0.00001928,0.00001941,0.00001942,0.00001943,0.00001944,0.00001945,0.00001946,0.00001947,0.00001948,0.00001949,0.0000195,3407330,7159264,5960351,6635448,2482360,2069932,6981343,9418174,19914387,42047870,43233232,4499164,13281333,10079183,72577050,8540372,562095097,823934136,8524928,49603664
7,0.00001937,0.00001936,0.00001935,0.00001934,0.00001933,0.00001932,0.00001931,0.0000193,0.00001929,0.00001928,0.00001941,0.00001942,0.00001943,0.00001944,0.00001945,0.00001946,0.00001947,0.00001948,0.00001949,0.0000195,3407330,7159264,5960351,6635448,2482360,2069932,6981343,9418174,19914387,50333657,43233232,4499164,13281333,10079183,34402674,39552399,542459561,823934136,35309589,49603664
8,0.00001939,0.00001938,0.00001937,0.00001936,0.00001935,0.00001934,0.00001933,0.00001932,0.00001931,0.0000193,0.00001941,0.00001943,0.00001944,0.00001945,0.00001946,0.00001947,0.00001948,0.00001949,0.0000195,0.00001951,3403816,3950840,30339301,17888681,3793130,1970014,2119831,2069932,6981343,17695375,33918233,14534494,10079183,62123776,21718717,531083070,832829397,8524928,76387551,519503024
9,0.00001939,0.00001938,0.00001937,0.00001936,0.00001935,0.00001934,0.00001933,0.00001932,0.00001931,0.0000193,0.00001941,0.00001943,0.00001944,0.00001945,0.00001946,0.00001947,0.00001948,0.00001949,0.0000195,0.00001951,3403816,3950840,30339301,17888681,3793130,1970014,2119831,20014214,20106321,17695375,33918233,14534494,10079183,31111749,21718717,553293294,832829397,8524928,76387551,519503024
10,0.00001939,0.00001938,0.00001937,0.00001936,0.00001935,0.00001934,0.00001933,0.00001932,0.00001931,0.0000193,0.00001941,0.00001943,0.00001944,0.00001945,0.00001946,0.00001947,0.00001948,0.00001949,0.0000195,0.00001951,3403816,3950840,30339301,17888681,3793130,1970014,2119831,20014214,20106321,9418174,33320991,14534494,10079183,31111749,21718717,591497247,821456442,8524928,49603664,519503024
11,0.00001938,0.00001937,0.00001936,0.00001935,0.00001934,0.00001933,0.00001932,0.00001931,0.0000193,0.00001929,0.0000194,0.00001941,0.00001943,0.00001944,0.00001945,0.00001946,0.00001947,0.00001948,0.00001949,0.0000195,3950840,30339301,18789754,2549499,1970014,7134314,2069932,15110674,9418174,11604850,3402061,33302803,14534494,10079183,31111749,64115387,522281267,848267828,8524928,49603664
12,0.00001938,0.00001937,0.00001936,0.00001935,0.00001934,0.00001933,0.00001932,0.00001931,0.0000193,0.00001929,0.00001941,0.00001943,0.00001944,0.00001945,0.00001946,0.00001947,0.00001948,0.00001949,0.0000195,0.00001951,3950840,30339301,18789754,2549499,1970014,7134314,2069932,15110674,9418174,11604850,31577850,14534494,10079183,31111749,21718717,591488451,821456442,8524928,49603664,519503024
13,0.00001938,0.00001937,0.00001936,0.00001935,0.00001934,0.00001933,0.00001932,0.00001931,0.0000193,0.00001929,0.00001941,0.00001943,0.00001944,0.00001945,0.00001946,0.00001947,0.00001948,0.00001949,0.0000195,0.00001951,3950840,30339301,18789754,2549499,1970014,7134314,2069932,15110674,9418174,11604850,41655552,14534494,10079183,31111749,21718717,591488451,821456442,8524928,49603664,519503024
14,0.00001938,0.00001937,0.00001936,0.00001935,0.00001934,0.00001933,0.00001932,0.00001931,0.0000193,0.00001929,0.00001941,0.00001943,0.00001944,0.00001945,0.00001946,0.00001947,0.00001948,0.00001949,0.0000195,0.00001951,2251856,30339301,18789754,2549499,1970014,7134314,20014214,15110674,9398321,11604850,40436330,14534494,10079183,31111749,28482741,591488451,821456442,8524928,49603664,512739000
15,0.00001938,0.00001937,0.00001936,0.00001935,0.00001934,0.00001933,0.00001932,0.00001931,0.0000193,0.00001929,0.00001939,0.00001941,0.00001942,0.00001943,0.00001944,0.00001945,0.00001946,0.00001947,0.00001948,0.00001949,2134390,26931971,18789754,2549499,1970014,7134314,20014214,15110674,9398321,13248208,3125189,32326921,10387585,35534494,10079183,41123776,39866231,522281267,848261341,8524928
16,0.00001938,0.00001937,0.00001936,0.00001935,0.00001934,0.00001933,0.00001932,0.00001931,0.0000193,0.00001929,0.00001939,0.00001941,0.00001942,0.00001943,0.00001944,0.00001945,0.00001946,0.00001947,0.00001948,0.00001949,2134390,26931971,15380664,2549499,1970014,7113574,20014214,15110674,9398321,13248208,3125189,32326921,10387585,550202533,19909022,39539158,28482741,548971369,821456442,8524928
17,0.00001931,0.0000193,0.00001929,0.00001928,0.00001927,0.00001926,0.00001925,0.00001924,0.00001922,0.00001921,0.00001936,0.00001937,0.00001938,0.00001939,0.0000194,0.00001941,0.00001942,0.00001943,0.00001944,0.00001945,16337827,1968059,20277429,14324142,19497049,15333536,60655069,2003602,8649407,7016015,4971561,10530357,5130620,25484287,9777796,56636660,13468478,536101783,8516129,38613943
18,0.00001935,0.00001933,0.00001932,0.00001931,0.0000193,0.00001929,0.00001928,0.00001927,0.00001925,0.00001923,0.00001939,0.0000194,0.00001941,0.00001942,0.00001943,0.00001944,0.00001945,0.00001946,0.00001947,0.00001948,3410852,2001619,2932015,16337827,16667689,20277429,19332849,1552767,58596488,7008718,51629873,4511313,25624633,45861550,555715053,8516129,38613943,15304396,522165685,830258245
19,0.00001936,0.00001935,0.00001934,0.00001933,0.00001932,0.00001931,0.0000193,0.00001929,0.00001928,0.00001925,0.00001941,0.00001942,0.00001943,0.00001944,0.00001945,0.00001946,0.00001947,0.00001948,0.00001949,0.0000195,3409090,5403865,5200665,6666025,19436108,15471540,6918577,19914897,14324142,54267241,38631861,1502332,24677723,34516230,65427699,45428259,522165685,821456442,8524928,35036356
20,0.00001937,0.00001936,0.00001935,0.00001934,0.00001933,0.00001932,0.00001931,0.0000193,0.00001929,0.00001928,0.00001941,0.00001942,0.00001943,0.00001944,0.00001945,0.00001946,0.00001947,0.00001948,0.00001949,0.0000195,3407330,3409090,5403865,5200665,6666025,19436108,24709912,6918577,19914897,4114259,48089486,1502332,13282431,45909123,8527131,15304396,579095232,821456442,8524928,65123168
21,0.00001934,0.00001933,0.00001932,0.00001931,0.0000193,0.00001929,0.00001928,0.00001927,0.00001926,0.00001925,0.00001937,0.00001938,0.0000194,0.00001941,0.00001942,0.00001943,0.00001944,0.00001945,0.00001946,0.00001947,3412616,6666025,19075242,24704919,15195778,19914897,3923741,2820160,1648788,54267241,3407330,3405572,12151529,33088870,40122388,13282431,13516230,86440694,15304396,522165685
22,0.00001936,0.00001935,0.00001934,0.00001933,0.00001932,0.00001931,0.0000193,0.00001929,0.00001928,0.00001925,0.0000194,0.00001941,0.00001942,0.00001943,0.00001944,0.00001945,0.00001946,0.00001947,0.00001948,0.00001949,3409090,5044297,3227298,17780199,15959503,29694614,15140565,19914897,3923741,54267241,26931473,38780348,4736069,13282431,38639992,70385162,15304396,522165685,841626592,8524928
23,0.00001936,0.00001935,0.00001934,0.00001933,0.00001932,0.00001931,0.0000193,0.00001929,0.00001928,0.00001925,0.00001941,0.00001942,0.00001943,0.00001944,0.00001945,0.00001946,0.00001947,0.00001948,0.00001949,0.0000195,3409090,5428764,5408099,19012746,15959503,29694614,6863364,28196389,3923741,54267241,35927084,31584739,10034987,43625451,38613943,15304396,522165685,841623136,8524928,19516852
24,0.00001938,0.00001936,0.00001935,0.00001934,0.00001933,0.00001932,0.00001931,0.0000193,0.00001929,0.00001928,0.00001941,0.00001942,0.00001943,0.00001944,0.00001945,0.00001946,0.00001947,0.00001948,0.00001949,0.0000195,3405572,5420740,5787405,6627051,17783530,15600305,16569636,19286949,28046322,3075949,59544991,31317487,11766138,8516129,68737806,28470761,522165685,841623136,8524928,19516852
25,0.00001938,0.00001936,0.00001935,0.00001934,0.00001933,0.00001932,0.00001931,0.0000193,0.00001929,0.00001928,0.00001941,0.00001942,0.00001943,0.00001944,0.00001945,0.00001946,0.00001947,0.00001948,0.00001949,0.0000195,3405572,5420740,5787405,6627051,17783530,23868937,16569636,19286949,17508210,5193090,59544991,4468817,11766138,8516129,68737806,28470761,548984351,841623136,8524928,19516852
26,0.00001938,0.00001936,0.00001935,0.00001934,0.00001933,0.00001932,0.00001931,0.0000193,0.00001929,0.00001928,0.00001941,0.00001942,0.00001943,0.00001944,0.00001945,0.00001946,0.00001947,0.00001948,0.00001949,0.0000195,3405572,5420740,5787405,6627051,17783530,23868937,16569636,19286949,16336070,5193090,57278437,4468817,11766138,8516129,8527131,21706737,590485857,830258245,8524928,49603664
27,0.00001938,0.00001936,0.00001935,0.00001934,0.00001933,0.00001932,0.00001931,0.0000193,0.00001929,0.00001928,0.00001941,0.00001942,0.00001943,0.00001944,0.00001945,0.00001946,0.00001947,0.00001948,0.00001949,0.0000195,3405572,5420740,5787405,6627051,17783530,23868937,16569636,19286949,16336070,5193090,57278437,4468817,11766138,8516129,8527131,48539184,522165685,871753911,8524928,49603664
28,0.0000194,0.00001939,0.00001938,0.00001937,0.00001936,0.00001935,0.00001934,0.00001933,0.00001932,0.00001931,0.00001941,0.00001942,0.00001943,0.00001944,0.00001945,0.00001946,0.00001947,0.00001948,0.00001949,0.0000195,3402061,3403816,3405572,1979554,5773288,3607631,23352381,11006822,21403232,16569636,56114401,1221006,11766138,8516129,35373374,21706737,522165685,871753911,8524928,49603664
29,0.0000194,0.00001939,0.00001938,0.00001937,0.00001936,0.00001935,0.00001934,0.00001933,0.00001932,0.00001931,0.00001941,0.00001942,0.00001943,0.00001944,0.00001945,0.00001946,0.00001947,0.00001948,0.00001949,0.0000195,2706168,3403816,3405572,1979554,5773288,3607631,13668180,20686749,21403232,16569636,56102285,1221006,11766138,8516129,35373374,21706737,522165685,860382108,8524928,60966105
30,0.0000194,0.00001939,0.00001938,0.00001937,0.00001936,0.00001935,0.00001934,0.00001933,0.00001932,0.00001931,0.00001941,0.00001942,0.00001943,0.00001944,0.00001945,0.00001946,0.00001947,0.00001948,0.00001949,0.0000195,2706168,3403816,3405572,1979554,5773288,3607631,13668180,21540491,20549048,16569636,52504801,1221006,11766138,8516129,35373374,13424396,522165685,841632352,51672601,49603664
31,0.0000194,0.00001939,0.00001938,0.00001937,0.00001936,0.00001935,0.00001934,0.00001933,0.00001932,0.00001931,0.00001941,0.00001942,0.00001943,0.00001944,0.00001945,0.00001946,0.00001947,0.00001948,0.00001949,0.0000195,2706168,3403816,3405572,1979554,5773288,11863444,5408099,21540491,20549048,16569636,50558442,1221006,11766138,8516129,8527131,40269832,522165685,830258245,21548738,79727527
32,0.0000194,0.00001939,0.00001938,0.00001937,0.00001936,0.00001935,0.00001934,0.00001933,0.00001932,0.00001931,0.00001941,0.00001942,0.00001943,0.00001944,0.00001945,0.00001946,0.00001947,0.00001948,0.00001949,0.0000195,2706168,3403816,3405572,1979554,12161247,11863444,6261400,20686749,20549048,17899860,43304157,1221006,11766138,8516129,8527131,13424396,548997332,830258245,21548738,49603664
33,0.0000194,0.00001939,0.00001938,0.00001937,0.00001936,0.00001935,0.00001934,0.00001933,0.00001932,0.00001931,0.00001941,0.00001942,0.00001943,0.00001944,0.00001945,0.00001946,0.00001947,0.00001948,0.00001949,0.0000195,2706168,3403816,3405572,2328781,12161247,11504803,5408099,21540491,20549048,17899860,43304157,1221006,11766138,8516129,8527131,13424396,548997332,830258245,51672601,60966105
34,0.00001939,0.00001938,0.00001937,0.00001936,0.00001935,0.00001934,0.00001933,0.00001932,0.00001931,0.0000193,0.00001941,0.00001943,0.00001944,0.00001945,0.00001946,0.00001947,0.00001948,0.00001949,0.0000195,0.00001951,3403816,3405572,1979554,12161247,3248990,13668180,21540491,20549048,17899860,14391644,44505155,12991995,8516129,8527131,40269832,522165685,830258245,63040872,49603664,523377603
35,0.00001939,0.00001938,0.00001937,0.00001936,0.00001935,0.00001934,0.00001933,0.00001932,0.00001931,0.0000193,0.00001941,0.00001943,0.00001944,0.00001945,0.00001946,0.00001947,0.00001948,0.00001949,0.0000195,0.00001951,2831625,3405572,1979554,12161247,20338313,14523946,11914887,20549048,8661488,14391644,43989812,12991995,8516129,8527131,40263337,522165685,841631200,51672601,49603664,523377603
36,0.00001938,0.00001937,0.00001936,0.00001935,0.00001934,0.00001933,0.00001932,0.00001931,0.0000193,0.00001929,0.00001941,0.00001943,0.00001944,0.00001945,0.00001946,0.00001947,0.00001948,0.00001949,0.0000195,0.00001951,2170939,1979554,11808699,3599877,31441532,12771096,20549048,8661488,14391644,45935257,40972594,12991995,8516129,857995481,13424396,522165685,28679912,872652748,49603664,523377603
37,0.00001938,0.00001937,0.00001936,0.00001935,0.00001934,0.00001933,0.00001932,0.00001931,0.0000193,0.00001929,0.00001941,0.00001943,0.00001944,0.00001945,0.00001946,0.00001947,0.00001948,0.00001949,0.0000195,0.00001951,3405572,15348758,10710796,8000739,6619738,20531790,6922529,3315920,14391644,47879841,39434517,14610844,10129036,857995481,13424396,522165685,28679912,872652748,49603664,520899909
38,0.00001938,0.00001937,0.00001936,0.00001935,0.00001934,0.00001933,0.00001932,0.00001931,0.0000193,0.00001929,0.00001941,0.00001943,0.00001944,0.00001945,0.00001946,0.00001947,0.00001948,0.00001949,0.0000195,0.00001951,2873959,15348758,10710796,8000739,22343312,20531790,7779181,3315920,14262731,47879841,39434517,14610844,10129036,857995481,13424396,522165685,58803775,842528885,49603664,520899909
39,0.00001938,0.00001937,0.00001936,0.00001935,0.00001934,0.00001933,0.00001932,0.00001931,0.0000193,0.00001929,0.00001939,0.0000194,0.00001941,0.00001942,0.00001943,0.00001944,0.00001945,0.00001946,0.00001947,0.00001948,2873959,15348758,10710796,8000739,22343312,20531790,7779181,3315920,14262731,47096356,3403816,3402061,42698319,10434874,14610844,10129036,857995481,13424396,563667191,17306957
40,0.00001938,0.00001937,0.00001936,0.00001935,0.00001934,0.00001933,0.00001932,0.00001931,0.0000193,0.00001929,0.0000194,0.00001941,0.00001942,0.00001943,0.00001944,0.00001945,0.00001946,0.00001947,0.00001948,0.00001949,1740322,15348758,10710796,8353286,22343312,20179242,7779181,3315920,14262731,39853870,3402061,42698685,10434874,14610844,10129036,857995481,13424396,563667191,17306957,842528885
41,0.00001938,0.00001937,0.00001936,0.00001935,0.00001934,0.00001933,0.00001932,0.00001931,0.0000193,0.00001929,0.00001941,0.00001942,0.00001943,0.00001944,0.00001945,0.00001946,0.00001947,0.00001948,0.00001949,0.0000195,496973,15348758,10710796,8353286,22343312,21035451,6922529,3315920,14262731,39853870,23523343,5173507,14610844,36982588,852149238,13424396,533543328,47430820,842528885,49603664
42,0.00001938,0.00001937,0.00001936,0.00001935,0.00001934,0.00001933,0.00001932,0.00001931,0.0000193,0.00001929,0.00001941,0.00001942,0.00001943,0.00001944,0.00001945,0.00001946,0.00001947,0.00001948,0.00001949,0.0000195,70050,15348758,10710796,8353286,22343312,20179242,7779181,3315920,14262731,39853870,23523343,5173507,35610844,36982588,831149238,13424396,552289548,28678760,842528885,49603664
43,0.00001938,0.00001937,0.00001936,0.00001935,0.00001934,0.00001933,0.00001932,0.00001931,0.0000193,0.00001929,0.00001941,0.00001942,0.00001943,0.00001944,0.00001945,0.00001946,0.00001947,0.00001948,0.00001949,0.0000195,70050,15348758,10710796,8353286,22343312,21035451,6922529,3315920,14262731,36939766,15231380,5173507,14610844,57982588,831149238,24807886,522165685,38629017,842528885,49603664
44,0.00001938,0.00001937,0.00001936,0.00001935,0.00001934,0.00001933,0.00001932,0.00001931,0.0000193,0.00001929,0.0000194,0.00001941,0.00001942,0.00001943,0.00001944,0.00001945,0.00001946,0.00001947,0.00001948,0.00001949,3405572,14977952,10710796,8353286,5763972,29859169,15191161,4173015,14262731,36939766,2977502,15231380,1927527,14610844,57982588,831149238,54931749,522165685,8505154,842528885
45,0.00001938,0.00001937,0.00001936,0.00001935,0.00001934,0.00001933,0.00001932,0.00001931,0.0000193,0.00001929,0.0000194,0.00001942,0.00001943,0.00001944,0.00001945,0.00001946,0.00001947,0.00001948,0.00001949,0.0000195,3405572,14977952,10800626,8353286,1995483,29859169,15191161,2842791,14262731,38271370,2054023,1927527,28044531,31129036,831149238,43548259,533542176,8505154,842528885,49603664
46,0.00001938,0.00001937,0.00001936,0.00001935,0.00001934,0.00001933,0.00001932,0.00001931,0.0000193,0.00001929,0.0000194,0.00001941,0.00001942,0.00001943,0.00001944,0.00001945,0.00001946,0.00001947,0.00001948,0.00001949,1989232,14977952,10800626,8353286,1995483,29859169,15191161,2842791,14262731,38271370,944140,23517277,1927527,28044531,545532328,861273101,13424396,19901419,521881693,842528885
47,0.00001938,0.00001937,0.00001936,0.00001935,0.00001934,0.00001933,0.00001932,0.00001931,0.0000193,0.00001929,0.00001939,0.0000194,0.00001941,0.00001942,0.00001943,0.00001944,0.00001945,0.00001946,0.00001947,0.00001948,309597,14977952,8802878,8353286,1995483,11914887,15191161,19929978,14262731,7254553,3403816,944140,26769323,10437068,28044531,575656191,831149238,33089074,8524928,521881693
48,0.00001935,0.00001934,0.00001933,0.00001932,0.00001931,0.0000193,0.00001929,0.00001928,0.00001927,0.00001926,0.00001936,0.00001937,0.00001938,0.00001939,0.0000194,0.00001941,0.00001942,0.00001943,0.00001944,0.00001945,4751749,4068170,13510609,2331322,19929978,27534666,6396569,15713456,1900198,1901669,2872466,3407330,6653750,3246712,10415600,35844613,50038030,13509424,537955854,861236050
49,0.00001935,0.00001934,0.00001933,0.00001932,0.00001931,0.0000193,0.00001929,0.00001928,0.00001927,0.00001926,0.00001936,0.00001937,0.00001938,0.00001939,0.0000194,0.00001941,0.00001942,0.00001943,0.00001944,0.00001945,4751749,4068170,12279086,3582659,1985696,14262731,19888866,28153493,1900198,1901669,3266949,3407330,6653750,24246712,25081681,13595929,50038030,13509424,524532328,861236050
50,0.00001935,0.00001934,0.00001933,0.00001932,0.00001931,0.0000193,0.00001929,0.00001928,0.00001927,0.00001926,0.00001936,0.00001937,0.00001938,0.00001939,0.0000194,0.00001941,0.00001942,0.00001943,0.00001944,0.00001945,4751749,4068170,12279086,3582659,1985696,14262731,19888866,28153493,1900198,1901669,61019,3407330,6653750,24246712,25081681,13595929,50038030,13509424,524532328,861236050
51,0.00001935,0.00001934,0.00001933,0.00001932,0.00001931,0.0000193,0.00001929,0.00001928,0.00001927,0.00001926,0.00001936,0.00001937,0.00001939,0.0000194,0.00001941,0.00001942,0.00001943,0.00001944,0.00001945,0.00001946,4157302,4068170,12279086,3582659,1985696,14262731,19888866,28153493,1900198,1901669,2737938,3407330,24246712,25081681,13595929,38633404,13509424,535918295,861236050,23586737
52,0.00001934,0.00001933,0.00001932,0.00001931,0.0000193,0.00001929,0.00001928,0.00001927,0.00001926,0.00001925,0.00001936,0.00001937,0.00001939,0.0000194,0.00001941,0.00001942,0.00001943,0.00001944,0.00001945,0.00001946,4068170,14755691,3225123,2351563,14262731,19888866,28153493,1900198,1901669,59911172,2737938,3407330,26108588,25081681,11759911,50031097,13509424,524532328,861236050,23586737
53,0.00001936,0.00001935,0.00001934,0.00001933,0.00001932,0.00001931,0.0000193,0.00001929,0.00001928,0.00001927,0.00001938,0.0000194,0.00001941,0.00001942,0.00001943,0.00001944,0.00001945,0.00001946,0.00001947,0.00001948,3409090,3410852,5964543,18262747,2339653,1985696,6919324,19888866,24808861,10190285,3405572,29321080,34298861,13280625,43633287,524532328,861236050,23586737,8524928,521881693
54,0.00001936,0.00001935,0.00001934,0.00001933,0.00001932,0.00001931,0.0000193,0.00001929,0.00001928,0.00001927,0.00001938,0.0000194,0.00001941,0.00001942,0.00001943,0.00001944,0.00001945,0.00001946,0.00001947,0.00001948,3409090,3410852,5964543,9090327,2339653,1985696,12401447,19888866,32115162,1900198,3113575,15894045,34298861,13280625,70474643,524532328,861236050,23586737,8524928,521881693
55,0.00001937,0.00001936,0.00001935,0.00001934,0.00001933,0.00001932,0.00001931,0.0000193,0.00001929,0.00001928,0.0000194,0.00001941,0.00001942,0.00001943,0.00001944,0.00001945,0.00001946,0.00001947,0.00001948,0.00001949,2949284,3409090,5294772,6320788,9090327,1973786,1985696,12401447,19888866,22086689,11412913,49001975,43404488,35359683,524532328,866153817,23586737,8524928,521881693,842528885
56,0.00001937,0.00001936,0.00001935,0.00001934,0.00001933,0.00001932,0.00001931,0.0000193,0.00001929,0.00001928,0.0000194,0.00001941,0.00001942,0.00001943,0.00001944,0.00001945,0.00001946,0.00001947,0.00001948,0.00001949,3407330,3409090,5294772,6314128,9090327,1973786,19929978,12401447,10226076,13800902,5997422,49001243,13280625,10039480,551379379,896277680,23586737,8524928,521881693,842528885
57,0.00001937,0.00001936,0.00001935,0.00001934,0.00001933,0.00001932,0.00001931,0.0000193,0.00001929,0.00001928,0.00001941,0.00001942,0.00001943,0.00001944,0.00001945,0.00001946,0.00001947,0.00001948,0.00001949,0.0000195,3407330,3409090,6532894,6314128,7850837,1973786,19929978,12401447,10226076,13800902,14845758,38400609,10039480,524532328,892987065,53710600,8524928,521881693,842528885,35036356
58,0.00001937,0.00001936,0.00001935,0.00001934,0.00001933,0.00001932,0.00001931,0.0000193,0.00001929,0.00001928,0.00001941,0.00001942,0.00001943,0.00001944,0.00001945,0.00001946,0.00001947,0.00001948,0.00001949,0.0000195,3407330,3409090,6532894,6314128,7850837,1973786,19929978,12401447,10226076,11748495,14554652,26995146,21439949,524532328,892987065,53710600,8524928,521881693,842528885,35036356
59,0.00001937,0.00001936,0.00001935,0.00001934,0.00001933,0.00001932,0.00001931,0.0000193,0.00001929,0.00001928,0.00001939,0.00001941,0.00001942,0.00001943,0.00001944,0.00001945,0.00001946,0.00001947,0.00001948,0.00001949,2721613,3409090,6532894,6314128,7850837,6858640,19929978,15727383,1944584,11563696,2366399,3246712,32253948,24681533,40252899,892987065,23586737,8524928,521881693,842528885
60,0.00001936,0.00001935,0.00001934,0.00001933,0.00001932,0.00001931,0.0000193,0.00001929,0.00001928,0.00001926,0.00001942,0.00001943,0.00001944,0.00001945,0.00001946,0.00001947,0.00001948,0.00001949,0.0000195,0.00001951,3409090,5846469,7003381,6961758,1973786,20292510,12438356,10226076,11493409,8908093,23510153,1521153,51609510,836067005,23586737,38648791,521881693,842528885,65123168,8513931
61,0.00001936,0.00001935,0.00001934,0.00001933,0.00001932,0.00001931,0.0000193,0.00001929,0.00001928,0.00001926,0.00001939,0.00001941,0.00001942,0.00001943,0.00001944,0.00001945,0.00001946,0.00001947,0.00001948,0.00001949,3409090,7072243,5756337,6961758,6908186,20292510,7450182,10226076,11493409,8908093,3403816,24245980,13916486,10037282,43499977,862906751,23586737,8524928,521881693,842528885
62,0.00001936,0.00001935,0.00001934,0.00001933,0.00001932,0.00001931,0.0000193,0.00001929,0.00001928,0.00001926,0.00001942,0.00001943,0.00001944,0.00001945,0.00001946,0.00001947,0.00001948,0.00001949,0.0000195,0.00001951,2114250,7072243,5756337,6961758,1973786,2348228,12351857,19888866,19779196,8908093,33259895,30094938,11763207,836067005,23586737,8524928,552005556,842528885,35036356,38600743
63,0.00001933,0.00001931,0.0000193,0.00001929,0.00001928,0.00001927,0.00001926,0.00001925,0.00001924,0.00001923,0.00001935,0.00001936,0.00001937,0.00001938,0.00001939,0.0000194,0.00001941,0.00001942,0.00001943,0.00001944,4703810,3228627,10225294,10226076,16397218,19534191,10659366,59752731,1743033,1724548,3410852,3409090,3248912,8527131,35488687,17729375,41879384,24628803,30086812,8516129
64,0.00001933,0.00001931,0.0000193,0.00001929,0.00001928,0.00001927,0.00001926,0.00001925,0.00001924,0.00001923,0.00001935,0.00001936,0.00001937,0.00001938,0.00001939,0.0000194,0.00001941,0.00001942,0.00001943,0.00001944,3488416,3228627,10225294,1944584,16397218,19534191,10659366,64309578,1743033,5114449,2867523,3409090,3248912,8527131,65612550,44573153,18519545,24628803,30086812,8516129
65,0.00001933,0.00001931,0.0000193,0.00001929,0.00001928,0.00001927,0.00001926,0.00001925,0.00001924,0.00001923,0.00001935,0.00001936,0.00001937,0.00001938,0.00001939,0.0000194,0.00001941,0.00001942,0.00001943,0.00001944,3488416,3228627,10225294,1944584,16397218,19534191,10659366,64309578,1743033,5114449,1655328,3409090,3248912,8527131,35488687,74697016,18519545,24628803,30086812,8516129
66,0.00001933,0.00001932,0.00001931,0.0000193,0.00001929,0.00001928,0.00001927,0.00001926,0.00001925,0.00001924,0.00001936,0.00001938,0.00001939,0.0000194,0.00001941,0.00001942,0.00001943,0.00001944,0.00001945,0.00001946,5698920,1729650,3228627,10225294,1944584,16397218,19534191,10659366,56010878,10046046,3409090,3249279,41365106,32390374,66349493,13464398,853607383,8516129,24046635,8540372
67,0.00001935,0.00001934,0.00001933,0.00001932,0.00001931,0.0000193,0.00001929,0.00001928,0.00001927,0.00001926,0.0000194,0.00001941,0.00001942,0.00001943,0.00001944,0.00001945,0.00001946,0.00001947,0.00001948,0.00001949,3410852,3412616,7418763,3435431,1985696,15137884,19888866,11493409,1589909,10659366,10436669,57839952,8518327,76541136,8516129,24046635,8540372,830405019,521881693,21548738
68,0.00001935,0.00001934,0.00001933,0.00001932,0.00001931,0.0000193,0.00001929,0.00001928,0.00001927,0.00001926,0.0000194,0.00001941,0.00001942,0.00001943,0.00001944,0.00001945,0.00001946,0.00001947,0.00001948,0.00001949,5962858,5015129,6376479,2201006,1985696,15137884,19888866,10246356,9879996,10659366,8282341,29018411,13246219,19908892,13533679,50866888,38664235,830405019,521881693,51635550
69,0.00001935,0.00001934,0.00001933,0.00001932,0.00001931,0.0000193,0.00001929,0.00001928,0.00001927,0.00001926,0.0000194,0.00001941,0.00001942,0.00001943,0.00001944,0.00001945,0.00001946,0.00001947,0.00001948,0.00001949,5962858,5015129,6376479,2201006,1985696,15137884,19888866,10246356,9879996,10659366,8282341,29018411,13246219,8516129,24925761,50866888,38664235,830405019,521881693,51635550
70,0.00001935,0.00001934,0.00001933,0.00001932,0.00001931,0.0000193,0.00001929,0.00001928,0.00001927,0.00001926,0.0000194,0.00001941,0.00001942,0.00001943,0.00001944,0.00001945,0.00001946,0.00001947,0.00001948,0.00001949,5962858,5015129,6376479,2201006,1985696,13429633,19888866,10246356,16233715,1751273,7729041,29018411,24650034,8516129,13533679,50866888,38664235,830405019,521881693,51635550
71,0.00001935,0.00001934,0.00001933,0.00001932,0.00001931,0.0000193,0.00001929,0.00001928,0.00001927,0.00001926,0.00001937,0.00001939,0.0000194,0.00001941,0.00001942,0.00001943,0.00001944,0.00001945,0.00001946,0.00001947,2552006,3412616,6376479,2201006,1985696,13429633,19888866,10246356,7943628,10045664,3407330,3215531,46375631,32232842,11732758,50000886,13533679,50866888,8540372,830405019
72,0.00001935,0.00001934,0.00001933,0.00001932,0.00001931,0.0000193,0.00001929,0.00001928,0.00001927,0.00001926,0.0000194,0.00001941,0.00001942,0.00001943,0.00001944,0.00001945,0.00001946,0.00001947,0.00001948,0.00001949,2552006,3412616,6376479,2201006,1985696,13429633,19888866,10246356,7943628,1751273,22151400,43639938,11732758,8516129,40348226,8527131,38664235,830405019,521881693,51635550
73,0.00001935,0.00001934,0.00001933,0.00001932,0.00001931,0.0000193,0.00001929,0.00001928,0.00001927,0.00001926,0.0000194,0.00001941,0.00001942,0.00001943,0.00001944,0.00001945,0.00001946,0.00001947,0.00001948,0.00001949,2552006,3412616,6376479,2201006,1985696,13429633,19888866,10246356,7943628,10045664,21315993,22639938,32732758,8516129,13533679,38650994,35346843,830405019,521881693,51635550
74,0.00001935,0.00001934,0.00001933,0.00001932,0.00001931,0.0000193,0.00001929,0.00001928,0.00001927,0.00001926,0.0000194,0.00001941,0.00001942,0.00001943,0.00001944,0.00001945,0.00001946,0.00001947,0.00001948,0.00001949,3990213,3412616,7846429,2201006,1985696,13429633,19888866,10246356,7943628,10045664,20975035,11232842,32732758,19914077,13533679,8527131,65470706,830405019,521881693,51635550
75,0.00001935,0.00001934,0.00001933,0.00001932,0.00001931,0.0000193,0.00001929,0.00001928,0.00001927,0.00001926,0.0000194,0.00001941,0.00001942,0.00001943,0.00001944,0.00001945,0.00001946,0.00001947,0.00001948,0.00001949,3990213,3412616,7846429,2201006,1985696,13429633,19888866,10246356,16233715,1751273,20975035,11232842,32732758,8516129,13533679,19913359,65470706,830405019,521881693,51635550
76,0.00001935,0.00001934,0.00001933,0.00001932,0.00001931,0.0000193,0.00001929,0.00001928,0.00001927,0.00001926,0.0000194,0.00001941,0.00001942,0.00001943,0.00001944,0.00001945,0.00001946,0.00001947,0.00001948,0.00001949,3990213,3412616,7846429,2201006,1985696,13429633,19888866,10246356,16233715,1751273,20002054,11232842,32732758,8516129,527936971,19913359,65470706,830405019,521881693,51635550
77,0.00001933,0.00001932,0.00001931,0.0000193,0.00001929,0.00001928,0.00001927,0.00001925,0.00001923,0.00001922,0.00001935,0.00001937,0.00001938,0.00001939,0.0000194,0.00001941,0.00001942,0.00001943,0.00001944,0.00001945,3414381,1246095,1985696,8517043,19888866,13616782,16233715,57400471,5485215,15672674,2459979,3216999,8531540,34266655,11829978,19998133,38642190,43563705,522919421,19913359
78,0.00001933,0.00001931,0.0000193,0.00001929,0.00001928,0.00001927,0.00001926,0.00001925,0.00001924,0.00001923,0.00001935,0.00001937,0.00001938,0.00001939,0.0000194,0.00001941,0.00001942,0.00001943,0.00001944,0.00001945,2627952,3216108,6111137,1944584,13616782,7943628,17944282,65699171,839361,5485215,2459979,3216999,8531540,35499865,40722278,46828081,13431119,38602941,534305463,8527131
79,0.00001935,0.00001934,0.00001933,0.00001932,0.00001931,0.0000193,0.00001929,0.00001928,0.00001927,0.00001926,0.00001937,0.00001939,0.0000194,0.00001941,0.00001942,0.00001943,0.00001944,0.00001945,0.00001946,0.00001947,2865649,3412616,3414381,8110760,478954,5741931,1944584,13616782,7943628,17944282,3407330,3214431,38670342,39497152,53256957,43609011,522919421,8527131,24059876,830405019
80,0.00001935,0.00001934,0.00001933,0.00001932,0.00001931,0.0000193,0.00001929,0.00001928,0.00001927,0.00001925,0.0000194,0.00001941,0.00001942,0.00001943,0.00001944,0.00001945,0.00001946,0.00001947,0.00001948,0.00001949,2865649,3412616,7291909,6865029,478954,10673627,19888866,8632404,16233715,57400471,2066875,29002066,3216999,106950509,522919421,13497700,24059876,830405019,521881693,21548738
81,0.00001935,0.00001934,0.00001933,0.00001932,0.00001931,0.0000193,0.00001929,0.00001928,0.00001927,0.00001925,0.0000194,0.00001941,0.00001942,0.00001943,0.00001944,0.00001945,0.00001946,0.00001947,0.00001948,0.00001949,2865649,3412616,7291909,6865029,478954,10673627,19888866,8632404,16233715,57400471,2066875,29002066,3216999,68726804,534311499,40317953,24059876,830405019,521881693,21548738
82,0.00001936,0.00001935,0.00001934,0.00001933,0.00001932,0.0000193,0.00001929,0.00001928,0.00001927,0.00001925,0.00001941,0.00001942,0.00001943,0.00001944,0.00001945,0.00001946,0.00001947,0.00001948,0.00001949,0.0000195,3409090,2865649,5548955,7291909,3895849,10673627,19888866,7546040,16233715,57400471,46690734,24214431,23128501,522919421,13497700,35346843,860528882,521881693,51635550,19516852
83,0.00001936,0.00001935,0.00001934,0.00001933,0.00001932,0.0000193,0.00001929,0.00001928,0.00001927,0.00001925,0.00001941,0.00001942,0.00001943,0.00001944,0.00001945,0.00001946,0.00001947,0.00001948,0.00001949,0.0000195,3409090,2865649,5548955,7291909,3895849,10673627,19888866,15831827,7943628,57400471,45868881,24214431,11730560,534313226,13497700,8540372,887334566,521881693,51635550,19516852
84,0.00001936,0.00001935,0.00001934,0.00001933,0.00001932,0.0000193,0.00001929,0.00001928,0.00001927,0.00001925,0.00001941,0.00001942,0.00001943,0.00001944,0.00001945,0.00001946,0.00001947,0.00001948,0.00001949,0.0000195,2848894,2865649,5548955,7291909,3895849,10673627,19888866,22002497,1589909,57400471,45231879,24214431,41854423,534313226,13497700,8540372,857210703,521881693,51635550,19516852
85,0.00001936,0.00001935,0.00001934,0.00001933,0.00001932,0.00001931,0.0000193,0.00001929,0.00001928,0.00001927,0.00001941,0.00001942,0.00001943,0.00001944,0.00001945,0.00001946,0.00001947,0.00001948,0.00001949,0.0000195,2848894,2865649,6802772,17975464,3895849,3608907,6899755,19888866,22002497,1589909,29043103,24214431,11730560,522919421,24885647,50879335,860528882,521881693,21548738,49603664
86,0.00001936,0.00001935,0.00001934,0.00001933,0.00001932,0.00001931,0.0000193,0.00001929,0.00001928,0.00001927,0.00001941,0.00001942,0.00001943,0.00001944,0.00001945,0.00001946,0.00001947,0.00001948,0.00001949,0.0000195,2848894,2865649,6802772,17975464,3895849,3608907,6899755,19888866,22002497,1589909,28439409,24214431,11730560,522919421,24885647,50879335,860528882,521881693,21548738,49603664
87,0.00001935,0.00001934,0.00001933,0.00001932,0.00001931,0.0000193,0.00001929,0.00001928,0.00001927,0.00001926,0.00001937,0.00001939,0.0000194,0.00001941,0.00001942,0.00001943,0.00001944,0.00001945,0.00001946,0.00001947,2865649,4666433,3414381,3895849,17699054,4931696,17944282,24780868,1589909,1550939,3407330,3214431,21000000,8130863,11732758,38639992,534313226,43584512,50879335,830405019
88,0.00001935,0.00001934,0.00001933,0.00001932,0.00001931,0.0000193,0.00001929,0.00001928,0.00001927,0.00001926,0.00001937,0.00001939,0.0000194,0.00001941,0.00001942,0.00001943,0.00001944,0.00001945,0.00001946,0.00001947,2865649,4666433,3414381,3895849,17699054,4931696,17944282,16495081,9879996,1550939,3407330,3214431,21000000,8130863,11732758,76863690,522919421,43584512,24059876,830405019
89,0.00001935,0.00001934,0.00001933,0.00001932,0.00001931,0.0000193,0.00001929,0.00001928,0.00001927,0.00001926,0.00001937,0.00001939,0.0000194,0.00001941,0.00001942,0.00001943,0.00001944,0.00001945,0.00001946,0.00001947,2865649,3412616,4648518,15356079,6228543,4931696,17944282,16495081,9879996,1550939,3407330,3214431,21000000,8130863,11732758,76863690,522919421,43584512,24059876,830405019
90,0.00001935,0.00001934,0.00001933,0.00001932,0.00001931,0.0000193,0.00001929,0.00001928,0.00001927,0.00001926,0.00001937,0.00001939,0.0000194,0.00001941,0.00001942,0.00001943,0.00001944,0.00001945,0.00001946,0.00001947,1738765,3412616,4648518,15356079,6228543,4931696,17944282,16495081,9879996,1550939,2876437,3214431,21000000,16653590,41856621,46739827,522919421,43584512,24059876,830405019
91,0.00001933,0.00001932,0.00001931,0.0000193,0.00001929,0.00001928,0.00001927,0.00001926,0.00001925,0.00001924,0.00001937,0.00001939,0.0000194,0.00001941,0.00001942,0.00001943,0.00001944,0.00001945,0.00001946,0.00001947,3414381,16112497,3608907,2275189,18410642,18661183,11079138,4345037,54267241,3142980,38969933,12984156,21000000,16939664,38574921,15024704,564432772,38613943,24059876,830405019
92,0.00001933,0.00001932,0.00001931,0.0000193,0.00001929,0.00001928,0.00001927,0.00001926,0.00001925,0.00001924,0.00001935,0.00001936,0.00001937,0.00001938,0.00001939,0.0000194,0.00001941,0.00001942,0.00001943,0.00001944,14225841,3416149,5330813,2275189,18410642,21450234,8290087,5180778,57056292,3142980,2867170,3409090,41613207,29524928,12984156,8527131,40104610,8518327,15024704,564432772
93,0.00001931,0.00001929,0.00001928,0.00001927,0.00001926,0.00001925,0.00001924,0.00001922,0.00001921,0.00001919,0.00001933,0.00001934,0.00001936,0.00001937,0.00001938,0.00001939,0.0000194,0.00001941,0.00001942,0.00001943,15071596,1237936,16990478,17944282,18434464,54267241,3142980,11440757,2527719,260813,3414381,3412616,3216999,9769476,32741927,38594414,8527131,15044124,8518327,21428512
94,0.0000193,0.00001929,0.00001928,0.00001927,0.00001926,0.00001925,0.00001924,0.00001922,0.0000192,0.00001919,0.00001933,0.00001938,0.00001939,0.0000194,0.00001941,0.00001942,0.00001943,0.00001944,0.00001945,0.00001946,4664239,3421461,13716710,4978199,22092170,54267241,14846642,11145895,2408826,22694547,3414381,10054236,28108692,10057143,29522727,13496526,19908024,553043284,38613943,12218396
95,0.00001933,0.00001932,0.00001931,0.0000193,0.00001929,0.00001928,0.00001927,0.00001926,0.00001925,0.00001924,0.00001936,0.00001938,0.00001939,0.0000194,0.00001941,0.00001942,0.00001943,0.00001944,0.00001945,0.00001946,4293842,3416149,6244566,14884563,17944282,16609909,4978199,4003405,54267241,11445993,2882800,21000000,25469469,9758146,10051495,19912358,8516129,558037612,38613943,12218396
96,0.00001933,0.00001932,0.00001931,0.0000193,0.00001929,0.00001928,0.00001927,0.00001926,0.00001925,0.00001924,0.00001936,0.00001938,0.0000194,0.00001941,0.00001942,0.00001943,0.00001944,0.00001945,0.00001946,0.00001947,4293842,3416149,6244566,3419689,29423885,16609909,14665083,4003405,54267241,3142980,2114046,21000000,861351350,8522727,19912358,43541203,522919421,38613943,12218396,17326731
97,0.00001932,0.00001931,0.0000193,0.00001929,0.00001928,0.00001927,0.00001926,0.00001925,0.00001924,0.00001922,0.00001934,0.00001935,0.00001937,0.00001938,0.00001939,0.0000194,0.00001941,0.00001942,0.00001943,0.00001944,3259700,4652942,3419689,19985757,17656227,15514912,4003405,54267241,5589725,18165427,2511470,3410852,9673506,21000000,9756835,860118132,8522727,24924710,38639992,522919421
98,0.00001932,0.00001931,0.0000193,0.00001929,0.00001928,0.00001927,0.00001926,0.00001925,0.00001924,0.00001922,0.00001934,0.00001935,0.00001937,0.00001938,0.00001939,0.0000194,0.00001941,0.00001942,0.00001943,0.00001944,3259700,4652942,3419689,2041475,24114952,18818736,4003405,63964190,10176553,22208434,2511470,3410852,9673506,30770651,35374781,833267196,19926993,43654542,8516129,522919421
99,0.00001932,0.00001931,0.0000193,0.00001929,0.00001928,0.00001927,0.00001926,0.00001925,0.00001924,0.00001922,0.00001934,0.00001935,0.00001937,0.00001938,0.00001939,0.0000194,0.00001941,0.00001942,0.00001943,0.00001944,3259700,4652942,3419689,2041475,17944282,17968907,8387607,63964190,10176553,29268536,2511470,3410852,9673506,30770651,35374781,833267196,50050856,13530679,8516129,522919421
100,0.00001932,0.00001931,0.0000193,0.00001929,0.00001927,0.00001926,0.00001925,0.00001924,0.00001922,0.00001921,0.00001934,0.00001935,0.00001937,0.00001938,0.00001939,0.0000194,0.00001941,0.00001942,0.00001943,0.00001944,3259700,3417918,4645077,2041475,24426069,20730961,54267241,19878542,29268536,21000000,2125395,3410852,9673506,30770651,35374781,844677341,38646590,13530679,8516129,522919421
101,0.00001932,0.00001931,0.0000193,0.00001929,0.00001927,0.00001926,0.00001925,0.00001924,0.00001922,0.00001921,0.00001934,0.00001935,0.00001937,0.00001938,0.00001939,0.0000194,0.00001941,0.00001942,0.00001943,0.00001944,3259700,3417918,4645077,2041475,6481787,25631220,65766296,19878542,31031800,21000000,1057856,3410852,30673506,9770651,46790810,833267196,43651580,8518327,8516129,522919421
102,0.00001932,0.00001931,0.0000193,0.00001929,0.00001928,0.00001927,0.00001926,0.00001925,0.00001924,0.00001922,0.00001934,0.00001935,0.00001937,0.00001938,0.00001939,0.0000194,0.00001941,0.00001942,0.00001943,0.00001944,3259700,3417918,4645077,2041475,11481162,6481787,25631220,54267241,19878542,31031800,1057856,3410852,30673506,9770651,35374781,833267196,43651580,19916721,8516129,522919421
103,0.00001933,0.00001932,0.00001931,0.0000193,0.00001928,0.00001927,0.00001926,0.00001925,0.00001924,0.00001923,0.00001936,0.00001937,0.00001939,0.0000194,0.00001941,0.00001942,0.00001943,0.00001944,0.00001945,0.00001946,3414381,2457644,4660298,2445974,11481162,6481787,24780950,54267241,19878542,7015881,3409090,1139759,36609399,833267196,29522727,55052248,8516129,522919421,38613943,12218396
104,0.00001933,0.00001932,0.00001931,0.0000193,0.00001928,0.00001927,0.00001926,0.00001925,0.00001924,0.00001923,0.00001936,0.00001937,0.00001939,0.0000194,0.00001941,0.00001942,0.00001943,0.00001944,0.00001945,0.00001946,3414381,2457644,4660298,2445974,17944282,27660188,6836668,54267241,10176553,7015881,3409090,1139759,30763953,833267196,35359830,55052248,8516129,522919421,38613943,12218396
105,0.00001937,0.00001936,0.00001934,0.00001933,0.00001932,0.00001931,0.0000193,0.00001928,0.00001927,0.00001926,0.00001941,0.00001942,0.00001943,0.00001944,0.00001945,0.00001946,0.00001947,0.00001948,0.00001949,0.0000195,3407330,3409090,4651891,3414381,4907511,34400833,12117801,2450932,1503588,15357194,23523343,1239275,29516129,522919421,43546866,80560594,32846235,521881693,21548738,11078033
106,0.00001937,0.00001936,0.00001934,0.00001933,0.00001932,0.00001931,0.0000193,0.00001928,0.00001927,0.00001926,0.00001941,0.00001942,0.00001943,0.00001944,0.00001945,0.00001946,0.00001947,0.00001948,0.00001949,0.0000195,2762967,3409090,6155175,3414381,4907511,16456551,12117801,2450932,19447870,15357194,18133000,1239275,29516129,8516129,529122946,80523543,62970098,8505154,534661330,11078033
107,0.00001937,0.00001936,0.00001934,0.00001933,0.00001932,0.00001931,0.0000193,0.00001928,0.00001927,0.00001926,0.00001941,0.00001942,0.00001943,0.00001944,0.00001945,0.00001946,0.00001947,0.00001948,0.00001949,0.0000195,3407330,3409090,6155175,3414381,16382446,4975673,12117801,2450932,19447870,15348403,28968018,1239275,29516129,8516129,529122946,69131161,74356628,8505154,534661330,11078033
108,0.00001934,0.00001933,0.00001932,0.0000193,0.00001929,0.00001928,0.00001927,0.00001926,0.00001925,0.00001924,0.00001941,0.00001943,0.00001944,0.00001945,0.00001946,0.00001947,0.00001948,0.00001949,0.0000195,0.00001951,879007,1253552,13147526,12117801,4894834,2450932,1503588,22328484,54267241,10176553,1245619,10054577,10000407,578731173,69131161,44232765,8505154,534661330,11078033,19430444
109,0.00001933,0.00001932,0.0000193,0.00001929,0.00001927,0.00001926,0.00001925,0.00001924,0.00001923,0.00001922,0.00001937,0.00001938,0.0000194,0.00001942,0.00001943,0.00001944,0.00001945,0.00001946,0.00001947,0.00001948,3414381,1249886,11482436,16777682,18794111,6512857,54267241,7729808,10653953,44656197,878552,3405572,22237809,10046154,38644389,41802450,8524928,53693235,24044432,8505154
110,0.00001934,0.00001933,0.00001932,0.00001931,0.0000193,0.00001929,0.00001927,0.00001926,0.00001925,0.00001924,0.0000194,0.00001941,0.00001942,0.00001943,0.00001944,0.00001945,0.00001946,0.00001947,0.00001948,0.00001949,703528,6972924,1249715,1893740,17944282,18580877,11811502,6512857,54267241,7729808,3751319,21000000,26829720,13423327,9996000,8524928,83817098,24044432,8505154,534661330
111,0.00001933,0.00001931,0.0000193,0.00001929,0.00001927,0.00001926,0.00001925,0.00001924,0.00001923,0.00001922,0.00001938,0.00001939,0.00001941,0.00001942,0.00001943,0.00001944,0.00001945,0.00001946,0.00001947,0.00001948,8186962,1893740,11480972,16776651,2974447,24457139,54267241,7729808,10645144,44656197,3405572,3403816,22250183,8518327,71901958,9996000,8524928,42305208,35425160,8505154
112,0.00001933,0.00001931,0.00001929,0.00001928,0.00001927,0.00001926,0.00001925,0.00001923,0.00001922,0.0000192,0.00001938,0.00001939,0.00001941,0.00001942,0.00001943,0.00001944,0.00001945,0.00001946,0.00001947,0.00001948,6783905,13364379,7099810,9681860,20918729,14150467,54267241,10645144,44656197,73019615,2725918,3403816,22250183,35354483,45060316,9996000,8524928,53687430,24044432,8505154
113,0.00001933,0.00001931,0.00001929,0.00001928,0.00001927,0.00001926,0.00001925,0.00001923,0.00001922,0.0000192,0.00001938,0.00001939,0.0000194,0.00001941,0.00001942,0.00001943,0.00001944,0.00001945,0.00001946,0.00001947,6783905,13839070,7099810,9681860,20068900,14150467,54267241,10645144,44656197,73019615,1476413,3403816,3215897,22250183,35354483,14936453,8524928,38648791,53687430,24044432
114,0.00001935,0.00001933,0.00001932,0.00001931,0.0000193,0.00001929,0.00001928,0.00001927,0.00001926,0.00001925,0.00001938,0.00001939,0.00001941,0.00001942,0.00001943,0.00001944,0.00001945,0.00001946,0.00001947,0.00001948,3410852,5518517,428768,19838022,11895355,7948758,14044109,2124618,9766265,61116673,3405572,3403816,33977815,35354483,13423327,38648791,8524928,53687430,8524928,8505154
115,0.00001936,0.00001935,0.00001933,0.00001932,0.00001931,0.0000193,0.00001929,0.00001928,0.00001927,0.00001926,0.00001939,0.0000194,0.00001941,0.00001942,0.00001943,0.00001944,0.00001945,0.00001946,0.00001947,0.00001948,3409090,3410852,5518517,428768,13370229,10939108,7099810,4362249,20068900,9766265,3403816,3402061,33977815,8518327,8520526,35359192,43612383,42305208,19907106,8505154
116,0.00001937,0.00001936,0.00001935,0.00001934,0.00001933,0.00001932,0.00001931,0.0000193,0.00001929,0.00001928,0.00001942,0.00001943,0.00001944,0.00001945,0.00001946,0.00001947,0.00001948,0.00001949,0.0000195,0.00001951,2270590,3409090,4640964,417906,6100529,1915269,16574996,12336798,2128655,4362249,21000000,4477138,8524928,38648791,85430343,8524928,8505154,534661330,19879836,16952750
117,0.00001937,0.00001936,0.00001935,0.00001934,0.00001933,0.00001932,0.00001931,0.0000193,0.00001928,0.00001927,0.0000194,0.00001942,0.00001943,0.00001944,0.00001945,0.00001946,0.00001947,0.00001948,0.00001949,0.0000195,3407330,3409090,4640964,415435,6100529,19859551,14681256,14239183,4362249,3861160,3402061,24226744,1250028,11753136,8524928,115554206,8524928,8505154,534661330,19879836
118,0.00001937,0.00001936,0.00001935,0.00001934,0.00001933,0.00001932,0.00001931,0.0000193,0.00001928,0.00001927,0.00001942,0.00001943,0.00001944,0.00001945,0.00001946,0.00001947,0.00001948,0.00001949,0.0000195,0.00001951,3407330,3409090,4640964,415435,6100529,19859551,27008740,1902385,4362249,3861160,21000000,1250028,11753136,35358247,58597967,38648791,8505154,534661330,19879836,16952750
119,0.00001937,0.00001936,0.00001935,0.00001934,0.00001933,0.00001932,0.00001931,0.0000193,0.00001928,0.00001927,0.00001942,0.00001943,0.00001944,0.00001945,0.00001946,0.00001947,0.00001948,0.00001949,0.0000195,0.00001951,3407330,3409090,4640964,415435,17570989,11577084,5862507,1902385,4362249,21805442,21000000,1250028,11753136,8524928,104160373,8524928,19887289,534661330,19879836,16952750
120,0.00001937,0.00001936,0.00001935,0.00001934,0.00001933,0.00001932,0.00001931,0.0000193,0.00001928,0.00001927,0.00001942,0.00001943,0.00001944,0.00001945,0.00001946,0.00001947,0.00001948,0.00001949,0.0000195,0.00001951,1464747,3409090,4640964,415435,17570989,11577084,5962650,1902385,4362249,21805442,19987520,1250028,11753136,8524928,70395537,8524928,19887289,534661330,19879836,50717586
121,0.00001938,0.00001937,0.00001936,0.00001934,0.00001933,0.00001932,0.0000193,0.00001929,0.00001928,0.00001927,0.00001941,0.00001942,0.00001943,0.00001944,0.00001945,0.00001946,0.00001947,0.00001948,0.00001949,0.0000195,3405572,1464747,4641901,2474146,16844413,17408382,1902385,17944282,6420960,12361932,3400309,3398558,24226744,12959231,8500772,30058389,13444120,50011152,534661330,19879836
122,0.0000194,0.00001939,0.00001938,0.00001937,0.00001936,0.00001935,0.00001934,0.00001933,0.00001932,0.0000193,0.00001943,0.00001944,0.00001945,0.00001946,0.00001947,0.00001948,0.00001949,0.0000195,0.00001951,0.00001952,3402061,3403816,2017482,1880195,4641901,946252,13938675,15030769,6370078,1902385,22044401,25458459,8500772,11733360,13444120,35309981,534661330,31250297,80841449,828350459
123,0.0000194,0.00001939,0.00001938,0.00001937,0.00001936,0.00001935,0.00001934,0.00001933,0.00001932,0.0000193,0.00001942,0.00001943,0.00001944,0.00001945,0.00001946,0.00001947,0.00001948,0.00001949,0.0000195,0.00001951,3402061,3403816,2017482,1880195,4641901,13891092,12125969,3558543,6370078,19846667,3398558,19008198,25458459,8500772,11733360,13444120,8505154,561478056,31250297,80841449
124,0.00001936,0.00001935,0.00001934,0.00001933,0.00001932,0.0000193,0.00001929,0.00001928,0.00001927,0.00001926,0.00001938,0.0000194,0.00001941,0.00001942,0.00001943,0.00001944,0.00001945,0.00001946,0.00001947,0.00001948,3269154,3410852,10902240,405501,2434222,1902385,4953078,6420960,21805442,38214713,7024421,3225648,21000000,12974648,11895392,11743975,14860050,8507347,8524928,35329230
125,0.00001936,0.00001935,0.00001933,0.00001932,0.0000193,0.00001929,0.00001928,0.00001927,0.00001926,0.00001925,0.00001938,0.0000194,0.00001941,0.00001942,0.00001943,0.00001944,0.00001945,0.00001946,0.00001947,0.00001948,3269154,3410852,405501,3658376,11574212,4953078,6420960,21805442,38214713,76468169,5447814,3225648,22254989,11724231,11895392,11743975,41674091,8507347,8524928,19880039
126,0.00001936,0.00001935,0.00001933,0.00001932,0.0000193,0.00001929,0.00001928,0.00001927,0.00001926,0.00001925,0.00001938,0.0000194,0.00001941,0.00001942,0.00001943,0.00001944,0.00001945,0.00001946,0.00001947,0.00001948,3269154,3410852,1352732,2710655,11574212,4953078,6420960,21805442,38214713,76468169,4262259,3225648,30773316,835617124,11895392,11743975,13397940,35307609,8524928,19880039
127,0.00001938,0.00001937,0.00001936,0.00001935,0.00001934,0.00001933,0.00001932,0.00001931,0.0000193,0.00001928,0.00001943,0.00001945,0.00001946,0.00001947,0.00001948,0.00001949,0.0000195,0.00001951,0.00001952,0.00001953,3405572,3407330,3269154,2196791,4044964,1478375,19430783,29859091,1902385,7204077,49117096,11285627,13392102,21918177,19880039,534661330,19879836,77163425,8527131,524331997
128,0.00001938,0.00001937,0.00001936,0.00001935,0.00001934,0.00001933,0.00001932,0.00001931,0.0000193,0.00001928,0.00001943,0.00001944,0.00001945,0.00001946,0.00001947,0.00001948,0.00001949,0.0000195,0.00001951,0.00001952,3405572,3407330,3269154,1249957,14644110,1478375,19430783,27619008,1902385,11072481,28117096,21000000,11285627,13392102,8524928,8505154,548063280,19879836,88530953,8527131
129,0.00001939,0.00001938,0.00001937,0.00001936,0.00001935,0.00001934,0.00001933,0.00001932,0.00001931,0.0000193,0.00001943,0.00001944,0.00001945,0.00001946,0.00001947,0.00001948,0.00001949,0.0000195,0.00001951,0.00001952,3403816,3405572,1222523,6096384,19486051,18683636,5698268,1486501,24059294,1902385,7590385,21000000,12536336,8507347,8524928,13395245,548063280,31253194,77163425,8527131
130,0.0000194,0.00001939,0.00001938,0.00001937,0.00001936,0.00001935,0.00001934,0.00001933,0.00001932,0.00001931,0.00001942,0.00001943,0.00001944,0.00001945,0.00001946,0.00001947,0.00001948,0.00001949,0.0000195,0.00001951,3402061,3403816,5289784,1222523,5150039,2488603,16789460,5698268,19430783,30685763,3398558,10987194,23782663,12536336,8507347,8524928,26804075,534661330,61377057,47039562
131,0.00001937,0.00001936,0.00001934,0.00001933,0.00001932,0.00001931,0.0000193,0.00001928,0.00001927,0.00001926,0.00001939,0.0000194,0.00001941,0.00001942,0.00001943,0.00001944,0.00001945,0.00001946,0.00001947,0.00001948,3407330,7899862,11544336,5167706,24476128,30685763,1902385,6710232,1736542,41294878,2807493,3402061,3400309,23783027,11283799,4019863,8500772,13440822,8524928,21913984
132,0.00001939,0.00001938,0.00001937,0.00001936,0.00001934,0.00001933,0.00001932,0.00001931,0.0000193,0.00001928,0.00001941,0.00001942,0.00001943,0.00001944,0.00001945,0.00001946,0.00001947,0.00001948,0.00001949,0.0000195,3403816,3405572,5299843,4490772,4399751,22164175,16193661,30685763,1902385,27710232,3400309,21000000,11283799,4019863,8500772,21913901,8524928,13503098,576165836,19879836
133,0.00001939,0.00001938,0.00001937,0.00001936,0.00001935,0.00001934,0.00001933,0.00001932,0.00001931,0.0000193,0.00001941,0.00001942,0.00001943,0.00001944,0.00001945,0.00001946,0.00001947,0.00001948,0.00001949,0.0000195,3403816,3405572,5299843,4490772,946834,26325967,13876709,1552148,30685763,1902385,2470530,3398558,23783758,6803621,8500772,8507347,8524928,26908720,576165836,19879836
134,0.0000194,0.00001939,0.00001938,0.00001937,0.00001936,0.00001935,0.00001934,0.00001933,0.00001932,0.00001931,0.00001942,0.00001943,0.00001944,0.00001945,0.00001946,0.00001947,0.00001948,0.00001949,0.0000195,0.00001951,2995792,3403816,3405572,6547796,3269154,1491136,27267127,13876709,1552148,30685763,3398558,21000000,5566421,9745485,8507347,8524928,57032583,534661330,31251748,47039562
135,0.0000194,0.00001939,0.00001938,0.00001937,0.00001936,0.00001935,0.00001934,0.00001933,0.00001932,0.00001931,0.00001942,0.00001944,0.00001945,0.00001946,0.00001947,0.00001948,0.00001949,0.0000195,0.00001951,0.00001952,5788918,3403816,3405572,6547796,3269154,2431810,18033508,4219893,19496430,30685763,3119082,26566421,9745485,8507347,21943855,13503098,546041975,50003699,47039562,8527131
136,0.00001941,0.0000194,0.00001939,0.00001938,0.00001937,0.00001936,0.00001935,0.00001934,0.00001933,0.00001932,0.00001943,0.00001944,0.00001946,0.00001947,0.00001948,0.00001949,0.0000195,0.00001951,0.00001952,0.00001953,5793679,2132165,3403816,6524049,1892513,11187911,1491136,11211738,4219893,19496430,2755962,44474903,12517449,535554538,8505154,32929383,54922243,559625074,8527131,8500772
137,0.00001939,0.00001938,0.00001937,0.00001936,0.00001935,0.00001934,0.00001933,0.00001932,0.00001931,0.0000193,0.00001943,0.00001947,0.00001948,0.00001949,0.0000195,0.00001951,0.00001952,0.00001953,0.00001954,0.00001955,8295555,3405572,1683847,12099034,11529390,1559915,5161540,19496430,30685763,32404370,3396809,14641424,30123863,35713872,11078033,577112558,8527131,8500772,827479791,511564425
138,0.00001939,0.00001938,0.00001936,0.00001935,0.00001934,0.00001933,0.00001932,0.00001931,0.0000193,0.00001928,0.0000194,0.00001941,0.00001942,0.00001943,0.00001944,0.00001945,0.00001946,0.00001947,0.00001948,0.00001949,373917,3405572,4508382,9646835,6451577,5161540,19496430,30685763,1902385,58249779,3402061,3400309,3398558,8507347,21000000,2270487,8494208,45143598,21915870,32929383
139,0.00001936,0.00001934,0.00001933,0.00001932,0.00001931,0.0000193,0.00001929,0.00001928,0.00001927,0.00001926,0.00001938,0.00001939,0.0000194,0.00001941,0.00001942,0.00001943,0.00001944,0.00001945,0.00001946,0.00001947,3409090,1220605,4219893,14300115,16324590,6848452,17944282,37249779,1810775,17664473,3405572,3403816,1259862,32907656,516153961,8507347,8507347,27871039,38618071,8494208
140,0.00001936,0.00001934,0.00001933,0.00001932,0.00001931,0.0000193,0.00001928,0.00001927,0.00001926,0.00001925,0.00001938,0.00001939,0.0000194,0.00001941,0.00001942,0.00001943,0.00001944,0.00001945,0.00001946,0.00001947,3409090,1220605,4219893,22582582,16324590,16520279,37249779,1810775,17664473,55852458,3405572,3403816,1259862,32907656,516153961,8507347,21921264,14447953,38618071,19874938
141,0.00001936,0.00001934,0.00001933,0.00001932,0.00001931,0.0000193,0.00001928,0.00001927,0.00001926,0.00001925,0.00001938,0.00001939,0.0000194,0.00001941,0.00001942,0.00001943,0.00001944,0.00001945,0.00001946,0.00001947,2396348,1220605,4219893,22582582,16324590,16520279,37249779,1810775,17664473,55852458,3405572,3403816,1259862,32907656,516153961,8507347,21921264,14447953,50004649,8494208
142,0.00001935,0.00001934,0.00001933,0.00001932,0.00001931,0.0000193,0.00001929,0.00001928,0.00001927,0.00001926,0.00001936,0.00001937,0.00001938,0.00001939,0.0000194,0.00001941,0.00001942,0.00001943,0.00001944,0.00001945,3410852,4633221,13876709,3086152,15381967,7791563,17944282,37249779,1810775,17664473,1046012,419388,3405572,24403816,9782589,8507347,516153961,8507347,8507347,43525804
143,0.00001935,0.00001934,0.00001933,0.00001932,0.00001931,0.0000193,0.00001929,0.00001928,0.00001927,0.00001926,0.00001936,0.00001937,0.00001938,0.00001939,0.0000194,0.00001941,0.00001942,0.00001943,0.00001944,0.00001945,3410852,4633221,4219893,12747967,8897855,6848452,17944282,33380737,1810775,24823993,1046012,419388,3405572,24403816,9782589,8507347,516153961,8507347,8507347,38187399
144,0.00001935,0.00001934,0.00001932,0.00001931,0.0000193,0.00001929,0.00001928,0.00001927,0.00001926,0.00001925,0.00001936,0.00001937,0.00001938,0.00001939,0.0000194,0.00001941,0.00001942,0.00001943,0.00001944,0.00001945,3410852,4633221,12747967,8897855,6848452,17944282,37568378,1810775,24823993,59837625,1046012,419388,3405572,24403816,9782589,8507347,516153961,8507347,8507347,38187399
145,0.00001935,0.00001934,0.00001932,0.00001931,0.0000193,0.00001929,0.00001928,0.00001927,0.00001926,0.00001925,0.00001936,0.00001937,0.00001938,0.00001939,0.0000194,0.00001941,0.00001942,0.00001943,0.00001944,0.00001945,3410852,4633221,12747967,2271386,6848452,17944282,37568403,1810775,24823993,59837625,665164,419388,3405572,24403816,9782589,8507347,516153961,8507347,8507347,13401941
146,0.00001936,0.00001934,0.00001932,0.0000193,0.00001929,0.00001928,0.00001926,0.00001925,0.00001923,0.00001922,0.00001938,0.00001939,0.0000194,0.00001941,0.00001942,0.00001943,0.00001944,0.00001945,0.00001946,0.00001947,3409090,1220605,15335680,6848452,17944282,36785899,26616349,66738730,10188288,22941271,1852219,3403816,22259862,9752055,514933058,8507347,8507347,13401941,33266929,38618071
147,0.00001936,0.00001934,0.00001933,0.00001932,0.0000193,0.00001929,0.00001928,0.00001926,0.00001925,0.00001923,0.00001938,0.00001939,0.0000194,0.00001941,0.00001942,0.00001943,0.00001944,0.00001945,0.00001946,0.00001947,3409090,1220605,9656816,5595899,6848452,20055964,36785899,35134676,66738730,22665561,2814157,3403816,1259862,8507347,537175383,8507347,8507347,13401941,50000295,21887457
148,0.00001937,0.00001936,0.00001934,0.00001933,0.00001932,0.0000193,0.00001929,0.00001928,0.00001926,0.00001925,0.00001939,0.0000194,0.00001941,0.00001942,0.00001943,0.00001944,0.00001945,0.00001946,0.00001947,0.00001948,3407330,3409090,10872428,863722,4731730,6848452,20055964,36785899,35134676,66738730,3403816,1259862,8507347,516175383,29507347,8507347,24794373,38618071,21887457,8494208
149,0.00001937,0.00001936,0.00001934,0.00001933,0.00001932,0.0000193,0.00001929,0.00001928,0.00001926,0.00001925,0.00001939,0.0000194,0.00001942,0.00001943,0.00001944,0.00001945,0.00001946,0.00001947,0.00001948,0.00001949,2458259,3409090,10872428,863722,4731730,6848452,20055964,36785899,35134676,66738730,2379307,1259862,516175383,29507347,8507347,24794373,8494208,52011320,8494208,21548738
150,0.00001935,0.00001934,0.00001932,0.00001931,0.0000193,0.00001929,0.00001928,0.00001926,0.00001925,0.00001924,0.00001937,0.00001939,0.0000194,0.00001941,0.00001942,0.00001943,0.00001944,0.00001945,0.00001946,0.00001947,3410852,1220605,4731730,864617,6848452,20055964,36785899,26616349,66738730,8513931,3407330,1823309,1259862,29513931,516175383,8507347,19902734,43525804,8494208,8494208
151,0.00001934,0.00001932,0.0000193,0.00001929,0.00001928,0.00001926,0.00001925,0.00001923,0.00001922,0.00001921,0.00001936,0.00001937,0.00001939,0.0000194,0.00001941,0.00001942,0.00001943,0.00001944,0.00001945,0.00001946,3412616,4328896,25657799,11788523,36785899,26616349,66738730,10188288,10397354,21000000,3409090,3407330,22823309,11025333,10013467,514933058,40231915,19902734,38642190,8494208
152,0.00001934,0.00001932,0.0000193,0.00001929,0.00001928,0.00001926,0.00001925,0.00001923,0.00001922,0.00001921,0.00001936,0.00001937,0.00001939,0.0000194,0.00001941,0.00001942,0.00001943,0.00001944,0.00001945,0.00001946,3412616,4328896,7713517,20055964,46467759,26616349,66738730,10188288,10397354,21000000,3409090,3407330,22823309,11025333,10013467,539752132,13403138,8507347,38642190,8494208
153,0.00001934,0.00001932,0.00001931,0.0000193,0.00001929,0.00001928,0.00001926,0.00001925,0.00001923,0.00001922,0.00001936,0.00001937,0.00001939,0.0000194,0.00001941,0.00001942,0.00001943,0.00001944,0.00001945,0.00001946,3412616,4328896,864617,1902385,20055964,51424620,26616349,66738730,10197101,10397354,2773356,3407330,10350440,32025333,10013467,526337272,26811094,8507347,38642190,8494208
154,0.00001931,0.00001929,0.00001928,0.00001926,0.00001925,0.00001923,0.00001922,0.0000192,0.00001919,0.00001918,0.00001934,0.00001935,0.00001936,0.00001937,0.00001938,0.00001939,0.0000194,0.00001941,0.00001942,0.00001943,1248432,20921477,54374672,26616349,66738730,1665561,10397354,15692165,8796767,48063816,3412616,3410852,2773356,24407330,8533747,836754147,9782589,24803935,536875049,523207703
155,0.00001932,0.00001931,0.00001929,0.00001928,0.00001926,0.00001925,0.00001923,0.00001922,0.00001921,0.0000192,0.00001934,0.00001935,0.00001936,0.00001937,0.00001938,0.00001939,0.0000194,0.00001941,0.00001942,0.00001943,3416149,1248432,20921477,44692812,36308263,66738730,1665561,31397354,8538163,15692165,1407746,3410852,2773356,24407330,19954212,836754147,23198394,13393846,523460189,553331566
156,0.00001933,0.00001932,0.00001931,0.0000193,0.00001929,0.00001928,0.00001927,0.00001926,0.00001925,0.00001923,0.00001935,0.00001936,0.00001937,0.00001938,0.00001939,0.0000194,0.00001941,0.00001942,0.00001943,0.00001944,3414381,3416149,1248432,1909180,5306425,12094554,17944282,36308263,66738730,32284514,3410852,2773356,14729232,19954212,34083145,21938532,13393846,523460189,553331566,8507347
157,0.00001936,0.00001935,0.00001934,0.00001933,0.00001932,0.0000193,0.00001929,0.00001928,0.00001927,0.00001926,0.00001938,0.00001939,0.0000194,0.00001941,0.00001942,0.00001943,0.00001944,0.00001945,0.00001946,0.00001947,3409090,3410852,5315119,1242859,3455902,18064184,18726057,9733995,11018983,17135376,3405572,1823309,14199746,12552273,544460189,523207703,52025839,13458411,860885198,8494208
158,0.00001936,0.00001935,0.00001934,0.00001933,0.00001932,0.00001931,0.0000193,0.00001929,0.00001928,0.00001927,0.00001938,0.00001939,0.00001941,0.00001942,0.00001943,0.00001944,0.00001945,0.00001946,0.00001947,0.00001948,3409090,3410852,5315119,1242859,3455902,17944282,21056988,1647288,5546354,8479319,3405572,1823309,26754136,557887921,523207703,38631210,13458411,860885198,8494208,8494208
159,0.00001935,0.00001934,0.00001933,0.00001932,0.0000193,0.00001929,0.00001928,0.00001927,0.00001926,0.00001925,0.00001937,0.00001938,0.00001939,0.0000194,0.00001941,0.00001942,0.00001943,0.00001944,0.00001945,0.00001946,3410852,3412616,1242859,13117717,12250226,781775,23490636,8479319,23407250,62753563,3407330,3405572,16036947,8518327,15338226,544460189,523207703,38631210,26865432,860885198
160,0.00001935,0.00001934,0.00001933,0.00001932,0.0000193,0.00001929,0.00001928,0.00001927,0.00001926,0.00001925,0.00001937,0.00001938,0.00001939,0.0000194,0.00001941,0.00001942,0.00001943,0.00001944,0.00001945,0.00001946,2985095,3412616,1242859,13117717,12250226,781775,23490636,8479319,23407250,62753563,3407330,3405572,4609262,19937209,15338226,544460189,553331566,8507347,26865432,860885198
161,0.00001931,0.0000193,0.00001929,0.00001928,0.00001927,0.00001926,0.00001925,0.00001923,0.00001922,0.00001919,0.00001934,0.00001936,0.00001937,0.00001938,0.00001939,0.0000194,0.00001941,0.00001942,0.00001943,0.00001944,2126824,3857869,11312082,24929639,13444939,22481755,62890721,33068728,10397354,12060884,3412616,2927472,24407330,4908378,14066640,19937209,54860754,528447008,523207703,8507347
162,0.0000193,0.00001928,0.00001927,0.00001926,0.00001925,0.00001923,0.00001922,0.00001919,0.00001918,0.00001915,0.00001933,0.00001934,0.00001936,0.00001937,0.00001938,0.00001939,0.0000194,0.00001941,0.00001942,0.00001943,5097428,25795601,13444939,21614894,72587670,34595291,10397354,12060884,26902355,92285066,4294753,2699809,11465635,24407330,14695246,24230044,21930910,16269657,553584052,523207703
163,0.0000193,0.00001929,0.00001928,0.00001927,0.00001926,0.00001925,0.00001924,0.00001923,0.00001922,0.00001919,0.00001933,0.00001934,0.00001936,0.00001937,0.00001938,0.00001939,0.0000194,0.00001941,0.00001942,0.00001943,3857869,1222983,7852746,26423601,26610872,62890721,11303325,34595291,8649407,12060884,3414381,2699809,11465635,25653979,24867006,26228524,8518327,46393520,523460189,523207703
164,0.0000193,0.00001929,0.00001928,0.00001927,0.00001926,0.00001925,0.00001924,0.00001923,0.00001922,0.00001919,0.00001933,0.00001934,0.00001936,0.00001937,0.00001938,0.00001939,0.0000194,0.00001941,0.00001942,0.00001943,3340152,1222983,6985357,25092214,28726030,63759462,11303325,33811077,8649407,12060884,3414381,2699809,11465635,37077423,13446541,26228524,38642190,16269657,523460189,523207703
165,0.0000193,0.00001929,0.00001928,0.00001927,0.00001926,0.00001925,0.00001924,0.00001923,0.00001922,0.00001921,0.00001931,0.00001932,0.00001933,0.00001934,0.00001935,0.00001936,0.00001937,0.00001938,0.00001939,0.0000194,645343,3421461,5637106,8600317,27199604,55989616,16301971,32284514,8649407,24762687,1125735,3416149,6344796,11246817,537795865,12700448,14830774,8538163,29732632,38642190
166,0.00001932,0.00001931,0.0000193,0.00001929,0.00001928,0.00001927,0.00001926,0.00001925,0.00001924,0.00001923,0.00001934,0.00001936,0.00001937,0.00001938,0.00001939,0.0000194,0.00001941,0.00001942,0.00001943,0.00001944,3416149,3417918,5512392,1232490,6323001,25092214,14183472,55989616,11303325,32284514,2699809,2927472,35830774,525774406,24726139,38642190,13484213,523493071,8507347,8507347
167,0.00001926,0.00001925,0.00001924,0.00001923,0.00001922,0.00001921,0.0000192,0.00001919,0.00001918,0.00001915,0.00001928,0.00001929,0.0000193,0.00001931,0.00001932,0.00001933,0.00001934,0.00001935,0.00001936,0.00001937,19034342,57212266,1462457,1665561,14469584,24762687,11058512,1774774,45303330,11816247,3423236,3421461,3419689,17797048,11001949,25164523,23471084,11487033,38662026,13557665
168,0.00001925,0.00001922,0.00001921,0.0000192,0.00001919,0.00001918,0.00001916,0.00001915,0.00001914,0.00001913,0.00001929,0.0000193,0.00001931,0.00001932,0.00001933,0.00001934,0.00001935,0.00001936,0.00001937,0.00001938,73289161,16867057,10250282,11843939,1774774,45303330,18155099,11816247,12329935,21000000,3421461,8289917,14865156,11001949,23717737,21971103,13507596,38662026,8535954,524534035
169,0.00001927,0.00001926,0.00001925,0.00001922,0.00001921,0.0000192,0.00001919,0.00001918,0.00001917,0.00001916,0.00001929,0.0000193,0.00001931,0.00001932,0.00001933,0.00001934,0.00001935,0.00001936,0.00001937,0.00001938,3425012,6822283,49625435,16867057,10250282,2121683,11502041,45303330,15412907,2732001,3421461,3419689,9292332,11001949,23717737,21971103,24929710,38662026,8535954,524534035
170,0.00001927,0.00001926,0.00001925,0.00001924,0.00001923,0.00001922,0.00001921,0.0000192,0.00001919,0.00001918,0.00001929,0.0000193,0.00001931,0.00001932,0.00001933,0.00001934,0.00001935,0.00001936,0.00001937,0.00001938,3425012,6822283,49625435,9701989,869645,16867057,9379732,2121683,1774774,45303330,2638594,3419689,9292332,11001949,35154592,8549222,13507596,8538163,38659817,537931438
171,0.00001927,0.00001926,0.00001925,0.00001923,0.00001922,0.00001921,0.0000192,0.00001919,0.00001918,0.00001917,0.00001929,0.0000193,0.00001931,0.00001932,0.00001933,0.00001934,0.00001935,0.00001936,0.00001937,0.00001938,3425012,6822283,49625435,9707034,17737154,6711279,2121683,1774774,45303330,15412907,2222519,3419689,9292332,11001949,23717737,8549222,24932630,38662026,21940274,524534035
172,0.00001927,0.00001926,0.00001925,0.00001923,0.00001922,0.00001921,0.0000192,0.00001919,0.00001918,0.00001917,0.00001929,0.0000193,0.00001931,0.00001932,0.00001933,0.00001934,0.00001935,0.00001936,0.00001937,0.00001938,3425012,6822283,49625435,869645,16867057,6711279,11843884,7635760,45303330,15412907,1746298,3419689,9292332,11001949,37149795,19980163,13507596,38662026,8535954,524534035
173,0.00001927,0.00001926,0.00001925,0.00001924,0.00001923,0.00001922,0.00001921,0.0000192,0.00001919,0.00001918,0.00001929,0.0000193,0.00001931,0.00001932,0.00001933,0.00001934,0.00001935,0.00001936,0.00001937,0.00001938,3425012,6822283,49625435,9701989,869645,18201792,6711279,3519196,7635760,45303330,1746298,3419689,9292332,11001949,23717737,8549222,13507596,8538163,50073054,537931438
174,0.00001928,0.00001926,0.00001925,0.00001924,0.00001922,0.00001921,0.0000192,0.00001919,0.00001918,0.00001917,0.0000193,0.00001931,0.00001932,0.00001933,0.00001934,0.00001935,0.00001936,0.00001937,0.00001938,0.00001939,3423236,6822283,49625435,10571182,22359739,6711279,33400600,7635760,14604557,17933314,3419689,9292332,11001949,22233370,8549222,13507596,8538163,19949191,568055301,8527131
175,0.00001929,0.00001928,0.00001926,0.00001925,0.00001924,0.00001922,0.00001921,0.0000192,0.00001919,0.00001918,0.00001931,0.00001932,0.00001933,0.00001934,0.00001935,0.00001936,0.00001937,0.00001938,0.00001939,0.0000194,3421461,3423236,8044538,58099734,2548496,22359739,6711279,33400600,23031834,14604557,3417918,2448295,7107784,29549222,8558091,13533891,19949191,554657898,21924071,8518327
176,0.00001931,0.0000193,0.00001929,0.00001927,0.00001926,0.00001925,0.00001924,0.00001922,0.00001921,0.0000192,0.00001933,0.00001934,0.00001935,0.00001936,0.00001937,0.00001938,0.00001939,0.0000194,0.00001941,0.00001942,3417918,3419689,3421461,11999720,9691914,49174752,6633600,17409659,8243449,41945395,2864967,4904618,12670766,8538163,29535954,529412462,52047934,8518327,38609539,523493071
177,0.0000193,0.00001929,0.00001927,0.00001926,0.00001925,0.00001924,0.00001922,0.00001921,0.0000192,0.00001919,0.00001932,0.00001933,0.00001934,0.00001935,0.00001936,0.00001937,0.00001938,0.00001939,0.0000194,0.00001941,3419689,3421461,2849260,12069868,48306011,17204782,17409659,8243449,41945395,23027485,3416149,2864967,4904618,42211138,21975230,8535954,559536325,8527131,8518327,38609539
178,0.0000193,0.00001929,0.00001927,0.00001926,0.00001925,0.00001924,0.00001922,0.00001921,0.0000192,0.00001919,0.00001932,0.00001933,0.00001934,0.00001935,0.00001936,0.00001937,0.00001938,0.00001939,0.0000194,0.00001941,3419689,3421461,4352317,12069868,48306011,17204782,17409659,8243449,41945395,23027485,3416149,2604096,4904618,47108318,8538163,8535954,559536325,8527131,8518327,38609539
179,0.00001927,0.00001926,0.00001925,0.00001923,0.00001922,0.00001921,0.0000192,0.00001919,0.00001918,0.00001917,0.0000193,0.00001932,0.00001933,0.00001934,0.00001935,0.00001936,0.00001937,0.00001938,0.00001939,0.0000194,3425012,13118705,47907230,2364923,22298044,8243449,33400600,21513524,14604557,2520407,34429521,3416149,3826192,13449413,21000000,13426548,50081803,524534035,21936963,8518327
180,0.00001927,0.00001925,0.00001924,0.00001922,0.00001921,0.0000192,0.00001919,0.00001918,0.00001917,0.00001915,0.00001929,0.0000193,0.00001931,0.00001932,0.00001933,0.00001934,0.00001935,0.00001936,0.00001937,0.00001938,1096275,47901976,9701989,22462727,1532170,33400600,21513524,14604557,8744142,11810699,2496199,3419689,13544418,11978681,22233088,10065537,19989025,43548289,8535954,537934663
181,0.00001925,0.00001924,0.00001922,0.00001921,0.0000192,0.00001919,0.00001918,0.00001917,0.00001915,0.00001914,0.00001928,0.00001929,0.0000193,0.00001931,0.00001932,0.00001933,0.00001934,0.00001935,0.00001936,0.00001937,54485209,9701989,19028352,2402720,33400600,6121799,14604557,24153328,11810699,4265788,3423236,2496199,3419689,13544418,11978681,22233088,8544795,38686395,24843558,8535954
182,0.00001927,0.00001925,0.00001923,0.00001922,0.00001921,0.0000192,0.00001919,0.00001918,0.00001917,0.00001915,0.00001929,0.0000193,0.00001931,0.00001932,0.00001933,0.00001934,0.00001935,0.00001936,0.00001937,0.00001938,3425012,30191571,2555622,21900611,5797958,43122801,6121799,14604557,24153328,11810699,2496199,3419689,13678494,11978681,44229900,10062227,8562532,54967421,8535954,524534035
183,0.00001927,0.00001925,0.00001923,0.00001922,0.00001921,0.0000192,0.00001919,0.00001918,0.00001917,0.00001915,0.00001929,0.0000193,0.00001931,0.00001932,0.00001933,0.00001934,0.00001935,0.00001936,0.00001937,0.00001938,3425012,30191571,2555622,21900611,5797958,12455970,36804618,14604557,24153328,11810699,2496199,3419689,13678494,11978681,44229900,10062227,8562532,54967421,8535954,524534035
184,0.00001927,0.00001925,0.00001923,0.00001922,0.00001921,0.0000192,0.00001919,0.00001918,0.00001917,0.00001915,0.00001929,0.0000193,0.00001931,0.00001932,0.00001933,0.00001934,0.00001935,0.00001936,0.00001937,0.00001938,3425012,30191571,3425267,20245996,6582737,12455970,36804618,14604557,24153328,11810699,2496199,3419689,13678494,11978681,44229900,10062227,19987566,43548289,8535954,524534035
185,0.00001927,0.00001925,0.00001924,0.00001923,0.00001922,0.00001921,0.0000192,0.00001919,0.00001918,0.00001917,0.00001929,0.0000193,0.00001931,0.00001932,0.00001933,0.00001934,0.00001935,0.00001936,0.00001937,0.00001938,2773198,30191571,9701989,3425267,20245996,2316949,2733769,36804618,14604557,24153328,1152673,3419689,13678494,11978681,30797842,10062227,8562532,13424426,50073054,537931438
186,0.00001925,0.00001923,0.00001922,0.00001921,0.0000192,0.00001919,0.00001918,0.00001917,0.00001915,0.00001913,0.00001929,0.0000193,0.00001931,0.00001932,0.00001933,0.00001934,0.00001935,0.00001936,0.00001937,0.00001938,52674751,4021444,16909099,4703270,2733769,36804618,14604557,24153328,11810699,22607558,1152673,3419689,16611866,11978681,858526760,8544795,8562532,43548289,19949191,524534035
187,0.00001925,0.00001923,0.00001922,0.00001921,0.0000192,0.00001919,0.00001918,0.00001917,0.00001915,0.00001913,0.00001929,0.0000193,0.00001931,0.00001932,0.00001933,0.00001934,0.00001935,0.00001936,0.00001937,0.00001938,52674751,14598123,18243772,3832720,2733769,36804618,20169970,24153328,11810699,22607558,3103103,3419689,16611495,17842833,858526760,8544795,8562532,24840640,52057684,524534035
188,0.00001928,0.00001926,0.00001925,0.00001924,0.00001923,0.00001922,0.00001921,0.0000192,0.00001919,0.00001918,0.00001929,0.0000193,0.00001931,0.00001932,0.00001933,0.00001934,0.00001935,0.00001936,0.00001937,0.00001938,3423236,1465822,29011025,3506760,13728478,19028304,3047941,2733769,52198729,20169970,3103103,3419689,16611866,17842833,858526760,8544795,8562532,24840640,52057684,524534035
189,0.00001925,0.00001923,0.00001922,0.00001921,0.0000192,0.00001919,0.00001918,0.00001917,0.00001915,0.00001914,0.0000193,0.00001931,0.00001932,0.00001933,0.00001934,0.00001935,0.00001936,0.00001937,0.00001938,0.00001939,38412270,4021444,15654875,8685558,2733769,52198729,20169970,8744142,14416590,4265788,3419689,13678494,9282522,858526760,8544795,8562532,54964503,8535954,537934663,8527131
190,0.00001928,0.00001927,0.00001926,0.00001925,0.00001924,0.00001923,0.00001922,0.00001921,0.00001919,0.00001918,0.00001929,0.0000193,0.00001931,0.00001932,0.00001933,0.00001934,0.00001935,0.00001936,0.00001937,0.00001938,3423236,3425012,1465822,28715321,13298220,4021444,15654875,7815008,52198729,20169970,3002464,3419689,16611866,19074639,857293672,8544795,8562532,13424426,50071596,537934663
191,0.00001927,0.00001925,0.00001924,0.00001923,0.00001922,0.00001921,0.00001919,0.00001918,0.00001917,0.00001915,0.00001929,0.0000193,0.00001931,0.00001932,0.00001933,0.00001934,0.00001935,0.00001936,0.00001937,0.00001938,3425012,41522876,2727038,2335467,17125478,5599503,54472580,21754087,8744142,12783638,3421461,3419689,16610386,19074639,857293672,8544795,8562532,13424426,50071596,537934663
192,0.00001925,0.00001924,0.00001923,0.00001922,0.00001921,0.00001919,0.00001918,0.00001917,0.00001915,0.00001914,0.00001928,0.00001929,0.0000193,0.00001931,0.00001932,0.00001933,0.00001934,0.00001935,0.00001936,0.00001937,52385189,10571182,1465822,13023795,9742736,54472580,21754087,10212599,12783638,4265788,3423236,1740465,3419689,16610386,20587596,857293672,8544795,8562532,24843558,38659817
193,0.00001925,0.00001923,0.00001922,0.00001921,0.00001919,0.00001918,0.00001917,0.00001915,0.00001914,0.00001913,0.00001929,0.0000193,0.00001931,0.00001932,0.00001933,0.00001934,0.00001935,0.00001936,0.00001937,0.00001938,52385189,13826256,13893892,9742736,54472580,21754087,10212599,12783638,4265788,22505752,1740465,3419689,16610386,20587596,857293672,8544795,38686395,24843558,21930595,524534035
194,0.00001925,0.00001923,0.00001922,0.00001921,0.0000192,0.00001919,0.00001918,0.00001917,0.00001915,0.00001914,0.00001929,0.0000193,0.00001931,0.00001932,0.00001933,0.00001934,0.00001935,0.00001936,0.00001937,0.00001938,52385189,13826256,13109312,10527684,30666888,8395650,37159170,10212599,12783638,4265788,1740465,3419689,16610386,20587596,857293672,8544795,19984646,43548289,21930595,524534035
195,0.00001925,0.00001923,0.00001922,0.00001921,0.0000192,0.00001919,0.00001918,0.00001917,0.00001915,0.00001914,0.00001929,0.0000193,0.00001931,0.00001932,0.00001933,0.00001934,0.00001935,0.00001936,0.00001937,0.00001938,55171767,14695901,12239215,10527684,30666888,8395650,37159170,10212599,12783638,4265788,1370142,3419689,16610386,20587596,857293672,19972815,8562532,43548289,21930595,524534035
196,0.00001925,0.00001923,0.00001922,0.00001921,0.0000192,0.00001919,0.00001918,0.00001917,0.00001916,0.00001915,0.00001929,0.0000193,0.00001931,0.00001932,0.00001933,0.00001934,0.00001935,0.00001936,0.00001937,0.00001938,55171767,13826256,13109312,10527684,30666888,8395650,37159170,3988864,6340128,12783638,1370142,3419689,16610386,20587596,1374624246,8544795,19984646,43548289,538228573,8538163
197,0.00001925,0.00001923,0.00001922,0.00001921,0.0000192,0.00001919,0.00001918,0.00001917,0.00001916,0.00001915,0.00001929,0.0000193,0.00001931,0.00001932,0.00001933,0.00001934,0.00001935,0.00001936,0.00001937,0.00001938,55165625,13826256,13109312,10527684,30666888,8395650,37160072,3988864,6340128,14248036,3421461,3026490,16611495,20587596,1374624246,8544795,19984646,56953076,524833932,8538163
198,0.00001925,0.00001923,0.00001922,0.00001921,0.0000192,0.00001919,0.00001918,0.00001917,0.00001916,0.00001915,0.00001929,0.0000193,0.00001931,0.00001932,0.00001933,0.00001934,0.00001935,0.00001936,0.00001937,0.00001938,53023426,13826256,12239215,10527684,31537892,8395650,37160072,3988864,6340128,14248036,3421461,3026490,16611495,20587596,1374624246,38668658,19984646,56916025,524833932,8538163
199,0.00001925,0.00001923,0.00001922,0.00001921,0.0000192,0.00001919,0.00001918,0.00001917,0.00001916,0.00001915,0.00001929,0.0000193,0.00001931,0.00001932,0.00001933,0.00001934,0.00001935,0.00001936,0.00001937,0.00001938,53023426,14695901,12239215,10527684,30666888,8395650,37160072,3988864,6340128,14248036,2873799,3026490,16611495,20587596,1374624246,8544795,8562532,98456102,524833932,8538163
200,0.00001925,0.00001923,0.00001922,0.00001921,0.0000192,0.00001919,0.00001918,0.00001917,0.00001916,0.00001915,0.00001929,0.0000193,0.00001931,0.00001932,0.00001933,0.00001934,0.00001935,0.00001936,0.00001937,0.00001938,53023426,14695901,12238199,10527684,30666888,8395650,37160072,3988864,6340128,14248036,1711255,3026490,16611495,20587596,1374624246,8544795,19984646,87039888,524833932,8538163
201,0.00001925,0.00001923,0.00001922,0.00001921,0.0000192,0.00001919,0.00001918,0.00001917,0.00001916,0.00001915,0.0000193,0.00001931,0.00001932,0.00001933,0.00001934,0.00001935,0.00001936,0.00001937,0.00001938,0.00001939,52167637,14695901,12238199,10527684,30666888,8395650,21754087,3988864,6340128,14248036,3026490,13678494,12027285,1374624246,8544795,8562532,98456102,524833932,8538163,8527131
202,0.00001925,0.00001924,0.00001923,0.00001922,0.00001921,0.00001919,0.00001918,0.00001917,0.00001916,0.00001915,0.0000193,0.00001931,0.00001932,0.00001933,0.00001934,0.00001935,0.00001936,0.00001937,0.00001938,0.00001939,52167637,869193,13826256,12238199,9742736,2534664,67211105,3988864,6340128,14248036,2616434,13678494,12027285,1353624246,8544795,8562532,43511238,549646804,38662026,29527131
203,0.00001925,0.00001924,0.00001923,0.00001922,0.00001921,0.0000192,0.00001919,0.00001918,0.00001917,0.00001916,0.0000193,0.00001931,0.00001932,0.00001933,0.00001934,0.00001935,0.00001936,0.00001937,0.00001938,0.00001939,29372652,9701989,15381180,42873294,6443931,3148543,2534664,36512215,1468457,6340128,916920,17096412,12027285,1374624246,8544795,8562532,13424426,538235025,50067916,8527131
204,0.00001925,0.00001923,0.00001922,0.00001921,0.0000192,0.00001919,0.00001918,0.00001917,0.00001916,0.00001915,0.0000193,0.00001931,0.00001932,0.00001933,0.00001934,0.00001935,0.00001936,0.00001937,0.00001938,0.00001939,28740333,25088214,42873294,6443931,3148543,2534664,36512215,1468457,6340128,14280069,3419689,3417918,18358837,11493312,29544795,8562532,13424426,538235025,50067916,833750070
205,0.00001925,0.00001924,0.00001923,0.00001922,0.00001921,0.0000192,0.00001919,0.00001918,0.00001917,0.00001916,0.0000193,0.00001931,0.00001932,0.00001933,0.00001934,0.00001935,0.00001936,0.00001937,0.00001938,0.00001939,28740333,9701989,15381180,42873294,6443931,3148543,2534664,36512215,1468457,6340128,3156916,3417918,18358837,11493312,29544795,8562532,13424426,538235025,50067916,833750070
206,0.00001925,0.00001923,0.00001922,0.00001921,0.0000192,0.00001919,0.00001918,0.00001917,0.00001916,0.00001915,0.0000193,0.00001931,0.00001932,0.00001933,0.00001934,0.00001935,0.00001936,0.00001937,0.00001938,0.00001939,28740333,25088214,42873294,6443931,3148543,2534664,34928098,1468457,6340128,15900847,3156916,3417918,18358837,11493312,29544795,8562532,13424426,538235025,50067916,833750070
207,0.00001931,0.0000193,0.00001929,0.00001928,0.00001927,0.00001926,0.00001925,0.00001924,0.00001923,0.00001922,0.00001933,0.00001935,0.00001936,0.00001937,0.00001938,0.00001939,0.0000194,0.00001941,0.00001942,0.00001943,3417918,3419689,5794097,2125734,1520517,6536296,25471299,1637219,12092007,42257574,3414381,11482386,8533747,33346619,30123863,8527131,8518327,574879035,8527131,8507347
208,0.00001932,0.00001931,0.0000193,0.00001929,0.00001928,0.00001927,0.00001926,0.00001925,0.00001924,0.00001923,0.00001938,0.00001939,0.0000194,0.00001941,0.00001942,0.00001943,0.00001944,0.00001945,0.00001946,0.00001947,6202727,5061844,5065785,5794097,8305734,11207401,1622956,25471299,1637219,2384973,11764282,30123863,13409362,71010897,8527131,8507347,8507347,1349233619,8494208,14849092
209,0.00001932,0.00001931,0.0000193,0.00001929,0.00001928,0.00001927,0.00001926,0.00001925,0.00001924,0.00001923,0.00001938,0.00001939,0.00001941,0.00001942,0.00001943,0.00001944,0.00001945,0.00001946,0.00001947,0.00001948,6202727,5061844,5065785,15470938,2125734,1520517,7802956,25471299,1637219,2384973,11764282,30123863,71010897,8527131,21915303,8507347,1349233619,8494208,14849092,847191272
210,0.00001935,0.00001934,0.00001933,0.00001932,0.00001931,0.0000193,0.00001929,0.00001928,0.00001927,0.00001926,0.0000194,0.00001941,0.00001943,0.00001944,0.00001945,0.00001946,0.00001947,0.00001948,0.00001949,0.0000195,3410852,4938156,5038877,4481292,5061844,1646096,12049477,2125734,1520517,7802956,3097061,11401358,42915303,8507347,1379357482,8494208,14849092,829950650,534773514,11080231
211,0.00001936,0.00001935,0.00001934,0.00001933,0.00001932,0.00001931,0.0000193,0.00001929,0.00001928,0.00001926,0.00001944,0.00001945,0.00001946,0.00001947,0.00001948,0.00001949,0.0000195,0.00001951,0.00001952,0.00001953,5280533,5031313,4938156,5038877,4481292,11310744,1646096,8391443,2125734,6180000,3466008,45195772,34403343,14849092,8494208,534773514,831638497,16954948,35315130,542295301
212,0.00001938,0.00001937,0.00001935,0.00001934,0.00001933,0.00001932,0.00001931,0.0000193,0.00001929,0.00001927,0.00001946,0.00001947,0.00001948,0.00001949,0.0000195,0.00001951,0.00001952,0.00001953,0.00001954,0.00001955,3931831,3104175,3410852,6514542,13071197,4481292,1643926,1458000,6018807,14883920,3060362,17744318,21000000,34947482,865440384,10323989,35315130,542295301,8516129,516158679
213,0.00001938,0.00001937,0.00001935,0.00001934,0.00001933,0.00001932,0.00001931,0.0000193,0.00001929,0.00001927,0.00001946,0.00001947,0.00001948,0.00001949,0.0000195,0.00001951,0.00001952,0.00001953,0.00001954,0.00001955,6718409,3104175,3410852,16166365,3414381,4481292,1643926,1458000,6018807,14883920,2298030,6354884,32389387,21548738,835316521,8516129,78829951,512208489,8516129,516158679
214,0.00001938,0.00001937,0.00001935,0.00001934,0.00001933,0.00001932,0.00001931,0.0000193,0.00001929,0.00001927,0.00001945,0.00001946,0.00001947,0.00001948,0.00001949,0.0000195,0.00001951,0.00001952,0.00001953,0.00001954,7966966,3104175,13057687,11508770,3414381,4481292,1643926,1458000,7570459,14883920,1248557,2298030,6354884,21000000,26542966,876818090,21913950,35315130,512208489,8516129
215,0.0000194,0.00001939,0.00001938,0.00001937,0.00001935,0.00001934,0.00001933,0.00001932,0.00001931,0.0000193,0.00001945,0.00001947,0.00001948,0.00001949,0.0000195,0.00001951,0.00001952,0.00001953,0.00001954,0.00001955,3402061,3996287,2929849,1525541,6342614,16166365,3414381,1625767,1643926,17104252,53321293,10132045,53238198,32930832,835316521,21913950,17317932,512208489,8516129,516158679
216,0.00001939,0.00001937,0.00001935,0.00001934,0.00001933,0.00001932,0.00001931,0.0000193,0.00001929,0.00001928,0.00001941,0.00001943,0.00001944,0.00001945,0.00001946,0.00001947,0.00001948,0.00001949,0.0000195,0.00001951,5907760,1683629,6342614,13064439,6324059,1625767,1643926,17104252,7488748,22439737,3400309,2298030,8505154,30602563,9919100,14849092,51086812,32930832,14758255,16954948
217,0.0000194,0.00001939,0.00001937,0.00001935,0.00001934,0.00001933,0.00001932,0.00001931,0.0000193,0.00001929,0.00001946,0.00001947,0.00001948,0.00001949,0.0000195,0.00001951,0.00001952,0.00001953,0.00001954,0.00001955,3402061,3996287,3140328,6342614,19058868,11060635,11287582,1643926,1458000,15982956,2298030,49613781,43181598,42548738,14758255,16954948,32837436,1331503710,8516129,516158679
218,0.0000194,0.00001939,0.00001937,0.00001935,0.00001934,0.00001933,0.00001932,0.00001931,0.0000193,0.00001929,0.00001946,0.00001947,0.00001948,0.00001949,0.0000195,0.00001951,0.00001952,0.00001953,0.00001954,0.00001955,5313534,3996287,3140328,6342614,19058868,17303070,1625767,1643926,1458000,15982956,2298030,36201274,31798011,53935180,14758255,30359175,32837436,1331503710,8516129,516158679
219,0.00001941,0.0000194,0.00001939,0.00001937,0.00001935,0.00001934,0.00001933,0.00001932,0.00001931,0.0000193,0.00001947,0.00001948,0.00001949,0.0000195,0.00001951,0.00001952,0.00001953,0.00001954,0.00001955,0.00001956,3400309,3402061,5944243,3140328,6342614,19058868,17303070,1625767,1643926,9950022,7996911,13103486,21548738,37257891,51766746,32837436,1331503710,8516129,516158679,8496395
