timestamp,bid_price_0,bid_price_1,bid_price_2,bid_price_3,bid_price_4,bid_price_5,bid_price_6,bid_price_7,bid_price_8,bid_price_9,ask_price_0,ask_price_1,ask_price_2,ask_price_3,ask_price_4,ask_price_5,ask_price_6,ask_price_7,ask_price_8,ask_price_9,bid_size_0,bid_size_1,bid_size_2,bid_size_3,bid_size_4,bid_size_5,bid_size_6,bid_size_7,bid_size_8,bid_size_9,ask_size_0,ask_size_1,ask_size_2,ask_size_3,ask_size_4,ask_size_5,ask_size_6,ask_size_7,ask_size_8,ask_size_9
0,0.2148,0.2147,0.2146,0.2145,0.2144,0.2143,0.2142,0.2141,0.214,0.2139,0.2149,0.215,0.2151,0.2152,0.2153,0.2154,0.2155,0.2156,0.2157,0.2158,1035.3,12512.8,40653.2,36840.3,40627.1,23673.7,30666.7,15320.2,23316.8,4224.4,1396.3,10797.5,28438.7,32118.3,37800.7,10430.3,26803.5,8860.8,7172,4573.5
1,0.2148,0.2147,0.2146,0.2145,0.2144,0.2143,0.2142,0.2141,0.214,0.2139,0.2149,0.215,0.2151,0.2152,0.2153,0.2154,0.2155,0.2156,0.2157,0.2158,495,10840.7,14555.7,47247.5,52801.9,25320.8,31300.9,9540.7,39651.2,4224.4,3073,7784,20741.4,26055.3,40010.5,13935.4,26802.5,2977.3,7172,4573.5
2,0.2148,0.2147,0.2146,0.2145,0.2144,0.2143,0.2142,0.2141,0.214,0.2139,0.2149,0.215,0.2151,0.2152,0.2153,0.2154,0.2155,0.2156,0.2157,0.2158,529.9,8765.8,24305.2,52248.1,44463.1,25960.7,30670.7,3656.2,25634.6,4224.4,1891.3,6647.2,15601.9,49270.3,31957.9,14506.4,26809.5,2977.3,7172,4573.5
3,0.2147,0.2146,0.2145,0.2144,0.2143,0.2142,0.2141,0.214,0.2139,0.2138,0.2148,0.2149,0.215,0.2151,0.2152,0.2153,0.2154,0.2155,0.2156,0.2157,529.9,20443.3,36821.9,48261.8,31211.3,24781.2,10179.2,39651.8,4224.4,19514.8,634,5651.4,13983.4,44699.6,22203.4,36153.1,3436.8,6989.7,2977.3,7172
4,0.2147,0.2146,0.2145,0.2144,0.2143,0.2142,0.2141,0.214,0.2139,0.2138,0.2148,0.2149,0.215,0.2151,0.2152,0.2153,0.2154,0.2155,0.2156,0.2157,495,13436.1,35173.4,49458.8,33040.5,30737.6,10178.2,47868.2,4224.4,19514.8,1261.7,8527.6,27087.7,35785.5,24667.2,26166.1,2794.8,6989.7,2977.3,7172
5,0.2146,0.2145,0.2144,0.2143,0.2142,0.2141,0.214,0.2139,0.2138,0.2137,0.2147,0.2148,0.2149,0.215,0.2151,0.2152,0.2153,0.2154,0.2155,0.2156,495,19188,41876,36696.2,36598.2,19283.3,56905.9,10117.6,19514.8,2365.9,2876.5,8658.8,15430.5,39344,33338,8480.9,20932,2794.8,6989.7,2977.3
6,0.2145,0.2144,0.2143,0.2142,0.2141,0.214,0.2139,0.2138,0.2137,0.2136,0.2146,0.2147,0.2148,0.2149,0.215,0.2151,0.2152,0.2153,0.2154,0.2155,426.3,16781.2,49547.8,37359.4,25557.3,49322.6,14616.4,33545.1,2365.9,6907.6,1893.2,7385,10037.9,27847.9,25577.7,37237.3,9155.2,7271.4,2794.8,32712.9
7,0.2145,0.2144,0.2143,0.2142,0.2141,0.214,0.2139,0.2138,0.2137,0.2136,0.2146,0.2147,0.2148,0.2149,0.215,0.2151,0.2152,0.2153,0.2154,0.2155,70.3,21152.4,40455.1,38074,25561.6,48689.8,15250.1,33544.5,2365.9,6907.6,2807.1,15505.4,24232.4,32237.9,23565.2,43190.9,2794.8,19051.7,2794.8,6989.7
8,0.2142,0.2141,0.214,0.2139,0.2138,0.2137,0.2136,0.2135,0.2134,0.2133,0.2143,0.2144,0.2145,0.2146,0.2147,0.2148,0.2149,0.215,0.2151,0.2152,196.4,17093,48441.6,23908.5,48482.1,39116.2,26595.4,31522,9319.2,2794.9,2948.1,8411.7,11339.2,20576.6,42938.2,17047.4,26850.2,14827.7,13169.2,10966.3
9,0.2141,0.214,0.2139,0.2138,0.2137,0.2136,0.2135,0.2134,0.2133,0.2132,0.2142,0.2143,0.2144,0.2145,0.2146,0.2147,0.2148,0.2149,0.215,0.2151,530.1,18764.3,51285.7,53697,31612.8,30387.1,25763.2,21424,2794.9,17202.5,2809.8,20951.8,7376,23029.6,24558.5,31908.7,8697.4,20957.7,2748.4,6989.7
10,0.2139,0.2138,0.2137,0.2136,0.2135,0.2134,0.2133,0.2132,0.2131,0.213,0.214,0.2141,0.2142,0.2143,0.2144,0.2145,0.2146,0.2147,0.2148,0.2149,9506.7,45915.3,29151.5,29114.8,27261.9,19241.8,22768.5,54845.2,4601.1,7043.2,495,4912.9,6471.6,9505.8,11756.6,49120.3,16782.3,31910.1,14884.3,6989.9
11,0.214,0.2139,0.2138,0.2137,0.2136,0.2135,0.2134,0.2133,0.2132,0.2131,0.2141,0.2142,0.2143,0.2144,0.2145,0.2146,0.2147,0.2148,0.2149,0.215,7352.5,11064.5,24490,50747.3,49102.7,27279.2,21615,12305.8,42457.7,4601.1,70.2,1388.7,10601.7,16886.3,41980.3,10250.6,31879.9,17119,8125.7,2748.4
12,0.214,0.2139,0.2138,0.2137,0.2136,0.2135,0.2134,0.2133,0.2132,0.2131,0.2141,0.2142,0.2143,0.2144,0.2145,0.2146,0.2147,0.2148,0.2149,0.215,7340.6,16975.9,31867,64538.4,32231,35744,16050.4,6390,21521,2795,495,5455.8,12016.1,16752.4,33122.2,23811,29009.6,23030.4,8125.7,2748.4
13,0.2141,0.214,0.2139,0.2138,0.2137,0.2136,0.2135,0.2134,0.2133,0.2132,0.2142,0.2143,0.2144,0.2145,0.2146,0.2147,0.2148,0.2149,0.215,0.2151,495,9265.7,13708.3,27063.9,57665.4,51989.2,27275.6,19204.8,12302.7,21521,288.1,12878.4,20087.1,47171.1,12208.1,26687.6,23030.6,8125.7,2748.4,28452.5
14,0.2145,0.2144,0.2143,0.2142,0.2141,0.214,0.2139,0.2138,0.2137,0.2136,0.2146,0.2147,0.2148,0.2149,0.215,0.2151,0.2152,0.2153,0.2154,0.2155,495,9406.8,13286.3,33869.7,24329.3,42444.2,22903.4,16906.6,32252.3,25131.9,70,10045.5,9140.3,24038.1,27045.7,26844.9,5073.8,21209.2,3930.6,7151
15,0.2146,0.2145,0.2144,0.2143,0.2142,0.2141,0.214,0.2139,0.2138,0.2137,0.2147,0.2148,0.2149,0.215,0.2151,0.2152,0.2153,0.2154,0.2155,0.2156,1398.1,9762.4,11133.2,33402.6,40048.8,27608.3,28487.4,14136,16906.6,38447.8,369.3,7773.4,15435.5,36619.2,28821.1,5073.8,21209.2,3930.6,7151,3478.4
16,0.2145,0.2144,0.2143,0.2142,0.2141,0.214,0.2139,0.2138,0.2137,0.2136,0.2146,0.2147,0.2148,0.2149,0.215,0.2151,0.2152,0.2153,0.2154,0.2155,4759.8,5500.4,16483.4,42810.4,42154.2,31622.2,14774.1,21882.9,30177.5,19229.7,495,8907.2,10138.3,31033.2,35004.2,63496.2,16850.8,27097.7,4000.9,7151
17,0.2148,0.2147,0.2146,0.2145,0.2144,0.2143,0.2142,0.2141,0.214,0.2139,0.2149,0.215,0.2151,0.2152,0.2153,0.2154,0.2155,0.2156,0.2157,0.2158,529.9,8522.5,18201.2,34210.2,34928.2,18424.7,28460.7,17725.6,13351.4,8245.5,495,4290.5,9636.4,12313.5,50552.1,31204.5,32680.4,23276,7172,4573.5
18,0.2148,0.2147,0.2146,0.2145,0.2144,0.2143,0.2142,0.2141,0.214,0.2139,0.215,0.2151,0.2152,0.2153,0.2154,0.2155,0.2156,0.2157,0.2158,0.2159,2731.2,10019.3,24303.9,44448.1,40806.3,29839.4,31595.5,18059.4,10204.2,5886.5,4417.1,13929.6,28569.1,27551.7,18285,29147,23275.6,7459,4573.5,7637.9
19,0.2148,0.2147,0.2146,0.2145,0.2144,0.2143,0.2142,0.2141,0.214,0.2139,0.215,0.2151,0.2152,0.2153,0.2154,0.2155,0.2156,0.2157,0.2158,0.2159,4961.3,8327.6,18425.8,42960.2,37711,26033.7,23450.9,19961.5,10204.2,5886.5,4975,16261,13593.1,24984.5,14408,23268.9,17015.8,7172,4860.5,7637.9
20,0.215,0.2149,0.2148,0.2147,0.2146,0.2145,0.2144,0.2143,0.2142,0.2141,0.2151,0.2152,0.2153,0.2154,0.2155,0.2156,0.2157,0.2158,0.2159,0.216,2085.5,9427.4,16477.5,28960,41875.8,16082.7,34304.5,9606.4,10996.3,5953.6,564.8,12098.5,23869.2,40735.4,42281.9,28762.8,13045.5,18766.6,7637.9,5660.4
21,0.2153,0.2152,0.2151,0.215,0.2149,0.2148,0.2147,0.2146,0.2145,0.2144,0.2154,0.2155,0.2156,0.2157,0.2158,0.2159,0.216,0.2161,0.2162,0.2163,690,7877.1,8880.2,27036.7,50286.8,46823.3,10162.8,21826.2,19433.4,13338.6,635.1,8418,28554.6,32252.7,32127.6,7637.9,17052.2,21300,3295.8,4759.6
22,0.2156,0.2155,0.2154,0.2153,0.2152,0.2151,0.215,0.2149,0.2148,0.2147,0.2158,0.2159,0.216,0.2161,0.2162,0.2163,0.2164,0.2165,0.2166,0.2167,4346.4,8656.2,17749.4,36611.8,42874,30015.9,32309.5,24663.1,12536,3655.6,4625.4,10181,12746.7,35379.3,8420.9,23505.5,6227.3,2794.6,21248,29921.6
23,0.2158,0.2157,0.2156,0.2155,0.2154,0.2153,0.2152,0.2151,0.215,0.2149,0.2159,0.216,0.2161,0.2162,0.2163,0.2164,0.2165,0.2166,0.2167,0.2168,948.7,6525.5,11490,22531.5,43575.9,33966.9,21248.7,10224.5,33019.3,23881.8,495,6676.7,15076.7,13123.2,35206.6,9151.9,14499.6,20799.7,17785.2,37140.8
24,0.2161,0.216,0.2159,0.2158,0.2157,0.2156,0.2155,0.2154,0.2153,0.2152,0.2162,0.2163,0.2164,0.2165,0.2166,0.2167,0.2168,0.2169,0.217,0.2171,678.7,7023.3,13370,20150.7,45579.6,32288.3,15336.6,10172,24077.6,13778.6,495,5704.7,5876.9,11477.9,30376.8,19289.6,20867.6,14474.8,11519.1,1700.2
25,0.2162,0.2161,0.216,0.2159,0.2158,0.2157,0.2156,0.2155,0.2154,0.2153,0.2164,0.2165,0.2166,0.2167,0.2168,0.2169,0.217,0.2171,0.2172,0.2173,10629.5,13162,19403.8,38603.2,38841.6,18265.8,32288.3,9494.1,22909.5,3653.3,1642.3,8690.5,18924.5,25204.6,35326.2,20779.3,6906.9,17753,7188.6,33194.8
26,0.2164,0.2163,0.2162,0.2161,0.216,0.2159,0.2158,0.2157,0.2156,0.2155,0.2165,0.2166,0.2167,0.2168,0.2169,0.217,0.2171,0.2172,0.2173,0.2174,544,4181.5,15672.1,32988.3,41548.3,35348.8,28045.6,15754.9,19090.8,9494.1,1385.8,6806.8,8336.7,27101.7,23176.3,22741.6,21618.4,18871.6,2955.7,8449
27,0.216,0.2159,0.2158,0.2157,0.2156,0.2155,0.2154,0.2153,0.2152,0.2151,0.2161,0.2162,0.2163,0.2164,0.2165,0.2166,0.2167,0.2168,0.2169,0.217,529.7,5898.5,15944.7,28227.4,36941.4,17571.1,7846.8,17656.3,10188.8,6784.4,1883.4,4661.7,4892.9,12818.5,22190.1,21326,17878.2,6989.4,10022,6906.9
28,0.2159,0.2158,0.2157,0.2156,0.2155,0.2154,0.2153,0.2152,0.2151,0.215,0.216,0.2161,0.2162,0.2163,0.2164,0.2165,0.2166,0.2167,0.2168,0.2169,1237.8,12408.6,22284.3,46829.7,21340.1,16032.4,24136.5,32601.5,6784.4,16094.8,495,5431.4,10578.4,37649.9,41401.7,19690.8,12837.5,28342.6,7108.8,3930.3
29,0.2159,0.2158,0.2157,0.2156,0.2155,0.2154,0.2153,0.2152,0.2151,0.215,0.2161,0.2162,0.2163,0.2164,0.2165,0.2166,0.2167,0.2168,0.2169,0.217,6377,24222,27520.7,41855.2,28770,16027.7,36175.8,21578.6,3653.3,19095.5,3689.7,5726.6,18084,67469.8,17742.8,12832.8,27730.8,7108.8,3930.3,6906.9
30,0.2158,0.2157,0.2156,0.2155,0.2154,0.2153,0.2152,0.2151,0.215,0.2149,0.216,0.2161,0.2162,0.2163,0.2164,0.2165,0.2166,0.2167,0.2168,0.2169,17263.6,22111.8,32480.2,44627.8,19893.1,26446.6,39130.3,17598.1,19095.5,28865.3,1926.3,9060.5,22049.3,34946.3,40264.7,23593.6,12839.8,3076.2,7108.8,3930.3
31,0.216,0.2159,0.2158,0.2157,0.2156,0.2155,0.2154,0.2153,0.2152,0.2151,0.2161,0.2162,0.2163,0.2164,0.2165,0.2166,0.2167,0.2168,0.2169,0.217,495,8742.3,20154.4,36743,28323.3,36327.7,28845,11888.7,35516.3,3653.3,1052.9,5753.6,11804.8,34607,34959.3,8715.3,16922.3,7108.8,3930.3,6906.9
32,0.2159,0.2158,0.2157,0.2156,0.2155,0.2154,0.2153,0.2152,0.2151,0.215,0.216,0.2161,0.2162,0.2163,0.2164,0.2165,0.2166,0.2167,0.2168,0.2169,651,18397.5,40396.1,33981.9,36034.3,23265.2,17730.2,35516.3,3653.3,19095.5,495,6511.1,5753.6,13636,45392.7,34614.2,9070.3,17209.3,7108.8,3930.3
33,0.2158,0.2157,0.2156,0.2155,0.2154,0.2153,0.2152,0.2151,0.215,0.2149,0.2159,0.216,0.2161,0.2162,0.2163,0.2164,0.2165,0.2166,0.2167,0.2168,1162.9,15700.9,38020.6,41254.9,47854.1,24005.1,24248.7,18310.1,19806.5,8636.8,495,6051.8,11017.6,25165,16100.6,16007.7,17742.8,8582.3,3076.2,7108.8
34,0.2159,0.2158,0.2157,0.2156,0.2155,0.2154,0.2153,0.2152,0.2151,0.215,0.216,0.2161,0.2162,0.2163,0.2164,0.2165,0.2166,0.2167,0.2168,0.2169,1884.7,10822.1,34281.5,49699.6,35437.1,35839.8,18153.9,18396.2,3653.3,19095.5,495,6264.5,6700.7,10033.4,32054.7,20734.1,6989.3,16924.3,7108.8,3930.3
35,0.2161,0.216,0.2159,0.2158,0.2157,0.2156,0.2155,0.2154,0.2153,0.2152,0.2162,0.2163,0.2164,0.2165,0.2166,0.2167,0.2168,0.2169,0.217,0.2171,495,9387.6,14549.5,17968.3,48474.8,68201.3,9504.1,35839.8,5961.1,18396.2,1035.8,7488.9,14477.2,29373.9,8175.9,3719.2,20953.7,17766.2,6906.9,5081.2
36,0.216,0.2159,0.2158,0.2157,0.2156,0.2155,0.2154,0.2153,0.2152,0.2151,0.2161,0.2162,0.2163,0.2164,0.2165,0.2166,0.2167,0.2168,0.2169,0.217,34.7,9951.4,28538.9,37187.7,51156.4,21689.9,16697.2,19891.5,12543.7,3653.3,495,6515.1,10816.1,36357.8,44040.9,26694.8,8921.7,18799.8,29494.8,6906.9
37,0.2157,0.2156,0.2155,0.2154,0.2153,0.2152,0.2151,0.215,0.2149,0.2148,0.2158,0.2159,0.216,0.2161,0.2162,0.2163,0.2164,0.2165,0.2166,0.2167,11336.5,17102.2,39614.5,34769.1,40677.3,27675.1,9579,33047.5,8637.1,9340.3,495,5953.7,6871,17380.1,36507.1,32826.9,26208.8,8639.9,12834.8,32482.3
38,0.2158,0.2157,0.2156,0.2155,0.2154,0.2153,0.2152,0.2151,0.215,0.2149,0.2159,0.216,0.2161,0.2162,0.2163,0.2164,0.2165,0.2166,0.2167,0.2168,495,15441.6,20053.4,48551,33830.9,41302.6,32889.6,9565.7,33047.5,8637.1,1898.7,6161,11527.3,32540.5,29996.5,26208.8,8639.9,26691.1,29127.8,12954.3
39,0.2158,0.2157,0.2156,0.2155,0.2154,0.2153,0.2152,0.2151,0.215,0.2149,0.2159,0.216,0.2161,0.2162,0.2163,0.2164,0.2165,0.2166,0.2167,0.2168,1885.3,16723.8,21545.6,38413.3,25607.2,36080.2,29611,12828.6,33047.5,8637.1,1070.5,5899.5,10149.7,26687.7,25962.8,26197.8,8628.9,20845.6,3076.2,7108.8
40,0.2158,0.2157,0.2156,0.2155,0.2154,0.2153,0.2152,0.2151,0.215,0.2149,0.2159,0.216,0.2161,0.2162,0.2163,0.2164,0.2165,0.2166,0.2167,0.2168,5195.4,22928.1,51288.1,35864.1,16020.4,30258.7,29632.7,12828.6,33047.5,5502.8,495,5394.8,15997.2,26687.7,25975.8,32740.3,8641.9,20845.6,3076.2,7108.8
41,0.2148,0.2147,0.2146,0.2145,0.2144,0.2143,0.2142,0.2141,0.214,0.2139,0.2149,0.215,0.2151,0.2152,0.2153,0.2154,0.2155,0.2156,0.2157,0.2158,946.2,9739.3,32011.5,49654.2,41556.8,36735.7,11006.2,16806,6558.7,5160.9,2046.1,9888.1,6908.6,15122.4,29419.9,24221.8,23223.3,18889.2,19049.2,12629.4
42,0.2142,0.2141,0.214,0.2139,0.2138,0.2137,0.2136,0.2135,0.2134,0.2133,0.2143,0.2144,0.2145,0.2146,0.2147,0.2148,0.2149,0.215,0.2151,0.2152,3033.8,11016.1,13457.9,22868,54922.5,22091.8,20383,2795.1,13913.5,4927.3,1895.1,2814.1,3566,12962.5,31117.7,22590.4,28528,6760.7,11223.6,6989.7
43,0.2141,0.214,0.2139,0.2138,0.2137,0.2136,0.2135,0.2134,0.2133,0.2132,0.2143,0.2144,0.2145,0.2146,0.2147,0.2148,0.2149,0.215,0.2151,0.2152,19148.8,11062.8,35698.2,36950.8,46814.5,37185.1,28618.7,23551.5,4996.6,4677.3,4126,8209.5,7761.7,29282.4,29059.5,9857.6,48301.1,7180.7,11223.6,7409.7
44,0.2141,0.214,0.2139,0.2138,0.2137,0.2136,0.2135,0.2134,0.2133,0.2132,0.2143,0.2144,0.2145,0.2146,0.2147,0.2148,0.2149,0.215,0.2151,0.2152,8597.5,11062.1,26659.5,42500.7,34355.1,16671.7,8820.7,25502.3,4996.6,4677.3,3936.7,8318.2,11439.3,30850.8,45253.6,9857.6,24146.8,6760.7,5762.1,7409.7
45,0.214,0.2139,0.2138,0.2137,0.2136,0.2135,0.2134,0.2133,0.2132,0.2131,0.2141,0.2142,0.2143,0.2144,0.2145,0.2146,0.2147,0.2148,0.2149,0.215,34.9,10002.6,25613.4,50940.6,32009.4,24754.1,33905.4,19642.2,6730.1,14716.7,1896.4,3041.1,9649.1,32690.3,35704.6,14300.2,13846.4,14892.2,27088.6,7180.7
46,0.2139,0.2138,0.2137,0.2136,0.2135,0.2134,0.2133,0.2132,0.2131,0.213,0.214,0.2141,0.2142,0.2143,0.2144,0.2145,0.2146,0.2147,0.2148,0.2149,34.9,16446.2,44793.1,53517.3,20791.1,32262.5,32435.5,6730.1,4971.1,12023,1897,7979,22844.2,10805.3,30995.8,34273.2,14300.2,2426.8,14892.2,1931.8
47,0.2139,0.2138,0.2137,0.2136,0.2135,0.2134,0.2133,0.2132,0.2131,0.213,0.214,0.2141,0.2142,0.2143,0.2144,0.2145,0.2146,0.2147,0.2148,0.2149,529.9,21481.8,44002.2,34650.9,24119.3,26366.7,28818.4,12925.6,7345,19692.5,1541,7960.1,22844.2,10805.3,31628.4,45437.4,8402.8,2426.8,9065,1931.8
48,0.2138,0.2137,0.2136,0.2135,0.2134,0.2133,0.2132,0.2131,0.213,0.2129,0.214,0.2141,0.2142,0.2143,0.2144,0.2145,0.2146,0.2147,0.2148,0.2149,15019.5,44551.6,58525.1,10139.3,47534.1,27836.7,30641.5,21421.6,10078.2,2426.8,4481.3,8490.2,18366.5,40668.5,31745,30244.6,14301.2,2708.5,9065,1931.8
49,0.2137,0.2136,0.2135,0.2134,0.2133,0.2132,0.2131,0.213,0.2129,0.2128,0.2139,0.214,0.2141,0.2142,0.2143,0.2144,0.2145,0.2146,0.2147,0.2148,25125.4,39399.3,37092.4,29746,40594.3,37510.2,21069.8,24537.4,2426.8,9046.7,4348.8,13576.7,24218.9,26323.2,32840.5,16888.6,2617.8,8402.8,30051.4,9065
50,0.2137,0.2136,0.2135,0.2134,0.2133,0.2132,0.2131,0.213,0.2129,0.2128,0.2138,0.2139,0.214,0.2141,0.2142,0.2143,0.2144,0.2145,0.2146,0.2147,277,11635.7,30044.3,34348.7,34863.9,30583.6,30134.9,12461.2,30950.6,6730.3,2625.6,6613.6,17076.2,40123.3,28119.4,31191.1,41633.9,2617.8,6126.7,2708.5
51,0.2137,0.2136,0.2135,0.2134,0.2133,0.2132,0.2131,0.213,0.2129,0.2128,0.2138,0.2139,0.214,0.2141,0.2142,0.2143,0.2144,0.2145,0.2146,0.2147,137,17475,34630.7,53142.4,25753.8,21587.5,30130.9,12461.2,18844.8,6730.3,2108.7,7438.2,17411.7,33402.4,26726.9,31187.1,14525.3,2617.8,30872,2708.5
52,0.2138,0.2137,0.2136,0.2135,0.2134,0.2133,0.2132,0.2131,0.213,0.2129,0.2139,0.214,0.2141,0.2142,0.2143,0.2144,0.2145,0.2146,0.2147,0.2148,702,20613.6,28690.5,52959.4,50238.9,32044.2,30689.6,39076,12424.2,4757.8,2107.9,10103.3,13769.8,44357.2,22975.7,29019.1,27363.1,20114.3,2708.5,6691.9
53,0.2137,0.2136,0.2135,0.2134,0.2133,0.2132,0.2131,0.213,0.2129,0.2128,0.2138,0.2139,0.214,0.2141,0.2142,0.2143,0.2144,0.2145,0.2146,0.2147,10778.6,15552.7,42334.1,34105.6,35149,42278.8,37053.9,12424.2,4757.8,6730.3,1969.3,4833.3,9998.7,19667.2,42103.8,16762.7,28380.7,8515.2,20114.3,2708.5
54,0.2136,0.2135,0.2134,0.2133,0.2132,0.2131,0.213,0.2129,0.2128,0.2127,0.2138,0.2139,0.214,0.2141,0.2142,0.2143,0.2144,0.2145,0.2146,0.2147,9913.9,19270.3,35814.3,43635.9,49330.3,26614,16377.3,35440.4,21733.9,21263.5,2064.6,6020,15003.3,39971.8,31802.5,23087.9,14522.3,10071,6126.7,2708.5
55,0.2134,0.2133,0.2132,0.2131,0.213,0.2129,0.2128,0.2127,0.2126,0.2125,0.2136,0.2137,0.2138,0.2139,0.214,0.2141,0.2142,0.2143,0.2144,0.2145,12192.3,25828,30912.5,42111.9,53587.9,23599.1,28191.7,35454.2,11572.8,2521.1,2920.1,7644.7,16830.3,38339.6,14406.9,32602.1,27146.2,38682,14522.3,9651
56,0.2133,0.2132,0.2131,0.213,0.2129,0.2128,0.2127,0.2126,0.2125,0.2124,0.2135,0.2136,0.2137,0.2138,0.2139,0.214,0.2141,0.2142,0.2143,0.2144,10708.8,24367.3,45684.7,61562.7,32601.2,7597,33668.3,11572.8,3105.1,26678.3,2389.6,10381.8,6829.7,14302.9,28343,27700.1,33810.1,51504.6,8729.9,8624.9
57,0.213,0.2129,0.2128,0.2127,0.2126,0.2125,0.2124,0.2123,0.2122,0.2121,0.2131,0.2132,0.2133,0.2134,0.2135,0.2136,0.2137,0.2138,0.2139,0.214,4071.7,23119.4,25243.8,52355.8,26958.3,28256.8,36411.7,5010.3,9128.3,2617.9,495,7011.2,11904.2,20700.9,33117,24232.2,39639.6,7793.1,22735.3,15093
58,0.2128,0.2127,0.2126,0.2125,0.2124,0.2123,0.2122,0.2121,0.212,0.2119,0.2129,0.213,0.2131,0.2132,0.2133,0.2134,0.2135,0.2136,0.2137,0.2138,6117.5,15224.5,41488.3,34020.1,43742.9,29846.3,9056.5,40669.8,15478.6,9659.3,495,4599.2,10601.2,12175.6,33329,42093.2,26224.7,26791.4,5722.9,7793.1
59,0.2126,0.2125,0.2124,0.2123,0.2122,0.2121,0.212,0.2119,0.2118,0.2117,0.2128,0.2129,0.213,0.2131,0.2132,0.2133,0.2134,0.2135,0.2136,0.2137,9863.9,16385.9,29062.5,14153.5,60895.7,35844.1,40010.5,9659.3,2009.2,5705.9,6334.5,12841.7,38403.4,42308.2,32517,21546.9,7460.8,6105.3,6813.1,5722.9
60,0.2127,0.2126,0.2125,0.2124,0.2123,0.2122,0.2121,0.212,0.2119,0.2118,0.2128,0.2129,0.213,0.2131,0.2132,0.2133,0.2134,0.2135,0.2136,0.2137,3684.7,15340.1,31656.3,45203.8,40558.7,27089.9,29110.2,26277.3,10808.6,2009.2,630.6,3449.7,14033.2,24200.1,43522.2,20563.5,18875.4,32753.2,7262.1,6171.9
61,0.2128,0.2127,0.2126,0.2125,0.2124,0.2123,0.2122,0.2121,0.212,0.2119,0.213,0.2131,0.2132,0.2133,0.2134,0.2135,0.2136,0.2137,0.2138,0.2139,10561.2,18214.2,25511.8,43681.9,40320.5,29430.5,21710.5,5858.4,19788.5,10808.6,3521,11466.7,27194.9,20467.5,8431.6,16101.7,26797.1,5471.9,6813.1,30396.2
62,0.2129,0.2128,0.2127,0.2126,0.2125,0.2124,0.2123,0.2122,0.2121,0.212,0.213,0.2131,0.2132,0.2133,0.2134,0.2135,0.2136,0.2137,0.2138,0.2139,495,7398.2,9861.9,17801.9,44485.1,55357,17326.7,39194.1,11236.2,20345.5,2265.4,10838,27194.9,20467.5,12090.3,20815.7,20865.3,5471.9,6813.1,30396.2
63,0.2127,0.2126,0.2125,0.2124,0.2123,0.2122,0.2121,0.212,0.2119,0.2118,0.2129,0.213,0.2131,0.2132,0.2133,0.2134,0.2135,0.2136,0.2137,0.2138,8897,18940.3,32364.2,32389.9,45781.9,36102.4,25373.3,20345.5,11365.6,4347.2,4961.4,9330,9428.4,25789.8,27937.4,21009.7,11162.5,27240.5,5471.9,6813.1
64,0.2128,0.2127,0.2126,0.2125,0.2124,0.2123,0.2122,0.2121,0.212,0.2119,0.2129,0.213,0.2131,0.2132,0.2133,0.2134,0.2135,0.2136,0.2137,0.2138,495,8528.1,18940.3,28645.7,38306.7,14480.6,19031.1,31549.3,20345.5,10808.6,2857.2,9386.8,7727.2,19863.6,23682.8,13411.4,5236.3,21314.3,5471.9,6813.1
65,0.2126,0.2125,0.2124,0.2123,0.2122,0.2121,0.212,0.2119,0.2118,0.2117,0.2127,0.2128,0.2129,0.213,0.2131,0.2132,0.2133,0.2134,0.2135,0.2136,3783.3,9012.5,19116.1,12029.3,37609,43018.2,38477.9,38046.3,2009.2,2618.2,1905.6,10989,7032,14397.2,35072.2,23139.1,19369.6,7011.8,8829.1,7262.1
66,0.2124,0.2123,0.2122,0.2121,0.212,0.2119,0.2118,0.2117,0.2116,0.2115,0.2125,0.2126,0.2127,0.2128,0.2129,0.213,0.2131,0.2132,0.2133,0.2134,9212.5,23466.6,40419.7,50172.5,17356.8,49831.6,20826.3,29313,4678,4956.3,495,4736.2,9988.5,20024,27618.5,45501.2,28776.5,7012,7505.8,7460.8
67,0.2125,0.2124,0.2123,0.2122,0.2121,0.212,0.2119,0.2118,0.2117,0.2116,0.2126,0.2127,0.2128,0.2129,0.213,0.2131,0.2132,0.2133,0.2134,0.2135,6729.5,11081.2,29229,42488.3,42076.8,15381.4,49833.6,8948.3,15143.2,4678,635,5899.9,16636.7,39370.5,37500.5,24619.9,7012,2816.9,7011.8,3348.9
68,0.2128,0.2127,0.2126,0.2125,0.2124,0.2123,0.2122,0.2121,0.212,0.2119,0.2129,0.213,0.2131,0.2132,0.2133,0.2134,0.2135,0.2136,0.2137,0.2138,6868.5,11048.8,23184.8,42453.2,39262.5,31934.8,16627.8,29298.3,17197.3,35353.8,560,5386.7,14779.3,27111.7,17458.6,26431.7,17406.3,8468.1,2999.9,6813.1
69,0.2129,0.2128,0.2127,0.2126,0.2125,0.2124,0.2123,0.2122,0.2121,0.212,0.213,0.2131,0.2132,0.2133,0.2134,0.2135,0.2136,0.2137,0.2138,0.2139,7340.9,12152.5,28585.1,35348.2,37585.3,16636.3,35091.4,7599.9,20180.5,17197.4,1385.8,6145.2,22171.4,23368.8,46725.9,27894.9,12807.5,42451.3,6813.1,3212.9
70,0.2129,0.2128,0.2127,0.2126,0.2125,0.2124,0.2123,0.2122,0.2121,0.212,0.213,0.2131,0.2132,0.2133,0.2134,0.2135,0.2136,0.2137,0.2138,0.2139,7617.9,7544.5,14785.1,38273.2,30755,23743.2,25977.9,21734.1,20180.5,16640.4,495,5082.6,11746.5,17931,46488.2,23333.1,18733.3,17493.5,6813.1,3212.9
71,0.2128,0.2127,0.2126,0.2125,0.2124,0.2123,0.2122,0.2121,0.212,0.2119,0.2129,0.213,0.2131,0.2132,0.2133,0.2134,0.2135,0.2136,0.2137,0.2138,6680.4,16203.3,47409.5,37585.9,13549.2,34801.9,33857.8,26845,16640.4,23471.5,495,4516.7,14948.1,18041.3,32002.7,47279.6,23333.7,41230.7,8924.7,6813.1
72,0.2128,0.2127,0.2126,0.2125,0.2124,0.2123,0.2122,0.2121,0.212,0.2119,0.2129,0.213,0.2131,0.2132,0.2133,0.2134,0.2135,0.2136,0.2137,0.2138,495,10385.6,21598.8,29159.7,33661.4,24056.3,33858.8,65715.9,17197.7,23471.9,2658.8,5129.6,19062.4,42123.8,31971.2,21046.9,23338.1,6883.3,2999.9,32092.2
73,0.2127,0.2126,0.2125,0.2124,0.2123,0.2122,0.2121,0.212,0.2119,0.2118,0.2129,0.213,0.2131,0.2132,0.2133,0.2134,0.2135,0.2136,0.2137,0.2138,12161.4,27524.9,35422,43165.8,29978.7,27929.6,59774.4,16640.7,23471.9,8915,3816.8,9608.9,11303,22529.7,33629.5,20814.9,17408.9,6883.3,17044.8,6813.1
74,0.2127,0.2126,0.2125,0.2124,0.2123,0.2122,0.2121,0.212,0.2119,0.2118,0.2128,0.2129,0.213,0.2131,0.2132,0.2133,0.2134,0.2135,0.2136,0.2137,8347.2,12122.8,31261,23423,30228.5,36944.7,53862.1,44373.8,11366.1,6564.9,350.6,4911.5,9421.4,13762.4,45011.9,29698.3,12939.2,3348.9,20935.1,3448.9
75,0.2126,0.2125,0.2124,0.2123,0.2122,0.2121,0.212,0.2119,0.2118,0.2117,0.2127,0.2128,0.2129,0.213,0.2131,0.2132,0.2133,0.2134,0.2135,0.2136,8150.9,13905.2,18656.3,44325.9,41803,53995.9,35753.8,23681.2,6564.9,15449.1,495,4420.6,9249.7,18112.6,27846.6,45642,29073.5,13396,3348.9,6883.3
76,0.2124,0.2123,0.2122,0.2121,0.212,0.2119,0.2118,0.2117,0.2116,0.2115,0.2125,0.2126,0.2127,0.2128,0.2129,0.213,0.2131,0.2132,0.2133,0.2134,9242.4,14799.8,37764.5,31534.1,38471.2,41302,35920.8,40764.7,7058.6,4968.4,560,4804.8,11685.1,35052.6,30053,32837,29971.4,15280.6,8752.1,15772.9
77,0.2124,0.2123,0.2122,0.2121,0.212,0.2119,0.2118,0.2117,0.2116,0.2115,0.2125,0.2126,0.2127,0.2128,0.2129,0.213,0.2131,0.2132,0.2133,0.2134,9437.4,20745,48059.9,39489.5,30287.6,56082.9,12579.7,41973.5,7058.6,4968.4,560,7671.4,19202.8,26245,34808.5,36736.6,24036,7012,2816.9,9837.7
78,0.2124,0.2123,0.2122,0.2121,0.212,0.2119,0.2118,0.2117,0.2116,0.2115,0.2125,0.2126,0.2127,0.2128,0.2129,0.213,0.2131,0.2132,0.2133,0.2134,5475.7,17087.8,32415.4,44832.5,30991.3,49510.1,37451.9,37409.3,7058.6,2618.3,501.5,11502.6,8054.1,21650.5,34048.4,19956.2,17495.6,7882.7,16886.6,9388.7
79,0.2126,0.2125,0.2124,0.2123,0.2122,0.2121,0.212,0.2119,0.2118,0.2117,0.2127,0.2128,0.2129,0.213,0.2131,0.2132,0.2133,0.2134,0.2135,0.2136,6843.9,18309.9,27588.4,43344.8,20226.2,55413.6,36514.2,20212.4,18580.9,20867,495,4209.5,9212,20216,36629.8,23433.4,30073.5,23450.5,3348.9,8468.1
80,0.2125,0.2124,0.2123,0.2122,0.2121,0.212,0.2119,0.2118,0.2117,0.2116,0.2126,0.2127,0.2128,0.2129,0.213,0.2131,0.2132,0.2133,0.2134,0.2135,5618,14948.6,31009.9,33121.9,47601.2,35957.2,59132,17137.1,21424,8503.7,495,5497.5,11605.5,13638,38416.3,23438.8,46816.5,28767.8,9388.7,3348.9
81,0.2123,0.2122,0.2121,0.212,0.2119,0.2118,0.2117,0.2116,0.2115,0.2114,0.2124,0.2125,0.2126,0.2127,0.2128,0.2129,0.213,0.2131,0.2132,0.2133,495,17422.6,20178.2,43444.3,46469,44272.1,34550.6,64333,7357.6,565.5,2653.1,4026.4,14943.7,29022.1,21141.5,12817.1,23485.8,8723,12956.2,2816.9
82,0.2124,0.2123,0.2122,0.2121,0.212,0.2119,0.2118,0.2117,0.2116,0.2115,0.2125,0.2126,0.2127,0.2128,0.2129,0.213,0.2131,0.2132,0.2133,0.2134,495,10535.5,19677,23518.9,47721.6,57395.6,18357.1,40560.8,44204.2,7357.6,715.8,6752.1,10727.1,27900.9,26641.6,22852.1,3411.4,21090.8,2816.9,9837.7
83,0.2123,0.2122,0.2121,0.212,0.2119,0.2118,0.2117,0.2116,0.2115,0.2114,0.2125,0.2126,0.2127,0.2128,0.2129,0.213,0.2131,0.2132,0.2133,0.2134,9929.6,20850.2,28857.6,41516.2,48297.8,30776.5,36276.7,35975.9,19658.7,565.5,4090.7,8342.6,9315.3,29741.7,27570.5,23484.7,2778.8,21090.8,17792.9,9837.7
84,0.2126,0.2125,0.2124,0.2123,0.2122,0.2121,0.212,0.2119,0.2118,0.2117,0.2127,0.2128,0.2129,0.213,0.2131,0.2132,0.2133,0.2134,0.2135,0.2136,495,9318.1,15335.6,20486.6,43661,19019.6,32084.2,36212.8,35954.8,17078.9,747.2,3543.9,15777.9,41611.7,19504.4,30204.2,16886,9388.7,3348.9,8019.1
85,0.2126,0.2125,0.2124,0.2123,0.2122,0.2121,0.212,0.2119,0.2118,0.2117,0.2127,0.2128,0.2129,0.213,0.2131,0.2132,0.2133,0.2134,0.2135,0.2136,1906.3,7548.2,9626.4,30955.5,40556.4,27164.6,22771.1,36474.4,35397.8,16171.2,715.6,4088.6,15778,35668.6,20419.1,36518.6,22813.2,9837.7,3348.9,8019.1
86,0.2128,0.2127,0.2126,0.2125,0.2124,0.2123,0.2122,0.2121,0.212,0.2119,0.2129,0.213,0.2131,0.2132,0.2133,0.2134,0.2135,0.2136,0.2137,0.2138,4156.4,5962.7,13717.8,38092.6,35312.7,27546.1,28972.3,28865.8,20979.5,35672,679.3,9107.2,15267.5,58017.1,28150.5,20034.1,31643.2,8019.1,2999.9,6813.1
87,0.2128,0.2127,0.2126,0.2125,0.2124,0.2123,0.2122,0.2121,0.212,0.2119,0.2129,0.213,0.2131,0.2132,0.2133,0.2134,0.2135,0.2136,0.2137,0.2138,1904.9,5962.3,12234.4,38366.8,35312.7,19302.5,37905,41721.2,15055.1,20473.9,715.6,11673.4,19812.7,28367.6,44633.6,19581.1,25723.8,8019.1,3448.9,6813.1
88,0.2129,0.2128,0.2127,0.2126,0.2125,0.2124,0.2123,0.2122,0.2121,0.212,0.213,0.2131,0.2132,0.2133,0.2134,0.2135,0.2136,0.2137,0.2138,0.2139,3749.9,7764.4,18712,25319.5,37092.3,48793.8,19302.5,35315.4,15995.2,21259.8,715.6,8404.3,30673.2,36998.7,20768.5,29391.8,12798.7,17045.2,6813.1,3636.5
89,0.2129,0.2128,0.2127,0.2126,0.2125,0.2124,0.2123,0.2122,0.2121,0.212,0.213,0.2131,0.2132,0.2133,0.2134,0.2135,0.2136,0.2137,0.2138,0.2139,3749.9,7764.4,22723.2,40208.1,31849.3,28308.8,19299.5,29396,10075.4,21259.8,715.6,5062.7,20721.1,37397.3,20066.1,31635.2,39283.9,17045.2,6813.1,3636.5
90,0.2129,0.2128,0.2127,0.2126,0.2125,0.2124,0.2123,0.2122,0.2121,0.212,0.213,0.2131,0.2132,0.2133,0.2134,0.2135,0.2136,0.2137,0.2138,0.2139,1533.4,11841.8,29062,29933.8,18286.1,26721.7,31252.5,16542,10075.4,14498.1,495,9500.2,26233.4,16582.1,40413.1,29310.7,16056.7,22575.9,6813.1,3636.5
91,0.2128,0.2127,0.2126,0.2125,0.2124,0.2123,0.2122,0.2121,0.212,0.2119,0.213,0.2131,0.2132,0.2133,0.2134,0.2135,0.2136,0.2137,0.2138,0.2139,2099.9,15977.5,34269.4,32857,42392.4,22300.6,36588.7,29137.1,3686.7,23133.3,5638.6,14573.8,36349.1,20832.6,27417.8,27321.9,6883.3,2899.9,6813.1,3636.5
92,0.2127,0.2126,0.2125,0.2124,0.2123,0.2122,0.2121,0.212,0.2119,0.2118,0.2128,0.2129,0.213,0.2131,0.2132,0.2133,0.2134,0.2135,0.2136,0.2137,815.6,16672.5,34987.8,33723,27458.5,32649.6,62004.6,3686.7,23690.3,17688.8,495,5158.8,8058.3,20566.4,47963.4,42691.7,9599.4,27768.3,12797.1,2899.9
93,0.2125,0.2124,0.2123,0.2122,0.2121,0.212,0.2119,0.2118,0.2117,0.2116,0.2126,0.2127,0.2128,0.2129,0.213,0.2131,0.2132,0.2133,0.2134,0.2135,655.3,11135.8,27510,27821.3,38590.8,16107.9,44477.2,28210.4,4437.2,6123.1,495,3640.6,10202.5,25478.8,41188.3,27448.2,2817.1,19234.4,7460.8,7799.2
94,0.2124,0.2123,0.2122,0.2121,0.212,0.2119,0.2118,0.2117,0.2116,0.2115,0.2125,0.2126,0.2127,0.2128,0.2129,0.213,0.2131,0.2132,0.2133,0.2134,495,24684.9,37886.6,33769.5,31611.7,32868.2,49168.5,45685.6,6681.1,19657.6,715.8,5753.7,12851.8,20110.6,29833.8,22236.3,28720,7012,5443.6,7460.8
95,0.2125,0.2124,0.2123,0.2122,0.2121,0.212,0.2119,0.2118,0.2117,0.2116,0.2126,0.2127,0.2128,0.2129,0.213,0.2131,0.2132,0.2133,0.2134,0.2135,495,15339,16853.7,18405.7,60029.1,36181.4,31591.5,42224.1,19658.1,19013.1,565.8,5299.2,13849.2,33163.7,22024.5,30223.3,21088.4,20419.6,8596.6,7350.2
96,0.2124,0.2123,0.2122,0.2121,0.212,0.2119,0.2118,0.2117,0.2116,0.2115,0.2126,0.2127,0.2128,0.2129,0.213,0.2131,0.2132,0.2133,0.2134,0.2135,1907.6,10926.2,22000.6,65264.4,38415.3,32325,40933.5,32004.6,6681.1,9177.3,7893.5,10868.7,25817.8,15308.8,19718.1,18368.5,12936.8,5892.6,22658.4,7350.2
97,0.2124,0.2123,0.2122,0.2121,0.212,0.2119,0.2118,0.2117,0.2116,0.2115,0.2125,0.2126,0.2127,0.2128,0.2129,0.213,0.2131,0.2132,0.2133,0.2134,1907.6,12736,21997.2,64705.4,33175.1,37634.8,22125.9,44888.6,6681.1,9177.3,495,7893.5,8908.7,18999.3,18836.8,13292.6,17497.8,7012,5892.6,21522.6
98,0.2129,0.2128,0.2127,0.2126,0.2125,0.2124,0.2123,0.2122,0.2121,0.212,0.213,0.2131,0.2132,0.2133,0.2134,0.2135,0.2136,0.2137,0.2138,0.2139,495,3226.2,11884.6,21445.1,50640.6,23724,30751.5,23744.6,52528,18181.8,1641.5,17731.3,20700.6,27134.2,29786.8,27325.6,7332.3,3281.6,7948.9,3636.5
99,0.2128,0.2127,0.2126,0.2125,0.2124,0.2123,0.2122,0.2121,0.212,0.2119,0.213,0.2131,0.2132,0.2133,0.2134,0.2135,0.2136,0.2137,0.2138,0.2139,5477.6,17603.1,39120.8,40198.2,23718.6,19165,22452,57907.3,6055.7,18368.3,3224.3,7278.2,17037.3,13932.4,19710.6,7350.2,13874.9,17325.9,7948.9,3212.9
100,0.2131,0.213,0.2129,0.2128,0.2127,0.2126,0.2125,0.2124,0.2123,0.2122,0.2132,0.2133,0.2134,0.2135,0.2136,0.2137,0.2138,0.2139,0.214,0.2141,4485.7,11617.8,32143.9,26194.3,31450.3,29533.4,31799.8,22433.4,16162.3,3688,495,4971,14083.4,19043.4,52173.5,36203.1,16738.7,31396.3,6812.9,3186.4
101,0.213,0.2129,0.2128,0.2127,0.2126,0.2125,0.2124,0.2123,0.2122,0.2121,0.2132,0.2133,0.2134,0.2135,0.2136,0.2137,0.2138,0.2139,0.214,0.2141,4485.1,15140.9,25596.4,32976.1,28977,32491.5,36552.3,22481.9,3688,24722.6,10776.1,12827.3,16968.9,34288.9,31960.7,28756.2,15035,20541.8,7261.9,3186.4
102,0.2131,0.213,0.2129,0.2128,0.2127,0.2126,0.2125,0.2124,0.2123,0.2122,0.2132,0.2133,0.2134,0.2135,0.2136,0.2137,0.2138,0.2139,0.214,0.2141,4485.7,6737.7,13732.8,33688.2,29965.6,23697.4,40157.5,17807.3,8438.3,3688,70.6,3297,10128.7,22866.1,35199.2,17576.8,15032.4,3212.9,7261.9,3186.4
103,0.2132,0.2131,0.213,0.2129,0.2128,0.2127,0.2126,0.2125,0.2124,0.2123,0.2133,0.2134,0.2135,0.2136,0.2137,0.2138,0.2139,0.214,0.2141,0.2142,2233.5,10467.7,7219.3,19638.8,34185,29153.5,31499.4,30311.4,17807.3,8438.3,565.4,15481.9,34186.9,41002,30260,15032.4,15019.7,21287.8,3186.4,6974.2
104,0.2133,0.2132,0.2131,0.213,0.2129,0.2128,0.2127,0.2126,0.2125,0.2124,0.2134,0.2135,0.2136,0.2137,0.2138,0.2139,0.214,0.2141,0.2142,0.2143,495,4555.4,12088.9,17196.6,37821.5,49099.4,22685.2,52636.8,13149.4,3687,2003,13307.5,39151.7,36778.3,23755.2,29994.7,21287.8,3186.4,7094.6,5504.1
105,0.2134,0.2133,0.2132,0.2131,0.213,0.2129,0.2128,0.2127,0.2126,0.2125,0.2135,0.2136,0.2137,0.2138,0.2139,0.214,0.2141,0.2142,0.2143,0.2144,2309,9211.9,13608.9,49084,32266.9,42217.3,26075.1,40890.8,3685.8,15514,565.4,5130.5,11179.8,15849,11364.1,20838.8,17837,7094.6,5953.1,6812.9
106,0.2133,0.2132,0.2131,0.213,0.2129,0.2128,0.2127,0.2126,0.2125,0.2124,0.2134,0.2135,0.2136,0.2137,0.2138,0.2139,0.214,0.2141,0.2142,0.2143,4561.1,15015,38407.6,32660.6,31055.4,37236.4,32819.5,16512.8,15146.9,4242,495,4847.4,12853.2,18722.6,29605.4,17829,27183.2,23099.8,7094.6,5504.1
107,0.2132,0.2131,0.213,0.2129,0.2128,0.2127,0.2126,0.2125,0.2124,0.2123,0.2133,0.2134,0.2135,0.2136,0.2137,0.2138,0.2139,0.214,0.2141,0.2142,4524.8,16226.7,43153.9,25520.3,42962.2,19139.2,36526.1,34095.6,4242,19654.6,495,15011.7,27725.7,15400.7,27683.2,21425.9,3680.9,21287.8,3186.4,7094.6
108,0.2134,0.2133,0.2132,0.2131,0.213,0.2129,0.2128,0.2127,0.2126,0.2125,0.2135,0.2136,0.2137,0.2138,0.2139,0.214,0.2141,0.2142,0.2143,0.2144,2309,10078.3,7693,29614.3,47016.9,19336,37733.2,38845.8,17792.7,21351.6,70.4,3137.6,14750.7,38125.7,12345.7,13796.1,9085,21105.3,5504.1,6812.9
109,0.2134,0.2133,0.2132,0.2131,0.213,0.2129,0.2128,0.2127,0.2126,0.2125,0.2135,0.2136,0.2137,0.2138,0.2139,0.214,0.2141,0.2142,0.2143,0.2144,5067,18300,26715.9,62682,28576.9,21428.7,47637.9,32480.8,3685.8,15146.9,495,3340.7,11488.1,30681.6,20271.1,8748.9,12056.7,26992,2999.7,6812.9
110,0.2132,0.2131,0.213,0.2129,0.2128,0.2127,0.2126,0.2125,0.2124,0.2123,0.2134,0.2135,0.2136,0.2137,0.2138,0.2139,0.214,0.2141,0.2142,0.2143,3955.1,14002.2,32722.9,49765.2,31827.8,25337.9,36523.9,37401,4242,10233.5,5778.6,20714.4,43789.8,21600.5,14947,14258.3,11282.8,5537.4,7094.6,2999.7
111,0.2135,0.2134,0.2133,0.2132,0.2131,0.213,0.2129,0.2128,0.2127,0.2126,0.2137,0.2138,0.2139,0.214,0.2141,0.2142,0.2143,0.2144,0.2145,0.2146,6044.8,9490.3,30961.2,65692.4,41338.6,37466,15225,37539.2,16440.4,3685.8,6369.8,17943.8,19377.2,21143.2,23090.9,21795.5,16623.7,6812.9,2405.8,8410.3
112,0.2137,0.2136,0.2135,0.2134,0.2133,0.2132,0.2131,0.213,0.2129,0.2128,0.2138,0.2139,0.214,0.2141,0.2142,0.2143,0.2144,0.2145,0.2146,0.2147,495,7297.4,15959.8,39087.1,41730.2,28414.4,22047.2,63081.4,9336,11906.2,1969.3,16872.7,19001.9,33556.3,5822.6,22510.1,20809.2,2405.8,8410.3,565.1
113,0.2137,0.2136,0.2135,0.2134,0.2133,0.2132,0.2131,0.213,0.2129,0.2128,0.2138,0.2139,0.214,0.2141,0.2142,0.2143,0.2144,0.2145,0.2146,0.2147,4657.3,7048.6,18775.1,45756.2,42790.1,28416.4,19160.9,45997,11768.3,11835.3,495,5238.8,14349.4,15122.8,33171.7,29028.4,20809.2,10541.4,7011.6,846.8
114,0.2138,0.2137,0.2136,0.2135,0.2134,0.2133,0.2132,0.2131,0.213,0.2129,0.2139,0.214,0.2141,0.2142,0.2143,0.2144,0.2145,0.2146,0.2147,0.2148,2152.1,15415.1,28623.3,48678.6,34185.5,23795,25359.2,28952.5,14566.4,9373.4,107,5698.1,7205.9,20537.5,37504.5,16614.3,10034.2,39622.1,15395.7,7460.5
115,0.2139,0.2138,0.2137,0.2136,0.2135,0.2134,0.2133,0.2132,0.2131,0.213,0.214,0.2141,0.2142,0.2143,0.2144,0.2145,0.2146,0.2147,0.2148,0.2149,2151.5,10242.2,25794,29389.7,45285.3,23617.6,21470.1,16548.8,21952.3,14495.6,495,5232.4,7927.6,13902.4,21072,32186.4,7644.2,23521.9,7011.5,18623.3
116,0.2139,0.2138,0.2137,0.2136,0.2135,0.2134,0.2133,0.2132,0.2131,0.213,0.214,0.2141,0.2142,0.2143,0.2144,0.2145,0.2146,0.2147,0.2148,0.2149,35.1,4991.2,17731,30198.4,43635,26617.4,18540.7,43336.6,7878.9,20700.3,1927.3,5399,11839.5,23902.1,15723.6,26323.6,13336.1,17647.2,7011.5,3198.3
117,0.2138,0.2137,0.2136,0.2135,0.2134,0.2133,0.2132,0.2131,0.213,0.2129,0.2139,0.214,0.2141,0.2142,0.2143,0.2144,0.2145,0.2146,0.2147,0.2148,495,6224.6,22538.5,31853.4,45300.5,31928.4,26631.4,34752.9,22692.3,9373.4,1897.7,11401.5,28431.8,29162.5,21428.9,13325.2,23393.3,7460.6,3666.7,7011.5
118,0.2138,0.2137,0.2136,0.2135,0.2134,0.2133,0.2132,0.2131,0.213,0.2129,0.2139,0.214,0.2141,0.2142,0.2143,0.2144,0.2145,0.2146,0.2147,0.2148,2675.9,12416.7,22538.5,48576.7,43674.5,26048.7,35922.4,28901.8,4238.6,9373.4,495,5487.2,11434.1,29159.3,23559.7,13325.2,29273.4,7460.6,11520.2,7011.5
119,0.2141,0.214,0.2139,0.2138,0.2137,0.2136,0.2135,0.2134,0.2133,0.2132,0.2142,0.2143,0.2144,0.2145,0.2146,0.2147,0.2148,0.2149,0.215,0.2151,495,7171.7,19482,22879.8,44107.3,29533.5,29574.1,36398.6,39912.9,4307.8,1966.2,9732.6,27759.9,36336.8,14386.1,17644.1,20982.3,3647.3,8147.3,2816.5
120,0.2142,0.2141,0.214,0.2139,0.2138,0.2137,0.2136,0.2135,0.2134,0.2133,0.2143,0.2144,0.2145,0.2146,0.2147,0.2148,0.2149,0.215,0.2151,0.2152,2149.5,11363,22701.8,55864.6,29789.1,35481.5,14227.8,38513.6,3682.8,23052.2,495,7905.8,16577.5,30475.1,37098.5,29119.7,9130.3,7011.5,3803,7011.4
121,0.2145,0.2144,0.2143,0.2142,0.2141,0.214,0.2139,0.2138,0.2137,0.2136,0.2147,0.2148,0.2149,0.215,0.2151,0.2152,0.2153,0.2154,0.2155,0.2156,3788.1,6767,10108,26182.5,46757.7,15403.5,40889.8,13097.7,58015.8,10098,4976.8,6939.2,20597.3,29226.7,9687.8,26815,9240.7,22460.5,3265.4,7454.3
122,0.2144,0.2143,0.2142,0.2141,0.214,0.2139,0.2138,0.2137,0.2136,0.2135,0.2146,0.2147,0.2148,0.2149,0.215,0.2151,0.2152,0.2153,0.2154,0.2155,4545.3,9419.9,18973.2,61363.8,28870.2,46205.9,13095.1,38115.4,4233.5,7640.8,7047.7,11175.3,18729,34950.4,22637.2,10016,26817,2935.9,8977.8,3265.4
123,0.2143,0.2142,0.2141,0.214,0.2139,0.2138,0.2137,0.2136,0.2135,0.2134,0.2144,0.2145,0.2146,0.2147,0.2148,0.2149,0.215,0.2151,0.2152,0.2153,2385.7,12205.6,34788.2,38663.7,47977.9,15397.4,21465,42520.9,7640.8,11906.8,495,6348.9,11657.9,16055.2,37878.3,20150.8,22635.8,3521.3,20959.5,3217.6
124,0.2142,0.2141,0.214,0.2139,0.2138,0.2137,0.2136,0.2135,0.2134,0.2133,0.2143,0.2144,0.2145,0.2146,0.2147,0.2148,0.2149,0.215,0.2151,0.2152,495,13768.5,16945.8,44753.5,18474.4,31963.2,26592.1,52134.9,5702.1,21148.7,1895.1,5349.2,11524.4,36233.6,17314.7,29122.8,12872.2,22635.8,3521.3,7011.4
125,0.2141,0.214,0.2139,0.2138,0.2137,0.2136,0.2135,0.2134,0.2133,0.2132,0.2142,0.2143,0.2144,0.2145,0.2146,0.2147,0.2148,0.2149,0.215,0.2151,10035.1,8397.9,27615.9,50588.3,27808.2,32276.3,22714.7,15719.8,37233.3,2816.9,1400.7,8664,27588.9,26430.2,37329.2,13504.7,23512.2,13153.9,8677.3,3521.3
126,0.2142,0.2141,0.214,0.2139,0.2138,0.2137,0.2136,0.2135,0.2134,0.2133,0.2143,0.2144,0.2145,0.2146,0.2147,0.2148,0.2149,0.215,0.2151,0.2152,1726.3,22307.2,17235.7,40809.8,30020.2,13739.7,48163.2,13845.5,15719.8,25485,565.2,5342.9,11065.7,28998.1,24867.7,30157.6,7293.2,16777.3,30192.6,7460.4
127,0.2144,0.2143,0.2142,0.2141,0.214,0.2139,0.2138,0.2137,0.2136,0.2135,0.2145,0.2146,0.2147,0.2148,0.2149,0.215,0.2151,0.2152,0.2153,0.2154,1984.8,9400.2,25888.5,55798.4,29142.2,16741.2,29110.1,19830.2,31462.9,7640.8,70,5500.5,12891.6,27547.8,26334,28508.7,3521.3,20957.3,3217.6,8977.8
128,0.2142,0.2141,0.214,0.2139,0.2138,0.2137,0.2136,0.2135,0.2134,0.2133,0.2143,0.2144,0.2145,0.2146,0.2147,0.2148,0.2149,0.215,0.2151,0.2152,495,12918.2,8525.2,21167.7,38999.5,28654.5,43780.1,27562,23182.9,13749,5215.2,14304.2,38837.6,29084.6,7644,23517.2,13158.9,9818.1,3521.3,7011.4
129,0.2142,0.2141,0.214,0.2139,0.2138,0.2137,0.2136,0.2135,0.2134,0.2133,0.2143,0.2144,0.2145,0.2146,0.2147,0.2148,0.2149,0.215,0.2151,0.2152,530,12722,9121.5,32437.7,44442.3,19288.6,40231.8,49755.5,3682.8,13749,1895.1,5349.9,12033.9,51033.3,20829.3,23517.2,13158.9,23779,3521.3,7011.4
130,0.2143,0.2142,0.2141,0.214,0.2139,0.2138,0.2137,0.2136,0.2135,0.2134,0.2144,0.2145,0.2146,0.2147,0.2148,0.2149,0.215,0.2151,0.2152,0.2153,949.5,12067,28720,22019.8,21839.2,33746.7,13732.9,50029.5,36980.1,3682.8,1399.7,11551.4,15629.2,34177,28284.1,13732.6,23771,3521.3,7011.4,3666.6
131,0.2141,0.214,0.2139,0.2138,0.2137,0.2136,0.2135,0.2134,0.2133,0.2132,0.2142,0.2143,0.2144,0.2145,0.2146,0.2147,0.2148,0.2149,0.215,0.2151,10035.1,9611.5,25702.7,42428.6,26096.8,24430.6,48132.2,30513.7,13749,5150,1895.7,7445.7,18485.8,34093.6,23670.6,27484.3,9538.9,12871.6,17913.3,3521.3
132,0.214,0.2139,0.2138,0.2137,0.2136,0.2135,0.2134,0.2133,0.2132,0.2131,0.2141,0.2142,0.2143,0.2144,0.2145,0.2146,0.2147,0.2148,0.2149,0.215,530.1,16985.5,22951,49403.7,28907.1,43856.4,36020.6,26537,2816.9,18973.3,1896.4,4244.5,13266.7,54086.6,20882.4,14304.8,26972.7,11041.4,7293.2,3952.4
133,0.214,0.2139,0.2138,0.2137,0.2136,0.2135,0.2134,0.2133,0.2132,0.2131,0.2142,0.2143,0.2144,0.2145,0.2146,0.2147,0.2148,0.2149,0.215,0.2151,15786,25373.4,13240.1,50187.3,16870.6,50058.3,48802.4,13749,2816.9,18973.3,3224.9,10978.7,26434.1,30122.1,11744.1,26972.7,11041.4,7293.2,3952.4,3521.3
134,0.2141,0.214,0.2139,0.2138,0.2137,0.2136,0.2135,0.2134,0.2133,0.2132,0.2142,0.2143,0.2144,0.2145,0.2146,0.2147,0.2148,0.2149,0.215,0.2151,530.1,17331.3,37218,49091.2,41488.9,9548.2,53068.4,38667.9,13749,2816.9,1895.7,6168.9,9249.4,23276.5,26153.1,34223.3,11046.4,21261.1,3952.4,33473.4
135,0.214,0.2139,0.2138,0.2137,0.2136,0.2135,0.2134,0.2133,0.2132,0.2131,0.2141,0.2142,0.2143,0.2144,0.2145,0.2146,0.2147,0.2148,0.2149,0.215,4183.6,29927.4,26876.4,43573.9,19719.8,44201.6,27833.8,53380.1,2816.9,18973.3,495,4512.6,10293.9,27423.4,30122.3,17727.8,26975.7,11044.4,7293.2,3952.4
136,0.2138,0.2137,0.2136,0.2135,0.2134,0.2133,0.2132,0.2131,0.213,0.2129,0.2139,0.214,0.2141,0.2142,0.2143,0.2144,0.2145,0.2146,0.2147,0.2148,1019,16997.4,33283.1,52451.1,32541.2,58281,41053.4,34943.5,2816.9,9373.5,1402.7,6231,7319.2,28274.6,44849.6,11137.3,12306.7,8684.2,7130.8,5179.7
137,0.2139,0.2138,0.2137,0.2136,0.2135,0.2134,0.2133,0.2132,0.2131,0.213,0.214,0.2141,0.2142,0.2143,0.2144,0.2145,0.2146,0.2147,0.2148,0.2149,495,10858,15423.5,39755.3,51168.6,22167.2,46593.4,28059,31564.6,2816.9,1993.6,11081.4,31591.3,32700.4,23843,12306.7,8691.6,7130.8,5179.7,7293.2
138,0.2139,0.2138,0.2137,0.2136,0.2135,0.2134,0.2133,0.2132,0.2131,0.213,0.214,0.2141,0.2142,0.2143,0.2144,0.2145,0.2146,0.2147,0.2148,0.2149,495,17506.1,26221.3,43520,46630.5,15761.2,40387.7,21115.8,24541.9,2816.9,2615.4,7820.5,11702.7,26572.1,23905,24091.2,8687.2,21109,5179.7,7293.2
139,0.214,0.2139,0.2138,0.2137,0.2136,0.2135,0.2134,0.2133,0.2132,0.2131,0.2141,0.2142,0.2143,0.2144,0.2145,0.2146,0.2147,0.2148,0.2149,0.215,2175.9,16218.3,29786.6,23327.6,45524.3,40715.8,12549.6,70105.8,2816.9,21169,70.2,12240.1,23241.8,21264.5,17786.1,3449.1,32843.8,5179.7,7293.2,23099
140,0.2138,0.2137,0.2136,0.2135,0.2134,0.2133,0.2132,0.2131,0.213,0.2129,0.214,0.2141,0.2142,0.2143,0.2144,0.2145,0.2146,0.2147,0.2148,0.2149,5219.3,10378,18697.7,58458.5,21232.8,32460.6,35181.2,49089.9,2816.9,9373.5,5841.7,9963.3,27436,31883.8,9936.2,17547.8,2816.5,12998.9,5179.7,7293.2
141,0.2138,0.2137,0.2136,0.2135,0.2134,0.2133,0.2132,0.2131,0.213,0.2129,0.2139,0.214,0.2141,0.2142,0.2143,0.2144,0.2145,0.2146,0.2147,0.2148,2920.3,15707.3,41063.2,67412,29247.8,35136.4,27369.7,31634.3,2816.9,9373.5,495,6362.2,6089.6,10687.7,30083.7,22324.6,17547.8,3449.1,26978.2,5179.7
142,0.2139,0.2138,0.2137,0.2136,0.2135,0.2134,0.2133,0.2132,0.2131,0.213,0.214,0.2141,0.2142,0.2143,0.2144,0.2145,0.2146,0.2147,0.2148,0.2149,495,5030.5,15478.3,33408.5,54491.2,29893.5,23382.3,40177.1,32910.8,2816.9,6362.2,5642,10687.7,28206.7,18890.7,17555.8,3449.1,21110.1,5179.7,7293.2
143,0.2138,0.2137,0.2136,0.2135,0.2134,0.2133,0.2132,0.2131,0.213,0.2129,0.2139,0.214,0.2141,0.2142,0.2143,0.2144,0.2145,0.2146,0.2147,0.2148,426,6028.5,22608.5,43309.2,34756.1,32418.2,12555.7,45652.6,19273.5,9373.5,3654.2,8459.9,17816.9,44066.3,28390.1,10274.5,11674.1,2816.5,7130.8,5104
144,0.2138,0.2137,0.2136,0.2135,0.2134,0.2133,0.2132,0.2131,0.213,0.2129,0.2139,0.214,0.2141,0.2142,0.2143,0.2144,0.2145,0.2146,0.2147,0.2148,495,4371.2,13292.9,46697.1,47104.1,23445.5,23921.2,32306.3,19273.5,18794.6,3430.7,15053.2,31553.9,34286.2,28390.1,8690.4,7293.1,2816.5,7130.8,5104
145,0.2139,0.2138,0.2137,0.2136,0.2135,0.2134,0.2133,0.2132,0.2131,0.213,0.214,0.2141,0.2142,0.2143,0.2144,0.2145,0.2146,0.2147,0.2148,0.2149,1897.7,13675.6,36768.7,38939.7,36629.5,20483.6,35121.1,18047.5,9360.7,5190.5,70.2,5668.9,13579.9,28031.3,22622.3,13795.2,22672.9,21109.6,5104,9677.2
146,0.2136,0.2135,0.2134,0.2133,0.2132,0.2131,0.213,0.2129,0.2128,0.2127,0.2137,0.2138,0.2139,0.214,0.2141,0.2142,0.2143,0.2144,0.2145,0.2146,1484.1,20258.9,18323.7,50117.8,25898.4,48074.1,34197.3,24095,14778.6,7012,1899,10558.2,29677.3,29385.3,20296,20912.5,26885.2,8686.2,9133.7,8686
147,0.2138,0.2137,0.2136,0.2135,0.2134,0.2133,0.2132,0.2131,0.213,0.2129,0.2139,0.214,0.2141,0.2142,0.2143,0.2144,0.2145,0.2146,0.2147,0.2148,495,4473.3,11771.7,38859.9,29744.7,49969.3,3681.9,39319.1,8352.5,21094.9,4181.4,9034.8,9383.6,22788.9,32494.5,22687.5,9133.7,2816.5,7130.8,5104
148,0.2138,0.2137,0.2136,0.2135,0.2134,0.2133,0.2132,0.2131,0.213,0.2129,0.2139,0.214,0.2141,0.2142,0.2143,0.2144,0.2145,0.2146,0.2147,0.2148,6,533.4,9520.2,33414.8,24325.3,54752.1,9556.6,45191.2,5190.5,35181.8,11316,7296.1,21584.3,36850,27519,22687.5,9133.7,2816.5,7130.8,5104
149,0.2135,0.2134,0.2133,0.2132,0.2131,0.213,0.2129,0.2128,0.2127,0.2126,0.2136,0.2137,0.2138,0.2139,0.214,0.2141,0.2142,0.2143,0.2144,0.2145,10480.9,9639.2,28469.6,40041.1,34021.4,26303.3,37794,16914,16433.1,2817.1,3483.8,6925.3,13631.2,38276.6,29135.5,15782.2,8686.4,9361.5,2816.7,9133.7
150,0.2136,0.2135,0.2134,0.2133,0.2132,0.2131,0.213,0.2129,0.2128,0.2127,0.2137,0.2138,0.2139,0.214,0.2141,0.2142,0.2143,0.2144,0.2145,0.2146,2410.3,18258.5,17442.5,46358.8,38917.1,38705.7,21131.6,25995.4,15720.4,19599.5,70.4,7366.2,12123.8,28572.2,24284.6,14374.4,9994.1,16816.1,9856.7,17792.5
151,0.2138,0.2137,0.2136,0.2135,0.2134,0.2133,0.2132,0.2131,0.213,0.2129,0.2139,0.214,0.2141,0.2142,0.2143,0.2144,0.2145,0.2146,0.2147,0.2148,495,9913.6,20305.3,24398.2,40561.2,31228.7,14912.5,38710.3,24006.8,23289.2,3481.8,6902.7,6566.5,14885.5,30794.5,17448.7,15002.4,9408.2,22212.4,5104
152,0.2135,0.2134,0.2133,0.2132,0.2131,0.213,0.2129,0.2128,0.2127,0.2126,0.2136,0.2137,0.2138,0.2139,0.214,0.2141,0.2142,0.2143,0.2144,0.2145,1899.1,23890.4,41233.4,26122.1,42647.4,21138.3,43257.8,5989.1,16433.1,2817.1,233.6,6367.3,13317.6,14340.9,45880.9,38404.4,13361.3,12887,8692.1,9133.7
153,0.2136,0.2135,0.2134,0.2133,0.2132,0.2131,0.213,0.2129,0.2128,0.2127,0.2137,0.2138,0.2139,0.214,0.2141,0.2142,0.2143,0.2144,0.2145,0.2146,4214.3,13476.5,22532.4,41248.3,27362.1,44595.2,15261.2,37376.1,5989.1,16433.1,495,4423.2,11914.1,16409.5,14418.8,30561.7,26898.8,8692.1,9133.7,3539.5
154,0.2136,0.2135,0.2134,0.2133,0.2132,0.2131,0.213,0.2129,0.2128,0.2127,0.2137,0.2138,0.2139,0.214,0.2141,0.2142,0.2143,0.2144,0.2145,0.2146,1899.7,8512.9,27755.3,41248.9,27364.4,43945.5,21146.6,42987.1,5989.1,16433.1,495,6857.7,20456.8,27396.3,13888.3,16293.8,26912.8,2816.7,9856.7,3539.5
155,0.2137,0.2136,0.2135,0.2134,0.2133,0.2132,0.2131,0.213,0.2129,0.2128,0.2138,0.2139,0.214,0.2141,0.2142,0.2143,0.2144,0.2145,0.2146,0.2147,4899.6,11830,17345.3,43466.6,41278.5,9569.3,38722.4,21131.7,23010.2,5989.1,495,3653.2,9136.3,14640.5,25704.3,30708.4,2816.7,29735.1,2816.5,8235.5
156,0.2137,0.2136,0.2135,0.2134,0.2133,0.2132,0.2131,0.213,0.2129,0.2128,0.2139,0.214,0.2141,0.2142,0.2143,0.2144,0.2145,0.2146,0.2147,0.2148,6053.1,10326.3,23020.5,36145.3,32516.9,18445.2,24643.8,26325,23010.2,8326,4645.3,7085.6,6868.8,15704.3,36595,7121.8,29729.8,2816.5,8235.5,5104
157,0.2136,0.2135,0.2134,0.2133,0.2132,0.2131,0.213,0.2129,0.2128,0.2127,0.2138,0.2139,0.214,0.2141,0.2142,0.2143,0.2144,0.2145,0.2146,0.2147,6960.3,18673.4,38594.2,33529.3,17778.5,30529.2,32210.1,23010.2,5989.1,16433.1,3586.5,13197,36062.5,32638.8,15858.1,41926.8,8700.1,9856.7,2816.5,8235.5
158,0.2136,0.2135,0.2134,0.2133,0.2132,0.2131,0.213,0.2129,0.2128,0.2127,0.2137,0.2138,0.2139,0.214,0.2141,0.2142,0.2143,0.2144,0.2145,0.2146,4333.6,11570.1,14467.7,43352.4,29813.7,32838.3,38169.9,37099.7,5989.1,16433.1,495,5273.6,12611.2,20180.9,46819.8,14867.3,26906.8,8700.1,9856.7,2816.5
159,0.2135,0.2134,0.2133,0.2132,0.2131,0.213,0.2129,0.2128,0.2127,0.2126,0.2137,0.2138,0.2139,0.214,0.2141,0.2142,0.2143,0.2144,0.2145,0.2146,5923.3,8724,21988.4,40444.6,33957.9,26079.5,40744.2,11914.8,22243.5,2817.1,3880.2,8430.1,16743.4,28323.1,44289.6,8705.1,21023.4,2816.7,9856.7,2816.5
160,0.2131,0.213,0.2129,0.2128,0.2127,0.2126,0.2125,0.2124,0.2123,0.2122,0.2132,0.2133,0.2134,0.2135,0.2136,0.2137,0.2138,0.2139,0.214,0.2141,1438.3,6808.6,17330.9,40162.3,26226.5,22412,37142.6,16941.1,28510.8,2817.1,1902.3,8652.9,21511.8,19824.6,20512.6,9249.6,29389.9,7917,10747.3,13301.1
161,0.2128,0.2127,0.2126,0.2125,0.2124,0.2123,0.2122,0.2121,0.212,0.2119,0.2129,0.213,0.2131,0.2132,0.2133,0.2134,0.2135,0.2136,0.2137,0.2138,2115.8,22618.8,45935,48651,36047.5,34272.5,29828.2,46062,16595.8,7049.3,495,4062.3,11310.8,36334.5,34105.3,17060,18432.2,36127.4,9937.2,9591.9
162,0.213,0.2129,0.2128,0.2127,0.2126,0.2125,0.2124,0.2123,0.2122,0.2121,0.2132,0.2133,0.2134,0.2135,0.2136,0.2137,0.2138,0.2139,0.214,0.2141,8617.1,28758.5,33742.9,36446.3,53508,18999.7,29046.8,28066.8,12971,44355.6,4160.6,12318.3,24885.4,30412.7,21453.6,47318.5,29527.5,8621.8,10406,7131
163,0.213,0.2129,0.2128,0.2127,0.2126,0.2125,0.2124,0.2123,0.2122,0.2121,0.2132,0.2133,0.2134,0.2135,0.2136,0.2137,0.2138,0.2139,0.214,0.2141,10292,31030.9,48654.5,33133.8,47577.8,24895.7,9023.1,22167.8,12691,32830.8,3295.5,9924.3,24885.4,31134.4,18644.1,32805.1,29529.1,8621.8,34468.7,7131
164,0.2129,0.2128,0.2127,0.2126,0.2125,0.2124,0.2123,0.2122,0.2121,0.212,0.2131,0.2132,0.2133,0.2134,0.2135,0.2136,0.2137,0.2138,0.2139,0.214,7791.5,19033.5,30713.5,40106.1,24888.4,27005.5,38655.5,9517.9,32830.8,16876.8,3874.6,5044,10643.4,34692.3,20101.4,10509.4,23886,23623.8,8621.8,34468.7
165,0.2129,0.2128,0.2127,0.2126,0.2125,0.2124,0.2123,0.2122,0.2121,0.212,0.213,0.2131,0.2132,0.2133,0.2134,0.2135,0.2136,0.2137,0.2138,0.2139,4649.6,12913.8,19895,50570.5,54906.1,11346.7,50763.2,18415,23129.7,15058.3,495,5339.5,9065.7,20798.1,39944.3,37940.6,8896.3,37442.1,17737.3,7898.8
166,0.213,0.2129,0.2128,0.2127,0.2126,0.2125,0.2124,0.2123,0.2122,0.2121,0.2131,0.2132,0.2133,0.2134,0.2135,0.2136,0.2137,0.2138,0.2139,0.214,4153.9,13564.8,19921.4,50124.1,39192.2,52009.6,11920.4,18635.6,22113.4,23129.7,565.6,3914.4,10934.4,29010.2,33431.7,9085.3,10473.5,17014.3,8621.8,5239.6
167,0.2132,0.2131,0.213,0.2129,0.2128,0.2127,0.2126,0.2125,0.2124,0.2123,0.2134,0.2135,0.2136,0.2137,0.2138,0.2139,0.214,0.2141,0.2142,0.2143,8764.7,17274.7,23189.9,45239.5,29756.1,33545.2,27268.6,18999.7,21303.9,18635.6,4007,9537.2,11915.6,33303.4,19739.6,23285.4,5239.6,21432.2,32930.1,9516
168,0.2134,0.2133,0.2132,0.2131,0.213,0.2129,0.2128,0.2127,0.2126,0.2125,0.2135,0.2136,0.2137,0.2138,0.2139,0.214,0.2141,0.2142,0.2143,0.2144,4646.3,6169.3,18765.4,62733.3,33078,43174.2,3867.8,42014.8,9574,18999.7,495,3582.5,8361.3,28137.9,42656.2,17414.2,31951.9,16988.1,9516,27546.3
169,0.2132,0.2131,0.213,0.2129,0.2128,0.2127,0.2126,0.2125,0.2124,0.2123,0.2133,0.2134,0.2135,0.2136,0.2137,0.2138,0.2139,0.214,0.2141,0.2142,5212.2,9769,23585.6,43446.9,44983.6,18530.7,37817.8,25204.4,15474.3,18607.5,495,3423.8,11717.4,32000.1,34590.3,22573.7,28542.2,45868.8,17932.4,2978
170,0.2131,0.213,0.2129,0.2128,0.2127,0.2126,0.2125,0.2124,0.2123,0.2122,0.2133,0.2134,0.2135,0.2136,0.2137,0.2138,0.2139,0.214,0.2141,0.2142,6073.7,13699.4,50362.6,43566.4,23754.7,26688.1,31101.4,15474.3,16268.4,16811.8,3823.9,6008.2,9880.2,32000.1,41117.3,21074.4,54956.9,10023.7,17932.4,2978
171,0.2131,0.213,0.2129,0.2128,0.2127,0.2126,0.2125,0.2124,0.2123,0.2122,0.2132,0.2133,0.2134,0.2135,0.2136,0.2137,0.2138,0.2139,0.214,0.2141,4153.3,15480.9,53111.6,21804.4,40237.6,28997.7,14267.1,29594.4,8062.7,16811.8,495,3847.7,7374.8,16752.7,37906.5,32809.3,47503.1,21929.8,4857.9,12049.7
172,0.213,0.2129,0.2128,0.2127,0.2126,0.2125,0.2124,0.2123,0.2122,0.2121,0.2131,0.2132,0.2133,0.2134,0.2135,0.2136,0.2137,0.2138,0.2139,0.214,4153.9,24531.7,69262.1,20482.6,45428.3,22461.6,35494.4,10410.4,16811.8,23130.1,495,3571.6,6715.6,13721.7,38671.5,17050.9,23532.3,6080,7898.8,4134.9
173,0.213,0.2129,0.2128,0.2127,0.2126,0.2125,0.2124,0.2123,0.2122,0.2121,0.2131,0.2132,0.2133,0.2134,0.2135,0.2136,0.2137,0.2138,0.2139,0.214,4648.9,7540.2,34188.6,54730.3,26415.2,30363.4,26073.7,16312.4,4850.3,23130.1,565.6,3805.4,12201,27008.6,40542,9514.9,27930.4,11977.4,7898.8,4134.9
174,0.2129,0.2128,0.2127,0.2126,0.2125,0.2124,0.2123,0.2122,0.2121,0.212,0.2131,0.2132,0.2133,0.2134,0.2135,0.2136,0.2137,0.2138,0.2139,0.214,5965.5,12779.7,36566,47656.2,22142.3,28386.1,18618.8,22158.6,7473.9,5436.9,3448.5,4941.2,9795.2,25625.3,40581.9,9032.9,13162.4,26016.1,7898.8,4857.9
175,0.213,0.2129,0.2128,0.2127,0.2126,0.2125,0.2124,0.2123,0.2122,0.2121,0.2131,0.2132,0.2133,0.2134,0.2135,0.2136,0.2137,0.2138,0.2139,0.214,495,8353.6,21107,39595.5,56771.6,10353.7,40181.3,12716.2,8024.7,7473.9,1973.6,8042.3,15692.8,31522.9,40147.3,16606.5,13162.6,20118.7,7898.8,4857.9
176,0.2129,0.2128,0.2127,0.2126,0.2125,0.2124,0.2123,0.2122,0.2121,0.212,0.2131,0.2132,0.2133,0.2134,0.2135,0.2136,0.2137,0.2138,0.2139,0.214,12572.4,30324.6,25492.8,45616.3,16250.1,34282.5,24509,22158.4,7193.9,5436.9,3512.8,5156.3,9795.2,33289.2,40269.4,15426.7,7988,20118.7,7898.8,4134.9
177,0.213,0.2129,0.2128,0.2127,0.2126,0.2125,0.2124,0.2123,0.2122,0.2121,0.2131,0.2132,0.2133,0.2134,0.2135,0.2136,0.2137,0.2138,0.2139,0.214,1903.6,7973,21571.1,52647.2,45614.5,22319.3,43176.3,18612.2,17247.2,7473.9,70.6,5752.3,11202.9,33287.4,39060.2,9526.5,13882.6,20118.7,7898.8,4134.9
178,0.2131,0.213,0.2129,0.2128,0.2127,0.2126,0.2125,0.2124,0.2123,0.2122,0.2133,0.2134,0.2135,0.2136,0.2137,0.2138,0.2139,0.214,0.2141,0.2142,10177.3,28277.9,28294.6,28619.8,30183,37639.2,16239.4,20337,15889.1,14072.8,3504.5,7793.9,18513.2,49661.5,30119,33317.4,8621.8,4857.9,12049.7,2978
179,0.2132,0.2131,0.213,0.2129,0.2128,0.2127,0.2126,0.2125,0.2124,0.2123,0.2133,0.2134,0.2135,0.2136,0.2137,0.2138,0.2139,0.214,0.2141,0.2142,2316.5,12297.7,33059.8,28028.9,28623.2,32630.2,20530.9,19411,34460.9,10368.5,565.4,6055.2,19092.5,30768.2,30248.5,26006.1,35366.6,18160.8,12049.7,2978
180,0.2133,0.2132,0.2131,0.213,0.2129,0.2128,0.2127,0.2126,0.2125,0.2124,0.2134,0.2135,0.2136,0.2137,0.2138,0.2139,0.214,0.2141,0.2142,0.2143,4749.7,22387.4,25599.7,52203.9,26905.2,24962.5,33188.7,9575,13523.6,20337,70.4,1971.8,8365.2,15575.6,34512.7,20804.8,22918.4,26066.3,2978,9516
181,0.2133,0.2132,0.2131,0.213,0.2129,0.2128,0.2127,0.2126,0.2125,0.2124,0.2135,0.2136,0.2137,0.2138,0.2139,0.214,0.2141,0.2142,0.2143,0.2144,15279.1,12093.5,33041.3,44870.9,26325.8,9754.7,30181,3684.6,13523.6,14266,7476.7,13384,21462.3,41587.9,23268.1,49537.7,31953,2978,9516,3539.7
182,0.2135,0.2134,0.2133,0.2132,0.2131,0.213,0.2129,0.2128,0.2127,0.2126,0.2136,0.2137,0.2138,0.2139,0.214,0.2141,0.2142,0.2143,0.2144,0.2145,11646.4,3700.8,12453.3,38214.7,37717.1,29833.9,21003.1,9746.7,10195.3,3684.6,1899.7,9209.2,35817.7,66474.1,32121.7,26066.3,8695.1,9516,3539.7,8870.2
183,0.2136,0.2135,0.2134,0.2133,0.2132,0.2131,0.213,0.2129,0.2128,0.2127,0.2137,0.2138,0.2139,0.214,0.2141,0.2142,0.2143,0.2144,0.2145,0.2146,495,16628.8,13703.3,40110.5,39623.8,44056.8,25699,12790,3868,13362.2,2040.2,13659.7,19204.4,41154.5,34671,38640.2,15387.4,16816.2,8870.2,4596.9
184,0.2135,0.2134,0.2133,0.2132,0.2131,0.213,0.2129,0.2128,0.2127,0.2126,0.2136,0.2137,0.2138,0.2139,0.214,0.2141,0.2142,0.2143,0.2144,0.2145,11151.4,8341.9,19458.8,42816.1,46268.5,33901.4,27541.4,17961.7,13362.2,3684.6,1899.7,8011.7,16756,37693.5,34573.8,52172.3,8688.1,15387.4,3539.7,8870.2
185,0.2137,0.2136,0.2135,0.2134,0.2133,0.2132,0.2131,0.213,0.2129,0.2128,0.2138,0.2139,0.214,0.2141,0.2142,0.2143,0.2144,0.2145,0.2146,0.2147,495,18707.9,11010.4,24313.7,54640.7,25389,33389.8,28022.7,12790,3868,1945.2,18434.3,46411,40292,9319.7,15386.4,16817.1,9151.9,5319.9,8232.4
186,0.2137,0.2136,0.2135,0.2134,0.2133,0.2132,0.2131,0.213,0.2129,0.2128,0.2138,0.2139,0.214,0.2141,0.2142,0.2143,0.2144,0.2145,0.2146,0.2147,5586.6,7030,11695.2,26234.4,50275.9,13708.8,39263.6,22152.3,26878.3,3938.8,495,9891.9,18313.2,33290.1,25834.9,15384.5,34135.9,23143.9,5319.9,7011.4
187,0.2137,0.2136,0.2135,0.2134,0.2133,0.2132,0.2131,0.213,0.2129,0.2128,0.2138,0.2139,0.214,0.2141,0.2142,0.2143,0.2144,0.2145,0.2146,0.2147,495,6798.2,9900.9,13782.8,48885.3,33640.3,35764.5,22406.7,26879,3938.8,5986.7,10136.6,17447.3,46840.2,26111.3,15384.5,33297.8,23145.2,4596.9,7011.4
188,0.2134,0.2133,0.2132,0.2131,0.213,0.2129,0.2128,0.2127,0.2126,0.2125,0.2136,0.2137,0.2138,0.2139,0.214,0.2141,0.2142,0.2143,0.2144,0.2145,4831.1,19605.1,57665.1,43384.2,17074.8,38126.4,15628.2,37345.6,3964.6,7194.3,5885.3,6592.2,12759.1,39836.7,39748.1,13632.1,22702.1,16107.5,36219.8,8428.9
