timestamp,bid_price_0,bid_price_1,bid_price_2,bid_price_3,bid_price_4,bid_price_5,bid_price_6,bid_price_7,bid_price_8,bid_price_9,ask_price_0,ask_price_1,ask_price_2,ask_price_3,ask_price_4,ask_price_5,ask_price_6,ask_price_7,ask_price_8,ask_price_9,bid_size_0,bid_size_1,bid_size_2,bid_size_3,bid_size_4,bid_size_5,bid_size_6,bid_size_7,bid_size_8,bid_size_9,ask_size_0,ask_size_1,ask_size_2,ask_size_3,ask_size_4,ask_size_5,ask_size_6,ask_size_7,ask_size_8,ask_size_9
0,0.2148,0.2147,0.2146,0.2145,0.2144,0.2143,0.2142,0.2141,0.214,0.2139,0.2149,0.215,0.2151,0.2152,0.2153,0.2154,0.2155,0.2156,0.2157,0.2158,1035.3,12512.8,40653.2,36840.3,40627.1,23673.7,30666.7,15320.2,23316.8,4224.4,1396.3,10797.5,28438.7,32118.3,37800.7,10430.3,26803.5,8860.8,7172,4573.5
1,0.2148,0.2147,0.2146,0.2145,0.2144,0.2143,0.2142,0.2141,0.214,0.2139,0.2149,0.215,0.2151,0.2152,0.2153,0.2154,0.2155,0.2156,0.2157,0.2158,495,10840.7,14555.7,47247.5,52801.9,25320.8,31300.9,9540.7,39651.2,4224.4,3073,7784,20741.4,26055.3,40010.5,13935.4,26802.5,2977.3,7172,4573.5
2,0.2148,0.2147,0.2146,0.2145,0.2144,0.2143,0.2142,0.2141,0.214,0.2139,0.2149,0.215,0.2151,0.2152,0.2153,0.2154,0.2155,0.2156,0.2157,0.2158,529.9,8765.8,24305.2,52248.1,44463.1,25960.7,30670.7,3656.2,25634.6,4224.4,1891.3,6647.2,15601.9,49270.3,31957.9,14506.4,26809.5,2977.3,7172,4573.5
3,0.2147,0.2146,0.2145,0.2144,0.2143,0.2142,0.2141,0.214,0.2139,0.2138,0.2148,0.2149,0.215,0.2151,0.2152,0.2153,0.2154,0.2155,0.2156,0.2157,529.9,20443.3,36821.9,48261.8,31211.3,24781.2,10179.2,39651.8,4224.4,19514.8,634,5651.4,13983.4,44699.6,22203.4,36153.1,3436.8,6989.7,2977.3,7172
4,0.2147,0.2146,0.2145,0.2144,0.2143,0.2142,0.2141,0.214,0.2139,0.2138,0.2148,0.2149,0.215,0.2151,0.2152,0.2153,0.2154,0.2155,0.2156,0.2157,495,13436.1,35173.4,49458.8,33040.5,30737.6,10178.2,47868.2,4224.4,19514.8,1261.7,8527.6,27087.7,35785.5,24667.2,26166.1,2794.8,6989.7,2977.3,7172
5,0.2146,0.2145,0.2144,0.2143,0.2142,0.2141,0.214,0.2139,0.2138,0.2137,0.2147,0.2148,0.2149,0.215,0.2151,0.2152,0.2153,0.2154,0.2155,0.2156,495,19188,41876,36696.2,36598.2,19283.3,56905.9,10117.6,19514.8,2365.9,2876.5,8658.8,15430.5,39344,33338,8480.9,20932,2794.8,6989.7,2977.3
6,0.2145,0.2144,0.2143,0.2142,0.2141,0.214,0.2139,0.2138,0.2137,0.2136,0.2146,0.2147,0.2148,0.2149,0.215,0.2151,0.2152,0.2153,0.2154,0.2155,426.3,16781.2,49547.8,37359.4,25557.3,49322.6,14616.4,33545.1,2365.9,6907.6,1893.2,7385,10037.9,27847.9,25577.7,37237.3,9155.2,7271.4,2794.8,32712.9
7,0.2145,0.2144,0.2143,0.2142,0.2141,0.214,0.2139,0.2138,0.2137,0.2136,0.2146,0.2147,0.2148,0.2149,0.215,0.2151,0.2152,0.2153,0.2154,0.2155,70.3,21152.4,40455.1,38074,25561.6,48689.8,15250.1,33544.5,2365.9,6907.6,2807.1,15505.4,24232.4,32237.9,23565.2,43190.9,2794.8,19051.7,2794.8,6989.7
8,0.2142,0.2141,0.214,0.2139,0.2138,0.2137,0.2136,0.2135,0.2134,0.2133,0.2143,0.2144,0.2145,0.2146,0.2147,0.2148,0.2149,0.215,0.2151,0.2152,196.4,17093,48441.6,23908.5,48482.1,39116.2,26595.4,31522,9319.2,2794.9,2948.1,8411.7,11339.2,20576.6,42938.2,17047.4,26850.2,14827.7,13169.2,10966.3
9,0.2141,0.214,0.2139,0.2138,0.2137,0.2136,0.2135,0.2134,0.2133,0.2132,0.2142,0.2143,0.2144,0.2145,0.2146,0.2147,0.2148,0.2149,0.215,0.2151,530.1,18764.3,51285.7,53697,31612.8,30387.1,25763.2,21424,2794.9,17202.5,2809.8,20951.8,7376,23029.6,24558.5,31908.7,8697.4,20957.7,2748.4,6989.7
10,0.2139,0.2138,0.2137,0.2136,0.2135,0.2134,0.2133,0.2132,0.2131,0.213,0.214,0.2141,0.2142,0.2143,0.2144,0.2145,0.2146,0.2147,0.2148,0.2149,9506.7,45915.3,29151.5,29114.8,27261.9,19241.8,22768.5,54845.2,4601.1,7043.2,495,4912.9,6471.6,9505.8,11756.6,49120.3,16782.3,31910.1,14884.3,6989.9
11,0.214,0.2139,0.2138,0.2137,0.2136,0.2135,0.2134,0.2133,0.2132,0.2131,0.2141,0.2142,0.2143,0.2144,0.2145,0.2146,0.2147,0.2148,0.2149,0.215,7352.5,11064.5,24490,50747.3,49102.7,27279.2,21615,12305.8,42457.7,4601.1,70.2,1388.7,10601.7,16886.3,41980.3,10250.6,31879.9,17119,8125.7,2748.4
12,0.214,0.2139,0.2138,0.2137,0.2136,0.2135,0.2134,0.2133,0.2132,0.2131,0.2141,0.2142,0.2143,0.2144,0.2145,0.2146,0.2147,0.2148,0.2149,0.215,7340.6,16975.9,31867,64538.4,32231,35744,16050.4,6390,21521,2795,495,5455.8,12016.1,16752.4,33122.2,23811,29009.6,23030.4,8125.7,2748.4
13,0.2141,0.214,0.2139,0.2138,0.2137,0.2136,0.2135,0.2134,0.2133,0.2132,0.2142,0.2143,0.2144,0.2145,0.2146,0.2147,0.2148,0.2149,0.215,0.2151,495,9265.7,13708.3,27063.9,57665.4,51989.2,27275.6,19204.8,12302.7,21521,288.1,12878.4,20087.1,47171.1,12208.1,26687.6,23030.6,8125.7,2748.4,28452.5
14,0.2145,0.2144,0.2143,0.2142,0.2141,0.214,0.2139,0.2138,0.2137,0.2136,0.2146,0.2147,0.2148,0.2149,0.215,0.2151,0.2152,0.2153,0.2154,0.2155,495,9406.8,13286.3,33869.7,24329.3,42444.2,22903.4,16906.6,32252.3,25131.9,70,10045.5,9140.3,24038.1,27045.7,26844.9,5073.8,21209.2,3930.6,7151
15,0.2146,0.2145,0.2144,0.2143,0.2142,0.2141,0.214,0.2139,0.2138,0.2137,0.2147,0.2148,0.2149,0.215,0.2151,0.2152,0.2153,0.2154,0.2155,0.2156,1398.1,9762.4,11133.2,33402.6,40048.8,27608.3,28487.4,14136,16906.6,38447.8,369.3,7773.4,15435.5,36619.2,28821.1,5073.8,21209.2,3930.6,7151,3478.4
16,0.2145,0.2144,0.2143,0.2142,0.2141,0.214,0.2139,0.2138,0.2137,0.2136,0.2146,0.2147,0.2148,0.2149,0.215,0.2151,0.2152,0.2153,0.2154,0.2155,4759.8,5500.4,16483.4,42810.4,42154.2,31622.2,14774.1,21882.9,30177.5,19229.7,495,8907.2,10138.3,31033.2,35004.2,63496.2,16850.8,27097.7,4000.9,7151
17,0.2148,0.2147,0.2146,0.2145,0.2144,0.2143,0.2142,0.2141,0.214,0.2139,0.2149,0.215,0.2151,0.2152,0.2153,0.2154,0.2155,0.2156,0.2157,0.2158,529.9,8522.5,18201.2,34210.2,34928.2,18424.7,28460.7,17725.6,13351.4,8245.5,495,4290.5,9636.4,12313.5,50552.1,31204.5,32680.4,23276,7172,4573.5
18,0.2148,0.2147,0.2146,0.2145,0.2144,0.2143,0.2142,0.2141,0.214,0.2139,0.215,0.2151,0.2152,0.2153,0.2154,0.2155,0.2156,0.2157,0.2158,0.2159,2731.2,10019.3,24303.9,44448.1,40806.3,29839.4,31595.5,18059.4,10204.2,5886.5,4417.1,13929.6,28569.1,27551.7,18285,29147,23275.6,7459,4573.5,7637.9
19,0.2148,0.2147,0.2146,0.2145,0.2144,0.2143,0.2142,0.2141,0.214,0.2139,0.215,0.2151,0.2152,0.2153,0.2154,0.2155,0.2156,0.2157,0.2158,0.2159,4961.3,8327.6,18425.8,42960.2,37711,26033.7,23450.9,19961.5,10204.2,5886.5,4975,16261,13593.1,24984.5,14408,23268.9,17015.8,7172,4860.5,7637.9
20,0.215,0.2149,0.2148,0.2147,0.2146,0.2145,0.2144,0.2143,0.2142,0.2141,0.2151,0.2152,0.2153,0.2154,0.2155,0.2156,0.2157,0.2158,0.2159,0.216,2085.5,9427.4,16477.5,28960,41875.8,16082.7,34304.5,9606.4,10996.3,5953.6,564.8,12098.5,23869.2,40735.4,42281.9,28762.8,13045.5,18766.6,7637.9,5660.4
21,0.2153,0.2152,0.2151,0.215,0.2149,0.2148,0.2147,0.2146,0.2145,0.2144,0.2154,0.2155,0.2156,0.2157,0.2158,0.2159,0.216,0.2161,0.2162,0.2163,690,7877.1,8880.2,27036.7,50286.8,46823.3,10162.8,21826.2,19433.4,13338.6,635.1,8418,28554.6,32252.7,32127.6,7637.9,17052.2,21300,3295.8,4759.6
22,0.2156,0.2155,0.2154,0.2153,0.2152,0.2151,0.215,0.2149,0.2148,0.2147,0.2158,0.2159,0.216,0.2161,0.2162,0.2163,0.2164,0.2165,0.2166,0.2167,4346.4,8656.2,17749.4,36611.8,42874,30015.9,32309.5,24663.1,12536,3655.6,4625.4,10181,12746.7,35379.3,8420.9,23505.5,6227.3,2794.6,21248,29921.6
23,0.2158,0.2157,0.2156,0.2155,0.2154,0.2153,0.2152,0.2151,0.215,0.2149,0.2159,0.216,0.2161,0.2162,0.2163,0.2164,0.2165,0.2166,0.2167,0.2168,948.7,6525.5,11490,22531.5,43575.9,33966.9,21248.7,10224.5,33019.3,23881.8,495,6676.7,15076.7,13123.2,35206.6,9151.9,14499.6,20799.7,17785.2,37140.8
24,0.2161,0.216,0.2159,0.2158,0.2157,0.2156,0.2155,0.2154,0.2153,0.2152,0.2162,0.2163,0.2164,0.2165,0.2166,0.2167,0.2168,0.2169,0.217,0.2171,678.7,7023.3,13370,20150.7,45579.6,32288.3,15336.6,10172,24077.6,13778.6,495,5704.7,5876.9,11477.9,30376.8,19289.6,20867.6,14474.8,11519.1,1700.2
25,0.2162,0.2161,0.216,0.2159,0.2158,0.2157,0.2156,0.2155,0.2154,0.2153,0.2164,0.2165,0.2166,0.2167,0.2168,0.2169,0.217,0.2171,0.2172,0.2173,10629.5,13162,19403.8,38603.2,38841.6,18265.8,32288.3,9494.1,22909.5,3653.3,1642.3,8690.5,18924.5,25204.6,35326.2,20779.3,6906.9,17753,7188.6,33194.8
26,0.2164,0.2163,0.2162,0.2161,0.216,0.2159,0.2158,0.2157,0.2156,0.2155,0.2165,0.2166,0.2167,0.2168,0.2169,0.217,0.2171,0.2172,0.2173,0.2174,544,4181.5,15672.1,32988.3,41548.3,35348.8,28045.6,15754.9,19090.8,9494.1,1385.8,6806.8,8336.7,27101.7,23176.3,22741.6,21618.4,18871.6,2955.7,8449
27,0.216,0.2159,0.2158,0.2157,0.2156,0.2155,0.2154,0.2153,0.2152,0.2151,0.2161,0.2162,0.2163,0.2164,0.2165,0.2166,0.2167,0.2168,0.2169,0.217,529.7,5898.5,15944.7,28227.4,36941.4,17571.1,7846.8,17656.3,10188.8,6784.4,1883.4,4661.7,4892.9,12818.5,22190.1,21326,17878.2,6989.4,10022,6906.9
28,0.2159,0.2158,0.2157,0.2156,0.2155,0.2154,0.2153,0.2152,0.2151,0.215,0.216,0.2161,0.2162,0.2163,0.2164,0.2165,0.2166,0.2167,0.2168,0.2169,1237.8,12408.6,22284.3,46829.7,21340.1,16032.4,24136.5,32601.5,6784.4,16094.8,495,5431.4,10578.4,37649.9,41401.7,19690.8,12837.5,28342.6,7108.8,3930.3
29,0.2159,0.2158,0.2157,0.2156,0.2155,0.2154,0.2153,0.2152,0.2151,0.215,0.2161,0.2162,0.2163,0.2164,0.2165,0.2166,0.2167,0.2168,0.2169,0.217,6377,24222,27520.7,41855.2,28770,16027.7,36175.8,21578.6,3653.3,19095.5,3689.7,5726.6,18084,67469.8,17742.8,12832.8,27730.8,7108.8,3930.3,6906.9
