timestamp,bid_price_0,bid_price_1,bid_price_2,bid_price_3,bid_price_4,bid_price_5,bid_price_6,bid_price_7,bid_price_8,bid_price_9,ask_price_0,ask_price_1,ask_price_2,ask_price_3,ask_price_4,ask_price_5,ask_price_6,ask_price_7,ask_price_8,ask_price_9,bid_size_0,bid_size_1,bid_size_2,bid_size_3,bid_size_4,bid_size_5,bid_size_6,bid_size_7,bid_size_8,bid_size_9,ask_size_0,ask_size_1,ask_size_2,ask_size_3,ask_size_4,ask_size_5,ask_size_6,ask_size_7,ask_size_8,ask_size_9
0,0.216,0.2159,0.2158,0.2157,0.2156,0.2155,0.2154,0.2153,0.2152,0.2151,0.2161,0.2162,0.2163,0.2164,0.2165,0.2166,0.2167,0.2168,0.2169,0.217,3151.7,9053.8,26520.3,43655.1,16303.4,30728.1,13855.8,25501.9,7719.9,3830.5,495,3715.2,6888.9,10125.2,19928.9,48243.7,13041.6,16968.7,24287.8,10345.4
1,0.2159,0.2158,0.2157,0.2156,0.2155,0.2154,0.2153,0.2152,0.2151,0.215,0.2161,0.2162,0.2163,0.2164,0.2165,0.2166,0.2167,0.2168,0.2169,0.217,10980.3,31739.8,36327,30709.8,19865.8,8615.8,38031.8,13769,4030.5,19110.2,1883.4,3957.9,6766.8,7336.5,20562.6,57236.8,13041.6,13987.2,18196.3,7233.4
2,0.2161,0.216,0.2159,0.2158,0.2157,0.2156,0.2155,0.2154,0.2153,0.2152,0.2163,0.2164,0.2165,0.2166,0.2167,0.2168,0.2169,0.217,0.2171,0.2172,7158.6,9277.3,18492.5,52233.6,25621.2,13897.7,30719.6,15402.8,19452.8,12588.1,1951.7,4679.8,21120.7,58909.7,4830.7,19567.2,18196.3,47244.5,4371.2,7233.6
3,0.2162,0.2161,0.216,0.2159,0.2158,0.2157,0.2156,0.2155,0.2154,0.2153,0.2163,0.2164,0.2165,0.2166,0.2167,0.2168,0.2169,0.217,0.2171,0.2172,495,9419,18379.9,18812,60550.1,25621.2,13897.7,41536.6,8615.8,5517.6,1456.5,2739.1,21120.7,52424.8,5915.4,27071.7,24287.8,47244.5,4371.2,7620.6
4,0.2161,0.216,0.2159,0.2158,0.2157,0.2156,0.2155,0.2154,0.2153,0.2152,0.2162,0.2163,0.2164,0.2165,0.2166,0.2167,0.2168,0.2169,0.217,0.2171,309.4,18180.6,13390.7,18707.8,26476.4,14505.7,18059.6,21745.5,16444.6,26524.3,495,4602.9,6218.3,11539.3,28724.4,34287.5,26173,24453.9,21060.6,20998.4
5,0.2162,0.2161,0.216,0.2159,0.2158,0.2157,0.2156,0.2155,0.2154,0.2153,0.2163,0.2164,0.2165,0.2166,0.2167,0.2168,0.2169,0.217,0.2171,0.2172,495,7183.2,9082.5,20080.1,73541.8,34199.6,12724.5,18059.6,28079.8,7802.7,1951.7,7605.9,11539.3,27546.7,34738.5,21539.9,34156.1,21060.6,4758.2,7620.6
6,0.2161,0.216,0.2159,0.2158,0.2157,0.2156,0.2155,0.2154,0.2153,0.2152,0.2162,0.2163,0.2164,0.2165,0.2166,0.2167,0.2168,0.2169,0.217,0.2171,4510.6,5540.5,8775.2,26596.9,63194.9,17595.7,19220,20122.4,36483.7,6631.5,495,3036.2,6837.6,13548.5,52411.4,29748.1,26389.5,17915.9,21060.6,4371.2
7,0.2161,0.216,0.2159,0.2158,0.2157,0.2156,0.2155,0.2154,0.2153,0.2152,0.2162,0.2163,0.2164,0.2165,0.2166,0.2167,0.2168,0.2169,0.217,0.2171,3151.7,10759.5,16410,47599.9,60404.4,12724.5,44541,7456.4,13759.3,15585.5,495,1951.5,5981.2,11539.3,44871.6,39513.5,13987.2,17915.9,21060.6,4371.2
8,0.2163,0.2162,0.2161,0.216,0.2159,0.2158,0.2157,0.2156,0.2155,0.2154,0.2164,0.2165,0.2166,0.2167,0.2168,0.2169,0.217,0.2171,0.2172,0.2173,495,5415.5,8605.6,10759.4,23852.5,67558.9,38031.7,22210.5,19220,6600.8,3543.3,6367.6,20771.2,42587.3,30861.1,31807.8,27149.5,4371.2,7233.6,4948.5
9,0.2167,0.2166,0.2165,0.2164,0.2163,0.2162,0.2161,0.216,0.2159,0.2158,0.2168,0.2169,0.217,0.2171,0.2172,0.2173,0.2174,0.2175,0.2176,0.2177,2656.7,7647.4,12472.1,31723.6,13634.8,24051.3,17582.7,31927.8,12441,24456.5,564.4,2910.2,8648.7,26420.2,41347.8,8947.9,14432.8,17022.3,21026.2,5252.3
10,0.2166,0.2165,0.2164,0.2163,0.2162,0.2161,0.216,0.2159,0.2158,0.2157,0.2167,0.2168,0.2169,0.217,0.2171,0.2172,0.2173,0.2174,0.2175,0.2176,956.6,6766.1,12111.1,24767.4,33028,19170.5,33794.6,5348,32415.8,12095.8,4699.5,10176.8,31932.9,32258,17904.4,20911.9,17893.7,28234.8,3221,7618.6
11,0.2169,0.2168,0.2167,0.2166,0.2165,0.2164,0.2163,0.2162,0.2161,0.216,0.2171,0.2172,0.2173,0.2174,0.2175,0.2176,0.2177,0.2178,0.2179,0.218,4854.5,15566.2,8012.2,22340.3,22598.6,26826.3,18771.4,41181.1,4512.7,21160.6,4908.3,17764.4,39925.5,36445.2,4535.1,20599.6,3502.3,4371.1,7052.9,3220.8
12,0.2172,0.2171,0.217,0.2169,0.2168,0.2167,0.2166,0.2165,0.2164,0.2163,0.2173,0.2174,0.2175,0.2176,0.2177,0.2178,0.2179,0.218,0.2181,0.2182,2656.7,10334.3,21868.2,19384.8,32852.8,13637,28875.1,17846.8,30517,18037.2,495,5369.5,8718.1,20678.8,32579.9,25064.6,15490.3,19489.9,24016.5,19281
13,0.2172,0.2171,0.217,0.2169,0.2168,0.2167,0.2166,0.2165,0.2164,0.2163,0.2173,0.2174,0.2175,0.2176,0.2177,0.2178,0.2179,0.218,0.2181,0.2182,495,5564.1,11150.1,40515.6,31148.1,16700.3,28875.1,22927.8,29105.9,20393.6,206.2,5370.3,13525.2,31890.1,29374.8,27944.6,14149.8,19489.9,7776.3,34363.6
14,0.2173,0.2172,0.2171,0.217,0.2169,0.2168,0.2167,0.2166,0.2165,0.2164,0.2174,0.2175,0.2176,0.2177,0.2178,0.2179,0.218,0.2181,0.2182,0.2183,495,7002.9,9576.6,14055.3,53723.8,18644.4,5801.7,28875.1,27731.8,21095.9,69.3,5313.1,16133.6,40286.8,28807.3,16700.8,25551.5,21533.9,5526.1,10335
15,0.2172,0.2171,0.217,0.2169,0.2168,0.2167,0.2166,0.2165,0.2164,0.2163,0.2173,0.2174,0.2175,0.2176,0.2177,0.2178,0.2179,0.218,0.2181,0.2182,2980.7,5564.1,15436.8,53723.8,21498.6,4676.8,28875.1,17488.9,33339.9,19227.3,495,3678.5,5808.3,11873.1,38484.1,24184.7,8085.2,19489.9,21533.9,3889.1
16,0.2171,0.217,0.2169,0.2168,0.2167,0.2166,0.2165,0.2164,0.2163,0.2162,0.2173,0.2174,0.2175,0.2176,0.2177,0.2178,0.2179,0.218,0.2181,0.2182,5494.9,11921.2,30229.8,31167,54984.6,28875.1,15109.9,21095.9,19227.3,6738.6,495,9109.3,5808.3,11873.1,38944.3,22745.7,8085.2,38895.5,21533.9,3889.1
17,0.217,0.2169,0.2168,0.2167,0.2166,0.2165,0.2164,0.2163,0.2162,0.2161,0.2172,0.2173,0.2174,0.2175,0.2176,0.2177,0.2178,0.2179,0.218,0.2181,9980.3,17860.8,23318.4,53998,31332,17832.9,12845.5,41143.2,15053.6,17168.4,564.2,7594.2,12373.6,20737.3,22915.7,31612.7,19000,35670.6,19489.9,7776.3
18,0.217,0.2169,0.2168,0.2167,0.2166,0.2165,0.2164,0.2163,0.2162,0.2161,0.2171,0.2172,0.2173,0.2174,0.2175,0.2176,0.2177,0.2178,0.2179,0.218,3868.3,16334,13635.5,28380.6,68062,5224.9,20693.5,41143.2,12695.2,19440.6,905.3,3053.5,6213.3,12373.6,20737.3,22441.5,35073,19000,35670.6,19489.9
19,0.2169,0.2168,0.2167,0.2166,0.2165,0.2164,0.2163,0.2162,0.2161,0.216,0.2171,0.2172,0.2173,0.2174,0.2175,0.2176,0.2177,0.2178,0.2179,0.218,16407.5,8610.5,22080.7,71131.1,6674.6,9229.5,47099.8,30800.2,21124.6,19424.2,1359.3,4923.7,12067.6,25646.4,17471.8,25991.7,27417,51480.4,8085.2,5725.2
20,0.217,0.2169,0.2168,0.2167,0.2166,0.2165,0.2164,0.2163,0.2162,0.2161,0.2171,0.2172,0.2173,0.2174,0.2175,0.2176,0.2177,0.2178,0.2179,0.218,495,17635.5,24403.5,67757.8,34290.2,4073.2,15186.1,35451.7,23365.2,18330.6,1382,9614.8,12067.7,25646.4,17471.8,26037.7,27698.4,19000,8085.2,5725.2
21,0.217,0.2169,0.2168,0.2167,0.2166,0.2165,0.2164,0.2163,0.2162,0.2161,0.2171,0.2172,0.2173,0.2174,0.2175,0.2176,0.2177,0.2178,0.2179,0.218,495,17359.1,14390,35143.3,64076,7801.4,15186.1,35989,27172.2,18330.6,564.2,10997.4,12067.7,27936.4,17471.8,31186.3,56909.2,20135.8,8085.2,5725.2
22,0.217,0.2169,0.2168,0.2167,0.2166,0.2165,0.2164,0.2163,0.2162,0.2161,0.2171,0.2172,0.2173,0.2174,0.2175,0.2176,0.2177,0.2178,0.2179,0.218,407.8,19057.5,30332,70170.2,28431.7,4073.2,15186.1,42336.7,20615.2,18330.6,495,3268.9,8387.5,17179.8,23094.2,35324,9000.4,45325.4,21855.6,5725.2
23,0.217,0.2169,0.2168,0.2167,0.2166,0.2165,0.2164,0.2163,0.2162,0.2161,0.2171,0.2172,0.2173,0.2174,0.2175,0.2176,0.2177,0.2178,0.2179,0.218,407.8,19632.2,26200.8,55681.8,27287.9,4073.2,14161.3,39069.4,20615.2,17168.4,495,4853,8387.5,18431.2,27287,35957.7,14433.3,45325.4,21855.6,5725.2
24,0.2172,0.2171,0.217,0.2169,0.2168,0.2167,0.2166,0.2165,0.2164,0.2163,0.2174,0.2175,0.2176,0.2177,0.2178,0.2179,0.218,0.2181,0.2182,0.2183,495,6360.1,13153.2,17567.4,27474.7,64724.5,22397.9,17812.8,14161.3,29338.9,8103,18190.2,53882.9,9000.4,32249.4,21855.6,5725.2,7776.3,19847.9,10335
25,0.2174,0.2173,0.2172,0.2171,0.217,0.2169,0.2168,0.2167,0.2166,0.2165,0.2175,0.2176,0.2177,0.2178,0.2179,0.218,0.2181,0.2182,0.2183,0.2184,495,7002.6,8838.1,9629.3,29135.6,77888.3,13333,37737.6,34622,6708.7,564.3,7008.1,18629.2,80508.7,27913.6,12634.3,13673,17258,10335,4656.8
26,0.2176,0.2175,0.2174,0.2173,0.2172,0.2171,0.217,0.2169,0.2168,0.2167,0.2177,0.2178,0.2179,0.218,0.2181,0.2182,0.2183,0.2184,0.2185,0.2186,495,6224,13115,21108.1,27673.8,29414.5,9410,18396.1,33531.2,15544.4,564.2,5593.2,17132.3,34193.3,22306.2,40400.9,16387,18147.6,8789.6,3220.6
27,0.2174,0.2173,0.2172,0.2171,0.217,0.2169,0.2168,0.2167,0.2166,0.2165,0.2175,0.2176,0.2177,0.2178,0.2179,0.218,0.2181,0.2182,0.2183,0.2184,495,7626.1,12441.3,19803.4,32702.6,69083.9,13332.2,27644.3,23894.2,5507.3,495,7365.2,9540,19656.9,36994.9,44033.6,8084,18108.7,10335,18534.6
28,0.2173,0.2172,0.2171,0.217,0.2169,0.2168,0.2167,0.2166,0.2165,0.2164,0.2174,0.2175,0.2176,0.2177,0.2178,0.2179,0.218,0.2181,0.2182,0.2183,495,12441.3,16734.3,39528.3,69093,13332.2,14763.3,35972.6,17208.9,7233.6,495,6174.6,9250.2,13846.5,14443.3,23162,36854.3,8084,18108.7,10335
29,0.2173,0.2172,0.2171,0.217,0.2169,0.2168,0.2167,0.2166,0.2165,0.2164,0.2174,0.2175,0.2176,0.2177,0.2178,0.2179,0.218,0.2181,0.2182,0.2183,495,12441.3,18115.2,34921,67102.6,8687.7,10149.8,36601.2,37914,16187.6,1875.1,4879.1,9249.9,15728.8,19904.9,27746.8,32226.7,8084,18108.7,10335
30,0.217,0.2169,0.2168,0.2167,0.2166,0.2165,0.2164,0.2163,0.2162,0.2161,0.2172,0.2173,0.2174,0.2175,0.2176,0.2177,0.2178,0.2179,0.218,0.2181,30311.3,19970.5,13936.2,16914.6,31977,26172.7,31993.6,25136.9,7233.6,8319.8,1945.6,3973.2,6620.1,12243.1,29333.1,26075.8,20024.4,13975.2,23057.1,8084
31,0.2172,0.2171,0.217,0.2169,0.2168,0.2167,0.2166,0.2165,0.2164,0.2163,0.2173,0.2174,0.2175,0.2176,0.2177,0.2178,0.2179,0.218,0.2181,0.2182,495,11764.9,21726.3,25036.1,28938.3,16734,36158.4,29657.7,16187.6,5526.6,867.4,4060.4,12858.4,28302.6,19140.2,14597.1,7914.2,23057.1,8084,4480.2
32,0.2172,0.2171,0.217,0.2169,0.2168,0.2167,0.2166,0.2165,0.2164,0.2163,0.2173,0.2174,0.2175,0.2176,0.2177,0.2178,0.2179,0.218,0.2181,0.2182,2980.7,17049,32078.3,23654,24962.3,4260.2,42112,28052.4,16187.6,8229.8,1634.9,3280.3,4475.4,4031.3,9705.5,21028,51001.7,23516.1,8084,4480.2
33,0.2172,0.2171,0.217,0.2169,0.2168,0.2167,0.2166,0.2165,0.2164,0.2163,0.2173,0.2174,0.2175,0.2176,0.2177,0.2178,0.2179,0.218,0.2181,0.2182,2066.8,16819.3,46884.5,33407.4,24962.3,4260.2,36760.4,29916,18802.6,8229.8,1875.7,4112,9409.9,18672.1,12238.8,23963.4,13167.5,23057.1,8084,4480.2
34,0.2172,0.2171,0.217,0.2169,0.2168,0.2167,0.2166,0.2165,0.2164,0.2163,0.2173,0.2174,0.2175,0.2176,0.2177,0.2178,0.2179,0.218,0.2181,0.2182,2066.8,10121,30881.3,56172.2,24960.1,4190.5,29029.5,33119.1,24349.6,8229.8,1633.6,4112,9409.9,18672.1,11105.6,23963.4,13167.5,23057.1,8084,4480.2
35,0.2174,0.2173,0.2172,0.2171,0.217,0.2169,0.2168,0.2167,0.2166,0.2165,0.2175,0.2176,0.2177,0.2178,0.2179,0.218,0.2181,0.2182,0.2183,0.2184,495,7122.4,7521.7,13814,47043.5,30090.1,22527.5,20628.2,29029.5,6662,3301.7,4882.8,12024.9,24965.5,12860.7,23690.8,21841.3,4352.8,10335,21032.4
36,0.2174,0.2173,0.2172,0.2171,0.217,0.2169,0.2168,0.2167,0.2166,0.2165,0.2175,0.2176,0.2177,0.2178,0.2179,0.218,0.2181,0.2182,0.2183,0.2184,5050.8,11134.4,9690.8,18791.8,35435.7,34953.3,28330.3,9175.7,21509.2,5336.3,1001.5,3107.3,11819.9,30943.6,30113.3,15199.3,15559.1,8194.3,17581.7,4234.2
37,0.2176,0.2175,0.2174,0.2173,0.2172,0.2171,0.217,0.2169,0.2168,0.2167,0.2177,0.2178,0.2179,0.218,0.2181,0.2182,0.2183,0.2184,0.2185,0.2186,495,4371.8,6983.6,21748.6,33234,30925.3,17639.6,38333.3,15007.2,8394.7,2357.2,7950.5,25817.6,21340.5,45603.7,9040.3,2701,4234.2,19649.5,3049.6
38,0.2175,0.2174,0.2173,0.2172,0.2171,0.217,0.2169,0.2168,0.2167,0.2166,0.2177,0.2178,0.2179,0.218,0.2181,0.2182,0.2183,0.2184,0.2185,0.2186,8561.8,10913.8,22764,29222.5,14991.2,33351.5,27898.3,18343.2,8275.8,1631,564,5929.3,9577.4,21627,46237.4,9040.3,951,4234.2,22135.2,16784.6
39,0.2176,0.2175,0.2174,0.2173,0.2172,0.2171,0.217,0.2169,0.2168,0.2167,0.2177,0.2178,0.2179,0.218,0.2181,0.2182,0.2183,0.2184,0.2185,0.2186,1282.8,4329.1,13630.5,27098,25135.3,36195.6,24754.6,30301.2,17492.9,14232.4,1873.2,10006.9,23631,20664.9,19416.4,30721.3,2260.1,4234.2,20794.7,5835.4
40,0.2176,0.2175,0.2174,0.2173,0.2172,0.2171,0.217,0.2169,0.2168,0.2167,0.2177,0.2178,0.2179,0.218,0.2181,0.2182,0.2183,0.2184,0.2185,0.2186,1282.8,12734.4,17933.1,18704.3,33537.2,14753.9,27350.6,16872.4,17492.9,13088.7,495,5566.6,7629.8,16048,28291.5,30721.3,2260.1,4234.2,20794.7,5835.4
41,0.2175,0.2174,0.2173,0.2172,0.2171,0.217,0.2169,0.2168,0.2167,0.2166,0.2176,0.2177,0.2178,0.2179,0.218,0.2181,0.2182,0.2183,0.2184,0.2185,2485.7,12887.7,33492.1,33537.2,14753.9,27350.6,17476.4,23449.5,7132.1,3327.4,691.7,1873.2,10015.7,22492,11675.8,28291.5,30334.3,2260.1,4234.2,21181.7
42,0.2174,0.2173,0.2172,0.2171,0.217,0.2169,0.2168,0.2167,0.2166,0.2165,0.2175,0.2176,0.2177,0.2178,0.2179,0.218,0.2181,0.2182,0.2183,0.2184,495,11193,21378.1,17163.5,37715.9,27185.6,32526.5,16936.8,14872.3,3050.1,680.6,3527.3,9396.6,25319.9,30139.9,15417.5,19290.1,30334.3,1801.1,4234.2
43,0.2179,0.2178,0.2177,0.2176,0.2175,0.2174,0.2173,0.2172,0.2171,0.217,0.218,0.2181,0.2182,0.2183,0.2184,0.2185,0.2186,0.2187,0.2188,0.2189,2485.7,6099.4,15359.6,33190.6,25849.5,5484.5,7912.9,17121.4,21612,2962.7,564,2859.1,7579.4,26917.5,23879.5,8370.8,7317.9,4658.7,22579.4,2313.8
44,0.218,0.2179,0.2178,0.2177,0.2176,0.2175,0.2174,0.2173,0.2172,0.2171,0.2181,0.2182,0.2183,0.2184,0.2185,0.2186,0.2187,0.2188,0.2189,0.219,2485.7,5104.7,9284.1,28368.8,50026.9,25849.5,3900.4,19124.9,17121.4,11665.3,564,3066,18666.2,32749.2,20682.7,8855.8,4371.7,20781.1,16027.9,4538.9
