timestamp,bid_price_0,bid_price_1,bid_price_2,bid_price_3,bid_price_4,bid_price_5,bid_price_6,bid_price_7,bid_price_8,bid_price_9,ask_price_0,ask_price_1,ask_price_2,ask_price_3,ask_price_4,ask_price_5,ask_price_6,ask_price_7,ask_price_8,ask_price_9,bid_size_0,bid_size_1,bid_size_2,bid_size_3,bid_size_4,bid_size_5,bid_size_6,bid_size_7,bid_size_8,bid_size_9,ask_size_0,ask_size_1,ask_size_2,ask_size_3,ask_size_4,ask_size_5,ask_size_6,ask_size_7,ask_size_8,ask_size_9
0,0.3152,0.3151,0.315,0.3149,0.3148,0.3147,0.3146,0.3145,0.3144,0.3143,0.3153,0.3154,0.3155,0.3156,0.3157,0.3158,0.3159,0.316,0.3161,0.3162,33665.1,173296.5,187479.6,266273.6,421087.7,391314.2,359038.6,330336.7,266263.7,276670.2,340075.1,414037.1,425097.6,347559.5,322771.2,337369.3,334090,277850.5,234483.3,118062
1,0.315,0.3149,0.3148,0.3147,0.3146,0.3145,0.3144,0.3143,0.3142,0.3141,0.3151,0.3152,0.3153,0.3154,0.3155,0.3156,0.3157,0.3158,0.3159,0.316,85054.7,272119.8,446486.4,394852.3,356182.9,375367.8,346628.3,300861.8,267785.4,41141.5,126703.3,245268.6,381873.3,387339.9,377525.4,346846,338007.5,273066.6,265052.8,269475.6
2,0.315,0.3149,0.3148,0.3147,0.3146,0.3145,0.3144,0.3143,0.3142,0.3141,0.3151,0.3152,0.3153,0.3154,0.3155,0.3156,0.3157,0.3158,0.3159,0.316,87789.8,227355.9,460824.2,394852.3,356974.4,375367.8,346628.3,300861.8,267785.4,42076.4,113187,231928.7,390624.9,387967.4,375591.8,347801.6,342808.4,281319.8,304948.1,220482.1
3,0.315,0.3149,0.3148,0.3147,0.3146,0.3145,0.3144,0.3143,0.3142,0.3141,0.3151,0.3152,0.3153,0.3154,0.3155,0.3156,0.3157,0.3158,0.3159,0.316,71813.5,261044.5,456713,394879,356974.4,375367.8,346628.3,309536.3,267785.4,41141.5,110904.8,231928.7,390609.9,389237,378256.2,347676.4,342808.4,286120.7,300151,227949.1
4,0.315,0.3149,0.3148,0.3147,0.3146,0.3145,0.3144,0.3143,0.3142,0.3141,0.3151,0.3152,0.3153,0.3154,0.3155,0.3156,0.3157,0.3158,0.3159,0.316,77769.3,248754.1,437712.3,394879,356974.4,376638.2,327977.3,289170.2,267785.4,41145.3,98638.4,239581,381079.5,392411,375121.4,347676.4,338007.5,287456.2,306102.4,210504.3
5,0.315,0.3149,0.3148,0.3147,0.3146,0.3145,0.3144,0.3143,0.3142,0.3141,0.3151,0.3152,0.3153,0.3154,0.3155,0.3156,0.3157,0.3158,0.3159,0.316,79975.6,234856.2,449712.3,394879,356974.4,376638.2,337578.3,289170.2,267785.4,41145.3,100898.3,245157.9,381630.4,392411,375121.4,347676.4,338007.5,287456.2,306102.4,234207.8
6,0.315,0.3149,0.3148,0.3147,0.3146,0.3145,0.3144,0.3143,0.3142,0.3141,0.3151,0.3152,0.3153,0.3154,0.3155,0.3156,0.3157,0.3158,0.3159,0.316,149776.2,269224.1,423081.9,394879,356182.9,375368.6,354685,287279.2,267785.4,35193.9,15593.7,207228.1,389868.6,409947.1,373851.8,347676.4,339277.1,287455.9,306102.4,210504.3
7,0.3151,0.315,0.3149,0.3148,0.3147,0.3146,0.3145,0.3144,0.3143,0.3142,0.3152,0.3153,0.3154,0.3155,0.3156,0.3157,0.3158,0.3159,0.316,0.3161,176835.9,211561.9,246623.3,426385,394071.3,358721.3,373043.6,325110.9,271024.3,252355.9,83990.9,398338.4,403373,373227.5,347236,326668.1,354929.1,310902.1,211839.7,246495.9
8,0.3151,0.315,0.3149,0.3148,0.3147,0.3146,0.3145,0.3144,0.3143,0.3142,0.3152,0.3153,0.3154,0.3155,0.3156,0.3157,0.3158,0.3159,0.316,0.3161,139611.4,187952,245183,426385.1,393527.7,341939.2,373995.4,325110.9,271024.3,259239.8,81007,368434,403371.2,384708.8,346444.5,326668.1,354929.1,310902.1,220479.8,239567.8
9,0.315,0.3149,0.3148,0.3147,0.3146,0.3145,0.3144,0.3143,0.3142,0.3141,0.3151,0.3152,0.3153,0.3154,0.3155,0.3156,0.3157,0.3158,0.3159,0.316,33792.7,204752.8,476767.9,403393.4,347928.3,352038.8,309815.9,248510.3,239821.5,79559.8,176587.8,215960.5,394521.8,397564.7,369924.2,346406.8,264955,283509.2,313558.7,218510.1
10,0.3149,0.3148,0.3147,0.3146,0.3145,0.3144,0.3143,0.3142,0.3141,0.314,0.315,0.3151,0.3152,0.3153,0.3154,0.3155,0.3156,0.3157,0.3158,0.3159,45121.9,463064.8,437398.9,368062.7,356537.4,322124.9,286341,246769.9,78883.7,52466.5,233395.3,195343.2,210528.1,378706.5,389157.5,364812.2,324140.9,262533.2,312527.2,271925
11,0.3149,0.3148,0.3147,0.3146,0.3145,0.3144,0.3143,0.3142,0.3141,0.314,0.315,0.3151,0.3152,0.3153,0.3154,0.3155,0.3156,0.3157,0.3158,0.3159,71754.2,470948,436338.2,351115.7,357437.4,322824.9,309084.8,281274.9,77948.8,53616.1,217309.1,195432.9,204332.1,378706.5,419596.1,335690.9,322823.7,262533.2,312527.2,272504.9
12,0.3149,0.3148,0.3147,0.3146,0.3145,0.3144,0.3143,0.3142,0.3141,0.314,0.315,0.3151,0.3152,0.3153,0.3154,0.3155,0.3156,0.3157,0.3158,0.3159,44065,457355.8,428173.7,367916,357437.4,322033.4,309084.8,246770,77948.8,53401.8,228514.9,184657.7,203311.4,378642.2,418326.5,336960.9,322823.7,250694.1,312527.2,264905.2
13,0.3149,0.3148,0.3147,0.3146,0.3145,0.3144,0.3143,0.3142,0.3141,0.314,0.315,0.3151,0.3152,0.3153,0.3154,0.3155,0.3156,0.3157,0.3158,0.3159,64496.5,475814.9,434581.6,342379.7,357437.4,325047.4,315542,246555.7,77948.8,53616.1,193184.7,228028.3,207884.3,374980,415661.7,338231.3,327626.1,251846.3,312527.2,256321.7
14,0.3149,0.3148,0.3147,0.3146,0.3145,0.3144,0.3143,0.3142,0.3141,0.314,0.315,0.3151,0.3152,0.3153,0.3154,0.3155,0.3156,0.3157,0.3158,0.3159,67072.8,484177.2,438372.5,341044.2,357437.4,325592.3,304951.7,246555.7,77948.8,53616.1,152483.6,183864.8,203548.3,378862,404073.4,336961.3,364556.2,269630.7,311191,256321.7
15,0.3141,0.314,0.3139,0.3138,0.3137,0.3136,0.3135,0.3134,0.3133,0.3132,0.3142,0.3143,0.3144,0.3145,0.3146,0.3147,0.3148,0.3149,0.315,0.3151,121163.6,441056.5,475553.5,391920.9,405777.2,406821.1,398760.4,358039.3,125522.9,212955,31736,72377.3,306310.6,236270.1,200397.2,261104,235088.1,230155.5,234681.4,272675.3
16,0.3142,0.3141,0.314,0.3139,0.3138,0.3137,0.3136,0.3135,0.3134,0.3133,0.3143,0.3144,0.3145,0.3146,0.3147,0.3148,0.3149,0.315,0.3151,0.3152,50472.3,213468.1,434852.1,468213,384008,385923.7,372076.3,375017.6,331085.2,183246.4,80816.3,215990.4,253660,228500.9,247104.9,236328.7,229594.2,233505.2,302143,64661.3
17,0.3144,0.3143,0.3142,0.3141,0.314,0.3139,0.3138,0.3137,0.3136,0.3135,0.3145,0.3146,0.3147,0.3148,0.3149,0.315,0.3151,0.3152,0.3153,0.3154,119269.6,206949,142307.6,224706.9,448444.3,456191.7,395202.1,402023.7,365808.2,286786.6,80786.6,211836.5,275171.4,242316.4,230391,248097.3,255487.6,55165.3,237376.2,122655.3
18,0.3145,0.3144,0.3143,0.3142,0.3141,0.314,0.3139,0.3138,0.3137,0.3136,0.3146,0.3147,0.3148,0.3149,0.315,0.3151,0.3152,0.3153,0.3154,0.3155,91237.1,208890.2,151850.7,230382.8,412873,407873.6,457480.3,403203.5,421046.2,300989.4,239311,307427.1,244029.3,229641.8,247343.3,255487.6,55165.3,236516.6,123974.3,88754.1
