timestamp,bid_price_0,bid_price_1,bid_price_2,bid_price_3,bid_price_4,bid_price_5,bid_price_6,bid_price_7,bid_price_8,bid_price_9,ask_price_0,ask_price_1,ask_price_2,ask_price_3,ask_price_4,ask_price_5,ask_price_6,ask_price_7,ask_price_8,ask_price_9,bid_size_0,bid_size_1,bid_size_2,bid_size_3,bid_size_4,bid_size_5,bid_size_6,bid_size_7,bid_size_8,bid_size_9,ask_size_0,ask_size_1,ask_size_2,ask_size_3,ask_size_4,ask_size_5,ask_size_6,ask_size_7,ask_size_8,ask_size_9
0,0.3151,0.315,0.3149,0.3148,0.3147,0.3146,0.3145,0.3144,0.3143,0.3142,0.3152,0.3153,0.3154,0.3155,0.3156,0.3157,0.3158,0.3159,0.316,0.3161,167741.2,223970,230778.4,422357,391314.2,349246,327099.5,355582.9,269346.5,253750.7,50238,407035.5,396313.9,352776.5,353415.9,322734.1,286222.6,280393.4,265956.1,234483.3
1,0.3151,0.315,0.3149,0.3148,0.3147,0.3146,0.3145,0.3144,0.3143,0.3142,0.3152,0.3153,0.3154,0.3155,0.3156,0.3157,0.3158,0.3159,0.316,0.3161,158701.7,223970,231678.4,422357,391314.3,347977.2,337965.5,355582.9,269346.5,254685.1,54690.8,409280.4,400186.9,349604.5,353415.9,322734.1,286222.6,280393.4,265956.1,248870.5
2,0.3151,0.315,0.3149,0.3148,0.3147,0.3146,0.3145,0.3144,0.3143,0.3142,0.3152,0.3153,0.3154,0.3155,0.3156,0.3157,0.3158,0.3159,0.316,0.3161,68704.8,220237,227925.6,422354.2,391314.4,346708,362563.7,332249.9,275081.9,253750.7,115049.6,430591.2,391106.6,341635.5,354732.7,322734.1,289703.9,275595.4,274596.4,248110.9
3,0.3151,0.315,0.3149,0.3148,0.3147,0.3146,0.3145,0.3144,0.3143,0.3142,0.3152,0.3153,0.3154,0.3155,0.3156,0.3157,0.3158,0.3159,0.316,0.3161,145921.9,236237,232591.7,422357.1,391314.4,347016.2,364857.8,332249.9,269132.4,253750.7,44052.4,437792.8,407341.2,370756.8,354732.7,322734.1,294502.1,270796.8,265978.9,234483.3
4,0.3151,0.315,0.3149,0.3148,0.3147,0.3146,0.3145,0.3144,0.3143,0.3142,0.3152,0.3153,0.3154,0.3155,0.3156,0.3157,0.3158,0.3159,0.316,0.3161,150673.7,221231.8,242011.2,422357,391314.4,360616.9,379014.3,332249.9,270741.3,252355.9,34725.7,408562.3,397090.5,383454,352624.4,322734.1,295818.9,270796.8,265956.1,243122.1
5,0.3152,0.3151,0.315,0.3149,0.3148,0.3147,0.3146,0.3145,0.3144,0.3143,0.3153,0.3154,0.3155,0.3156,0.3157,0.3158,0.3159,0.316,0.3161,0.3162,88959.9,225500,226404.4,200991.8,421087.8,391314.4,359038.6,338340.2,266263.7,271656.6,293865.4,439457.5,377775.5,353903.8,323562.7,342167.5,329292.9,277850.5,243122,104596.9
6,0.3152,0.3151,0.315,0.3149,0.3148,0.3147,0.3146,0.3145,0.3144,0.3143,0.3153,0.3154,0.3155,0.3156,0.3157,0.3158,0.3159,0.316,0.3161,0.3162,109101.2,217500,202658.4,200991.8,421087.8,391314.2,359038.6,352694.4,266263.7,270722.6,306664,414037.1,393643.5,347559.5,323562.7,337369.3,334090,277850.5,234483.3,105485.7
7,0.315,0.3149,0.3148,0.3147,0.3146,0.3145,0.3144,0.3143,0.3142,0.3141,0.3151,0.3152,0.3153,0.3154,0.3155,0.3156,0.3157,0.3158,0.3159,0.316,84820.9,272119.8,446486.4,394852.3,356182.9,375367.8,346628.3,300861.8,267785.4,42076.4,132639.3,245268.6,381880.5,387339.9,377487.5,346846,338007.5,267115.2,265052.8,269475.6
8,0.315,0.3149,0.3148,0.3147,0.3146,0.3145,0.3144,0.3143,0.3142,0.3141,0.3151,0.3152,0.3153,0.3154,0.3155,0.3156,0.3157,0.3158,0.3159,0.316,87789.8,227355.9,460824.2,394852.3,356974.4,375367.8,346628.3,300861.8,267785.4,42076.4,113187,231928.7,390624.9,387967.4,375591.8,347801.6,342808.4,281319.8,304948.1,220482.1
9,0.315,0.3149,0.3148,0.3147,0.3146,0.3145,0.3144,0.3143,0.3142,0.3141,0.3151,0.3152,0.3153,0.3154,0.3155,0.3156,0.3157,0.3158,0.3159,0.316,71813.5,261044.5,456713,394879,356974.4,375367.8,346628.3,309536.3,267785.4,41141.5,110904.8,231928.7,390609.9,389237,378256.2,347676.4,342808.4,286120.7,300151,227949.1
10,0.315,0.3149,0.3148,0.3147,0.3146,0.3145,0.3144,0.3143,0.3142,0.3141,0.3151,0.3152,0.3153,0.3154,0.3155,0.3156,0.3157,0.3158,0.3159,0.316,77769.3,248754.1,437712.3,394879,356974.4,376638.2,327977.3,289170.2,267785.4,41145.3,98638.4,239581,381079.5,392411,375121.4,347676.4,338007.5,287456.2,306102.4,210504.3
11,0.315,0.3149,0.3148,0.3147,0.3146,0.3145,0.3144,0.3143,0.3142,0.3141,0.3151,0.3152,0.3153,0.3154,0.3155,0.3156,0.3157,0.3158,0.3159,0.316,79975.6,234856.2,449712.3,394879,356974.4,376638.2,337578.3,289170.2,267785.4,41145.3,100898.3,245157.9,381630.4,392411,375121.4,347676.4,338007.5,287456.2,306102.4,234207.8
12,0.315,0.3149,0.3148,0.3147,0.3146,0.3145,0.3144,0.3143,0.3142,0.3141,0.3151,0.3152,0.3153,0.3154,0.3155,0.3156,0.3157,0.3158,0.3159,0.316,149776.2,269224.1,423081.9,394879,356182.9,375368.6,354685,287279.2,267785.4,35193.9,15593.7,207228.1,389868.6,409947.1,373851.8,347676.4,339277.1,287455.9,306102.4,210504.3
13,0.3151,0.315,0.3149,0.3148,0.3147,0.3146,0.3145,0.3144,0.3143,0.3142,0.3152,0.3153,0.3154,0.3155,0.3156,0.3157,0.3158,0.3159,0.316,0.3161,176835.9,211561.9,246623.3,426385,394071.3,358721.3,373043.6,325110.9,271024.3,252355.9,83990.9,398338.4,403373,373227.5,347236,326668.1,354929.1,310902.1,211839.7,246495.9
14,0.3151,0.315,0.3149,0.3148,0.3147,0.3146,0.3145,0.3144,0.3143,0.3142,0.3152,0.3153,0.3154,0.3155,0.3156,0.3157,0.3158,0.3159,0.316,0.3161,139611.4,187952,245183,426385.1,393527.7,341939.2,373995.4,325110.9,271024.3,259239.8,81007,368434,403371.2,384708.8,346444.5,326668.1,354929.1,310902.1,220479.8,239567.8
15,0.315,0.3149,0.3148,0.3147,0.3146,0.3145,0.3144,0.3143,0.3142,0.3141,0.3151,0.3152,0.3153,0.3154,0.3155,0.3156,0.3157,0.3158,0.3159,0.316,34342.8,215952.8,476767.9,403393.4,347928.3,352038.8,309815.9,248510.3,240755.9,78624.9,178682.8,215960.5,394521.8,397564.7,369924.2,346406.8,264955,289460.6,313558.7,220987.7
16,0.3149,0.3148,0.3147,0.3146,0.3145,0.3144,0.3143,0.3142,0.3141,0.314,0.315,0.3151,0.3152,0.3153,0.3154,0.3155,0.3156,0.3157,0.3158,0.3159,45121.9,463064.8,437398.9,368062.7,356537.4,322124.9,286341,246769.9,78883.7,52466.5,233395.3,195343.2,210528.1,378706.5,389157.5,364812.2,324140.9,262533.2,312527.2,271925
17,0.3149,0.3148,0.3147,0.3146,0.3145,0.3144,0.3143,0.3142,0.3141,0.314,0.315,0.3151,0.3152,0.3153,0.3154,0.3155,0.3156,0.3157,0.3158,0.3159,72380.7,471728,436338.2,351115.7,357437.4,322824.9,309084.8,255235.5,77948.8,53616.1,217309.1,195432.9,204332.1,378706.5,419596.1,335690.9,322823.7,262533.2,312527.2,272504.9
18,0.3149,0.3148,0.3147,0.3146,0.3145,0.3144,0.3143,0.3142,0.3141,0.314,0.315,0.3151,0.3152,0.3153,0.3154,0.3155,0.3156,0.3157,0.3158,0.3159,44065,457355.8,428173.7,367916,357437.4,322033.4,309084.8,246770,77948.8,53401.8,228514.9,184657.7,203311.4,378642.2,418326.5,336960.9,322823.7,250694.1,312527.2,264905.2
19,0.3149,0.3148,0.3147,0.3146,0.3145,0.3144,0.3143,0.3142,0.3141,0.314,0.315,0.3151,0.3152,0.3153,0.3154,0.3155,0.3156,0.3157,0.3158,0.3159,64496.5,475814.9,434581.6,342379.7,357437.4,325047.4,315542,246555.7,77948.8,53616.1,193184.7,191962.8,207884.3,374980,415661.7,338231.3,327626.1,251846.3,312527.2,256321.7
20,0.3149,0.3148,0.3147,0.3146,0.3145,0.3144,0.3143,0.3142,0.3141,0.314,0.315,0.3151,0.3152,0.3153,0.3154,0.3155,0.3156,0.3157,0.3158,0.3159,67072.8,484177.2,438372.5,341044.2,357437.4,325592.3,304951.7,246555.7,77948.8,53616.1,152483.6,183864.8,203548.3,378862,404073.4,336961.3,364556.2,269630.7,311191,256321.7
21,0.3141,0.314,0.3139,0.3138,0.3137,0.3136,0.3135,0.3134,0.3133,0.3132,0.3142,0.3143,0.3144,0.3145,0.3146,0.3147,0.3148,0.3149,0.315,0.3151,122277.4,442648,475553.5,391920.9,405777.2,406821.1,398760.4,358039.3,125522.9,212955,31736,72377.3,306310.6,233090.5,200397.2,261104,231911.5,230155.5,234681.4,272675.3
22,0.3142,0.3141,0.314,0.3139,0.3138,0.3137,0.3136,0.3135,0.3134,0.3133,0.3143,0.3144,0.3145,0.3146,0.3147,0.3148,0.3149,0.315,0.3151,0.3152,50472.3,213468.1,434852.1,468213,384008,385923.7,372076.3,375017.6,331085.2,183246.4,80816.3,215990.4,253660,228500.9,247104.9,236328.7,229594.2,233505.2,302143,64661.3
23,0.3144,0.3143,0.3142,0.3141,0.314,0.3139,0.3138,0.3137,0.3136,0.3135,0.3145,0.3146,0.3147,0.3148,0.3149,0.315,0.3151,0.3152,0.3153,0.3154,119269.6,206949,142307.6,224706.9,448444.3,456191.7,395202.1,402023.7,365808.2,286786.6,80786.6,211836.5,275171.4,242316.4,230391,248097.3,255487.6,55165.3,237376.2,122655.3
24,0.3145,0.3144,0.3143,0.3142,0.3141,0.314,0.3139,0.3138,0.3137,0.3136,0.3146,0.3147,0.3148,0.3149,0.315,0.3151,0.3152,0.3153,0.3154,0.3155,91236.6,208890.2,151850.7,230382.8,412873,407873.6,457480.3,403203.5,421983.1,300052.1,238309,307427.1,244029.3,229641.8,247343.3,255487.6,55165.3,236516.6,123974.3,74931.7
25,0.3144,0.3143,0.3142,0.3141,0.314,0.3139,0.3138,0.3137,0.3136,0.3135,0.3145,0.3146,0.3147,0.3148,0.3149,0.315,0.3151,0.3152,0.3153,0.3154,76371.2,185660.1,242298.3,412674.9,408088.2,453447.7,391203.3,391682,297631,368625.1,97925.9,298081.2,317238,257124.7,229663.5,247305.8,255487.6,56484.5,279999.3,84794.5
26,0.3145,0.3144,0.3143,0.3142,0.3141,0.314,0.3139,0.3138,0.3137,0.3136,0.3146,0.3147,0.3148,0.3149,0.315,0.3151,0.3152,0.3153,0.3154,0.3155,76707.1,202027.5,167819.5,229907.8,409478.5,422567.8,474250.3,370000.2,374023.7,350409.7,229198.3,328043.4,229028.6,229193.1,248583.6,255486.8,61292.5,284807.3,72758.3,68686.5
27,0.3145,0.3144,0.3143,0.3142,0.3141,0.314,0.3139,0.3138,0.3137,0.3136,0.3146,0.3147,0.3148,0.3149,0.315,0.3151,0.3152,0.3153,0.3154,0.3155,74234.5,202027.5,160056.6,282397.1,636939.1,594828.3,642594.7,368340.4,417374.1,298568.2,361942.3,483641.6,407215.5,229193.1,248583.6,232123.8,84646.5,284807.3,72758.3,60056.7
28,0.3145,0.3144,0.3143,0.3142,0.3141,0.314,0.3139,0.3138,0.3137,0.3136,0.3146,0.3147,0.3148,0.3149,0.315,0.3151,0.3152,0.3153,0.3154,0.3155,65425,220579.5,165623.1,252588.8,653747.1,582752.2,626291.4,368340.4,417374.1,299963,340023,476103.8,396755.3,256328.9,234949.8,245181.5,85886.5,242564.4,92741.8,68623
29,0.3144,0.3143,0.3142,0.3141,0.314,0.3139,0.3138,0.3137,0.3136,0.3135,0.3145,0.3146,0.3147,0.3148,0.3149,0.315,0.3151,0.3152,0.3153,0.3154,80628,162482.9,262204.6,648149.8,593216.7,615378.9,368125.8,378832.3,344596.5,273029.1,128374.8,367001.6,471133.7,398843.4,249721.7,236541.5,245181.5,63687.2,287326.4,58226.5
30,0.3144,0.3143,0.3142,0.3141,0.314,0.3139,0.3138,0.3137,0.3136,0.3135,0.3145,0.3146,0.3147,0.3148,0.3149,0.315,0.3151,0.3152,0.3153,0.3154,101047,164857.4,288747,649693.9,581233.8,619396,382550.8,378832.3,344596.5,273029.1,96454.4,384373.3,501745.2,399082.5,250513.2,231732.7,245181.5,63401.1,287326.4,49597.8
31,0.3144,0.3143,0.3142,0.3141,0.314,0.3139,0.3138,0.3137,0.3136,0.3135,0.3145,0.3146,0.3147,0.3148,0.3149,0.315,0.3151,0.3152,0.3153,0.3154,135103,212062.8,337309.4,631945.7,611593,587819.8,385815.1,377980.5,418731.6,255065.1,93396.8,394341.9,480516.4,413360.4,248418,248568.8,232204.5,109785.4,238715.1,57401
32,0.3144,0.3143,0.3142,0.3141,0.314,0.3139,0.3138,0.3137,0.3136,0.3135,0.3145,0.3146,0.3147,0.3148,0.3149,0.315,0.3151,0.3152,0.3153,0.3154,121454.5,217385,296238,625028.2,612148.3,592598,389187.2,381536.5,333146,255065.1,65203.6,383075.8,504908.4,398529.2,247969.7,251128.7,230884.8,60841.8,238715.1,98738.5
33,0.3143,0.3142,0.3141,0.314,0.3139,0.3138,0.3137,0.3136,0.3135,0.3134,0.3144,0.3145,0.3146,0.3147,0.3148,0.3149,0.315,0.3151,0.3152,0.3153,105999.5,292555,662518.4,610724.2,592598,379571.5,381536.5,416754.9,256648.1,279562.5,58223.7,136098.6,398148.8,482740.9,394660.2,247140.6,251128.7,229644.2,60841.8,290217.5
34,0.3143,0.3142,0.3141,0.314,0.3139,0.3138,0.3137,0.3136,0.3135,0.3134,0.3144,0.3145,0.3146,0.3147,0.3148,0.3149,0.315,0.3151,0.3152,0.3153,68380.1,273804.8,628388.4,662828.4,593389.9,395402.1,382777.1,364091,262870.3,324783.2,129817.3,118486.2,383831.8,483532.4,395900.8,247140.6,254697.9,236042.8,111105.3,259741.5
35,0.3141,0.314,0.3139,0.3138,0.3137,0.3136,0.3135,0.3134,0.3133,0.3132,0.3142,0.3143,0.3144,0.3145,0.3146,0.3147,0.3148,0.3149,0.315,0.3151,427234.3,634607.9,608193.1,423507.8,422604.1,397921,336904.2,318903.9,69368.8,166023.7,60737.1,129726.2,154361.1,96501.3,339009.4,478844.5,412942.4,235040.6,239219.7,294979.5
36,0.3141,0.314,0.3139,0.3138,0.3137,0.3136,0.3135,0.3134,0.3133,0.3132,0.3142,0.3143,0.3144,0.3145,0.3146,0.3147,0.3148,0.3149,0.315,0.3151,387426,634946.9,592073.7,426554.8,422604.1,395439,339387,318903.9,66945.4,168447.9,87746.6,151087.5,138545.2,99498.5,309334.5,478924.5,411622.3,235040.6,239219.7,282910.5
37,0.3142,0.3141,0.314,0.3139,0.3138,0.3137,0.3136,0.3135,0.3134,0.3133,0.3143,0.3144,0.3145,0.3146,0.3147,0.3148,0.3149,0.315,0.3151,0.3152,78030.1,557739.3,627643.2,620050,384400.6,422604.1,395439,357395.6,318903.9,69368.8,120188.8,155729.8,105063.2,310088.7,478883.2,416513.9,235040.6,234410.3,276948.4,75368.8
38,0.3142,0.3141,0.314,0.3139,0.3138,0.3137,0.3136,0.3135,0.3134,0.3133,0.3143,0.3144,0.3145,0.3146,0.3147,0.3148,0.3149,0.315,0.3151,0.3152,72954.8,548744.3,646683.9,624203,383061.9,422604.1,395653.8,369866.6,318903.9,69368.8,95718.9,170300.2,99819.4,310153,478883.2,414856.4,228321,234391.5,278287.8,83499
39,0.3142,0.3141,0.314,0.3139,0.3138,0.3137,0.3136,0.3135,0.3134,0.3133,0.3143,0.3144,0.3145,0.3146,0.3147,0.3148,0.3149,0.315,0.3151,0.3152,66642.4,542888.6,646683.9,627385,378637.4,427414.8,397921,369605.2,318903.9,69368.8,120622.2,175618.2,97599.8,310153,478883.2,416097.4,228321,235730.8,276948.4,92012
40,0.3139,0.3138,0.3137,0.3136,0.3135,0.3134,0.3133,0.3132,0.3131,0.313,0.314,0.3141,0.3142,0.3143,0.3144,0.3145,0.3146,0.3147,0.3148,0.3149,491737.6,697568.4,633288,397786.3,348509.7,286088.7,116925.9,160591.8,82153.1,83287.3,35388.7,299683.2,147273.2,84692.5,515416.9,393958.3,284899.2,409912.2,440129.4,211961.5
41,0.3141,0.314,0.3139,0.3138,0.3137,0.3136,0.3135,0.3134,0.3133,0.3132,0.3142,0.3143,0.3144,0.3145,0.3146,0.3147,0.3148,0.3149,0.315,0.3151,114519,310538.2,665205.3,707501.4,594536.9,392811.5,351520.9,284100.6,164557.8,150367.1,105753.9,378177.9,465629.1,404709.3,294122.4,389122.9,419451.2,212425.6,316421.7,237554.7
42,0.3141,0.314,0.3139,0.3138,0.3137,0.3136,0.3135,0.3134,0.3133,0.3132,0.3142,0.3143,0.3144,0.3145,0.3146,0.3147,0.3148,0.3149,0.315,0.3151,72790,269836.4,642402.7,729063.9,594536.9,392811.5,352762.3,307411.5,164557.8,150367.1,116797.1,388432.2,456286.8,404709.3,294122.4,390443.8,419451.2,211104.8,325063.5,242779.6
43,0.3141,0.314,0.3139,0.3138,0.3137,0.3136,0.3135,0.3134,0.3133,0.3132,0.3142,0.3143,0.3144,0.3145,0.3146,0.3147,0.3148,0.3149,0.315,0.3151,91470.9,297775.8,662592.9,718305.3,591353.8,391570.1,352762.3,314013.6,164557.8,150367.1,100980.9,376133.7,452765.4,404709.3,301432.4,388696.9,413829.1,211104.8,316421.7,239176.4
44,0.3141,0.314,0.3139,0.3138,0.3137,0.3136,0.3135,0.3134,0.3133,0.3132,0.3142,0.3143,0.3144,0.3145,0.3146,0.3147,0.3148,0.3149,0.315,0.3151,76135.8,284306.1,651215.6,733211.5,601284.9,368551.8,352762.3,284100.6,164557.8,150367.1,101833.3,377192.8,453806.1,407442.5,301432.4,388696.5,409015.1,215917.2,284662.5,237613.3
45,0.3139,0.3138,0.3137,0.3136,0.3135,0.3134,0.3133,0.3132,0.3131,0.313,0.314,0.3141,0.3142,0.3143,0.3144,0.3145,0.3146,0.3147,0.3148,0.3149,406164.5,627721,475625.2,326973.4,251667.5,265498.7,74666.1,135064.9,89883.2,46181,113800.9,118409,165952.3,337568.8,457522.8,414229.8,303011.2,385322.4,409651.1,255822.9
46,0.314,0.3139,0.3138,0.3137,0.3136,0.3135,0.3134,0.3133,0.3132,0.3131,0.3141,0.3142,0.3143,0.3144,0.3145,0.3146,0.3147,0.3148,0.3149,0.315,62938.6,423223.7,598494.2,478169.5,325178.6,250327.6,264041.9,97258.8,178249,39699.7,101762.6,185328.9,337888.9,416205.3,414187.5,304332.5,385322.4,409651.1,255822.9,287572.6
47,0.3139,0.3138,0.3137,0.3136,0.3135,0.3134,0.3133,0.3132,0.3131,0.313,0.314,0.3141,0.3142,0.3143,0.3144,0.3145,0.3146,0.3147,0.3148,0.3149,412182.4,757484.9,586542.5,404677.4,329144.1,286329.7,146382.2,186792,39699.7,47120.5,36919.1,161088.8,139411.2,336278.3,431845.2,414150.3,290234.2,384081,409651.1,255822.9
48,0.314,0.3139,0.3138,0.3137,0.3136,0.3135,0.3134,0.3133,0.3132,0.3131,0.3141,0.3142,0.3143,0.3144,0.3145,0.3146,0.3147,0.3148,0.3149,0.315,102004.9,620687.7,722009.9,572045.1,393229.4,328352.6,287029.7,130259.9,186577,39699.7,86588.9,169457.7,316528.7,417150.7,414188.4,305557.5,381751.6,420599,255822.9,266384.1
49,0.314,0.3139,0.3138,0.3137,0.3136,0.3135,0.3134,0.3133,0.3132,0.3131,0.3141,0.3142,0.3143,0.3144,0.3145,0.3146,0.3147,0.3148,0.3149,0.315,107280,638114.8,733833.1,588064,376677.4,328352.6,287029.7,130259.9,186577,39699.7,79459.7,141013.6,318229.9,418392.5,412946.6,306799.3,380509.8,419277.6,255822.9,274827
50,0.3141,0.314,0.3139,0.3138,0.3137,0.3136,0.3135,0.3134,0.3133,0.3132,0.3142,0.3143,0.3144,0.3145,0.3146,0.3147,0.3148,0.3149,0.315,0.3151,212933.9,347775.3,636622.2,726785.7,560047.7,376942,343658.8,280135,172245.4,150499.8,27700.7,154280.6,419676.4,416984.9,306836.3,379289.2,416968,215916.3,263490.7,277676.9
51,0.3141,0.314,0.3139,0.3138,0.3137,0.3136,0.3135,0.3134,0.3133,0.3132,0.3142,0.3143,0.3144,0.3145,0.3146,0.3147,0.3148,0.3149,0.315,0.3151,152745.4,335596.4,662046.7,710252.7,558022.5,378407.4,328352.6,280135,172245.4,150499.8,34485.1,174607.9,418995.3,416984.9,291561.6,394650.4,412155.1,215916.3,263490.7,286348.7
52,0.3142,0.3141,0.314,0.3139,0.3138,0.3137,0.3136,0.3135,0.3134,0.3133,0.3143,0.3144,0.3145,0.3146,0.3147,0.3148,0.3149,0.315,0.3151,0.3152,117327.3,236559.8,336104.2,623384.2,707072.7,562128.4,340280.5,324133.6,272022.9,132086.3,106871.3,459165.3,417529.5,291138.6,395928.9,412155.1,215916.3,231732.7,294893.1,73865.1
53,0.3142,0.3141,0.314,0.3139,0.3138,0.3137,0.3136,0.3135,0.3134,0.3133,0.3143,0.3144,0.3145,0.3146,0.3147,0.3148,0.3149,0.315,0.3151,0.3152,127933.2,235656.8,314258.3,621801.2,707626.6,562128.4,340280.5,321136.9,304679.7,89885.9,80050.2,488210.7,416641.6,290347.1,380567.7,412155.1,226261.7,236542.4,294893.1,82534.9
54,0.3142,0.3141,0.314,0.3139,0.3138,0.3137,0.3136,0.3135,0.3134,0.3133,0.3143,0.3144,0.3145,0.3146,0.3147,0.3148,0.3149,0.315,0.3151,0.3152,96013.2,224807.7,320157.4,644942.7,708418.1,577958.6,333044.5,349125.4,304679.7,66505.9,108067.6,458172.3,425847.2,291930.1,380567.7,412155.1,226261.7,236542.4,294893.1,97388
55,0.3142,0.3141,0.314,0.3139,0.3138,0.3137,0.3136,0.3135,0.3134,0.3133,0.3143,0.3144,0.3145,0.3146,0.3147,0.3148,0.3149,0.315,0.3151,0.3152,83932.6,192358.9,325114.3,611384.2,731864.2,577958.6,333044.5,319543.3,304679.7,66505.9,130111.3,454633.5,418698.7,293171.1,380567.3,410913.3,249628.7,237863.2,294893.1,86824.4
56,0.3141,0.314,0.3139,0.3138,0.3137,0.3136,0.3135,0.3134,0.3133,0.3132,0.3142,0.3143,0.3144,0.3145,0.3146,0.3147,0.3148,0.3149,0.315,0.3151,91027.8,286882.2,613292.8,727771.9,585264.7,332829.7,317152.6,256407.5,66505.9,229139,160472.1,153763.9,435709.5,414355.8,291561.5,395783.5,420534.5,234471.8,283778.5,256257.9
57,0.3141,0.314,0.3139,0.3138,0.3137,0.3136,0.3135,0.3134,0.3133,0.3132,0.3142,0.3143,0.3144,0.3145,0.3146,0.3147,0.3148,0.3149,0.315,0.3151,22790.5,179695.4,477491.4,575585.9,496183.4,253330.9,238336.1,234119.7,66505.9,213308.8,170601.8,172442.6,426637.6,413010.3,291559.9,395783.5,420534.5,234471.8,283778.5,259064.4
58,0.314,0.3139,0.3138,0.3137,0.3136,0.3135,0.3134,0.3133,0.3132,0.3131,0.3141,0.3142,0.3143,0.3144,0.3145,0.3146,0.3147,0.3148,0.3149,0.315,138334,476671.9,605035.6,465457.5,254985.1,269417,234119.7,66505.9,213308.8,55529.9,37866,159888.2,180916.7,430315.9,414208.5,290282.8,395783.9,419293.5,282232.8,232590
59,0.3141,0.314,0.3139,0.3138,0.3137,0.3136,0.3135,0.3134,0.3133,0.3132,0.3142,0.3143,0.3144,0.3145,0.3146,0.3147,0.3148,0.3149,0.315,0.3151,187241.3,182429.1,462461,566733.7,545225.6,355109.5,335251,268369.5,114739.7,164592.1,36170.9,159937.1,419193.3,432842.8,292353,395783.9,410913.7,212426,232590,296582.7
60,0.3142,0.3141,0.314,0.3139,0.3138,0.3137,0.3136,0.3135,0.3134,0.3133,0.3143,0.3144,0.3145,0.3146,0.3147,0.3148,0.3149,0.315,0.3151,0.3152,132174,207792.1,294853.2,619659.3,701764,547548.7,346683.6,324051,276760.5,66505.9,84726.9,476360.6,425593.9,292380,386537.5,410913.7,228020.9,255099.7,290522.4,94993.9
61,0.3142,0.3141,0.314,0.3139,0.3138,0.3137,0.3136,0.3135,0.3134,0.3133,0.3143,0.3144,0.3145,0.3146,0.3147,0.3148,0.3149,0.315,0.3151,0.3152,135118.9,203327.3,294852,619807.9,701764,547548.7,346683.6,324051,276760.5,66505.9,39419.2,496981.1,425593.9,292380,386537.5,409672.3,229261.9,255099.7,290522.4,94993.9
62,0.3142,0.3141,0.314,0.3139,0.3138,0.3137,0.3136,0.3135,0.3134,0.3133,0.3143,0.3144,0.3145,0.3146,0.3147,0.3148,0.3149,0.315,0.3151,0.3152,136183.6,201916.7,286094.3,603315.7,701764,547548.7,346685.4,324051,270794,66505.9,73400.2,507421.2,425593.9,292379.6,386087.6,409036.3,230502.9,231732.7,290522.4,94993.9
63,0.3143,0.3142,0.3141,0.314,0.3139,0.3138,0.3137,0.3136,0.3135,0.3134,0.3144,0.3145,0.3146,0.3147,0.3148,0.3149,0.315,0.3151,0.3152,0.3153,137546,220340.2,216248.1,256271.2,603199.2,704744.5,545350.6,319654.8,323476.2,270794,443474.9,472292.1,305892.8,386929.7,409936.3,230502.1,231732.7,313885.4,55447.8,62684.8
64,0.3141,0.314,0.3139,0.3138,0.3137,0.3136,0.3135,0.3134,0.3133,0.3132,0.3142,0.3143,0.3144,0.3145,0.3146,0.3147,0.3148,0.3149,0.315,0.3151,99778.2,257297.2,633284.4,741276.6,548347.4,340698.9,314185.4,265009.4,123458.7,129100.3,119829,198787.6,445798.5,425929.6,308178.8,404131.7,415165.5,211104.8,276377.8,273659.1
65,0.314,0.3139,0.3138,0.3137,0.3136,0.3135,0.3134,0.3133,0.3132,0.3131,0.3141,0.3142,0.3143,0.3144,0.3145,0.3146,0.3147,0.3148,0.3149,0.315,116448.6,659417.2,722213.9,586106.4,339051.7,329267.6,253462.4,150626.5,129100.3,110366.5,88389.6,175835.4,139141.4,446054.9,420867.1,306550.1,402090.7,405876.6,253459.2,233413.5
66,0.3141,0.314,0.3139,0.3138,0.3137,0.3136,0.3135,0.3134,0.3133,0.3132,0.3142,0.3143,0.3144,0.3145,0.3146,0.3147,0.3148,0.3149,0.315,0.3151,99211.3,505687.5,594120.8,743054.3,547931.9,340713.2,329267.6,253462.4,150626.5,129100.3,80897,157650.2,447598.6,420459.8,300225.3,403332.1,404555.6,217075.1,227940.7,369131
67,0.3141,0.314,0.3139,0.3138,0.3137,0.3136,0.3135,0.3134,0.3133,0.3132,0.3142,0.3143,0.3144,0.3145,0.3146,0.3147,0.3148,0.3149,0.315,0.3151,120862.8,506346.6,610496.7,729493,545178.5,344546.7,325600.3,253462.4,165810.7,129100.3,66536.3,134602.6,456496.8,420459.8,299671.6,402091.1,402229.3,217075.1,227940.7,364156.3
68,0.3142,0.3141,0.314,0.3139,0.3138,0.3137,0.3136,0.3135,0.3134,0.3133,0.3143,0.3144,0.3145,0.3146,0.3147,0.3148,0.3149,0.315,0.3151,0.3152,86675.1,286581.5,487632.3,610853.6,703599.5,544387,344546.7,314400.3,253462.4,115851.8,139444.8,474247.2,421065.9,299634.1,402129.3,403550.3,217075.1,225762.4,355483,50341.9
69,0.3142,0.3141,0.314,0.3139,0.3138,0.3137,0.3136,0.3135,0.3134,0.3133,0.3143,0.3144,0.3145,0.3146,0.3147,0.3148,0.3149,0.315,0.3151,0.3152,105196.1,287544.7,495288.7,606062.1,700224.6,548211,339051.7,314400.3,301275.7,72649.8,94014.2,483960.6,430864.3,299971.2,402470.9,403550.3,218316.1,225762.4,361449.5,50341.1
70,0.3142,0.3141,0.314,0.3139,0.3138,0.3137,0.3136,0.3135,0.3134,0.3133,0.3143,0.3144,0.3145,0.3146,0.3147,0.3148,0.3149,0.315,0.3151,0.3152,113990.8,287481.5,663537.9,606062.1,716054.8,549872.7,339051.7,314400.3,301275.7,72649.8,70485,305883.1,430312.7,301212.2,402470.9,401067.5,224362.9,225762.4,361449.5,50339.6
71,0.3142,0.3141,0.314,0.3139,0.3138,0.3137,0.3136,0.3135,0.3134,0.3133,0.3143,0.3144,0.3145,0.3146,0.3147,0.3148,0.3149,0.315,0.3151,0.3152,88888.1,285914.2,675671.8,591246.2,732054.8,549872.7,339051.7,314400.3,301275.7,72649.8,112305.2,320013.6,431578.3,303244.7,401679.4,399746.5,223121.9,227083.2,360110.8,57416.1
72,0.3141,0.314,0.3139,0.3138,0.3137,0.3136,0.3135,0.3134,0.3133,0.3132,0.3142,0.3143,0.3144,0.3145,0.3146,0.3147,0.3148,0.3149,0.315,0.3151,102029.6,654529.4,594340.3,740666.6,550992.3,339051.7,314400.3,252762.4,123523.6,129100.3,128844.1,139674.2,297137.6,424531.8,303222.4,400849.7,401067.4,223121.9,234400.9,381660.7
73,0.3141,0.314,0.3139,0.3138,0.3137,0.3136,0.3135,0.3134,0.3133,0.3132,0.3142,0.3143,0.3144,0.3145,0.3146,0.3147,0.3148,0.3149,0.315,0.3151,5020.4,612967.4,607487.1,709788.9,579783.8,339051.7,314400.3,252762.4,123523.6,129205.1,200771.2,137160.2,302144.2,421480.6,300840.6,406897.5,401067.4,211104.8,282783.4,312464.3
74,0.314,0.3139,0.3138,0.3137,0.3136,0.3135,0.3134,0.3133,0.3132,0.3131,0.3141,0.3142,0.3143,0.3144,0.3145,0.3146,0.3147,0.3148,0.3149,0.315,467785.9,612958.4,718474.9,576294.3,325352.7,329274.3,241147.1,109129.9,188767.7,97579.7,84240.7,185388.3,124199.4,304901.9,422814,300787.4,406897.5,399746.5,212549.5,297041.2
75,0.314,0.3139,0.3138,0.3137,0.3136,0.3135,0.3134,0.3133,0.3132,0.3131,0.3141,0.3142,0.3143,0.3144,0.3145,0.3146,0.3147,0.3148,0.3149,0.315,447253.1,612417.1,733619.3,571976.1,325352.7,329274.3,241147.1,109129.9,188767.7,97364.8,96000.5,189175.2,127324.9,302306.3,421486,300787.4,408218.7,399851.3,212444.8,275477.4
76,0.314,0.3139,0.3138,0.3137,0.3136,0.3135,0.3134,0.3133,0.3132,0.3131,0.3141,0.3142,0.3143,0.3144,0.3145,0.3146,0.3147,0.3148,0.3149,0.315,426115.8,613372.3,764731.5,571158.1,342911.9,328592.4,244436.3,113597.9,188767.7,63921.4,102011.1,188233.8,128516.6,304843.1,420726.6,306837.2,402275.7,399746.5,254977.5,226620
77,0.3141,0.314,0.3139,0.3138,0.3137,0.3136,0.3135,0.3134,0.3133,0.3132,0.3142,0.3143,0.3144,0.3145,0.3146,0.3147,0.3148,0.3149,0.315,0.3151,67166.5,620407.6,620683.3,770074,549574.5,326120.4,328592.4,256096,159978,144524.1,147503,128353.9,292783.8,420689.1,300787.4,404759.3,399746.5,254977.5,239927.5,292352.2
78,0.3141,0.314,0.3139,0.3138,0.3137,0.3136,0.3135,0.3134,0.3133,0.3132,0.3142,0.3143,0.3144,0.3145,0.3146,0.3147,0.3148,0.3149,0.315,0.3151,93030.6,604850.1,640040.6,746073.7,573574.5,326225.1,327252.7,255991.2,159978,144524.1,132324.4,142102.8,287917.1,425905.1,299687.6,404654.5,399746.5,254977.5,232590.3,287492.2
79,0.3141,0.314,0.3139,0.3138,0.3137,0.3136,0.3135,0.3134,0.3133,0.3132,0.3142,0.3143,0.3144,0.3145,0.3146,0.3147,0.3148,0.3149,0.315,0.3151,156725.8,640375.1,628167.2,763369,553503.5,327782,323363.8,256206.1,159978,144309.2,66162,144884.5,270231.8,425969.4,300479.1,400849.7,403550.7,212444.8,232590.3,338645.3
80,0.3141,0.314,0.3139,0.3138,0.3137,0.3136,0.3135,0.3134,0.3133,0.3132,0.3142,0.3143,0.3144,0.3145,0.3146,0.3147,0.3148,0.3149,0.315,0.3151,105349.6,636710.7,634976.1,760708.5,550722.2,326442.3,323363.8,256206.1,159978,144309.2,64402.5,147867,306783.1,425969.4,300479.1,400849.7,403550.7,212444.8,232590.3,329970.5
81,0.3141,0.314,0.3139,0.3138,0.3137,0.3136,0.3135,0.3134,0.3133,0.3132,0.3142,0.3143,0.3144,0.3145,0.3146,0.3147,0.3148,0.3149,0.315,0.3151,105972.6,636248.7,643930.8,752867.5,549930.7,326442.3,323363.8,256206.1,159978,144309.2,50831.1,126769.6,309487.8,425969.4,300271.4,400849.7,403550.7,212444.8,232590.3,329970.5
82,0.3141,0.314,0.3139,0.3138,0.3137,0.3136,0.3135,0.3134,0.3133,0.3132,0.3142,0.3143,0.3144,0.3145,0.3146,0.3147,0.3148,0.3149,0.315,0.3151,96927.3,635695.7,634136.3,761500,549825.9,326442.3,312163.8,256206.1,103630.8,144309.2,120429.4,155446.3,300677,426520.4,300166.8,403332.5,401067.9,211104.8,231732.7,352892.5
83,0.3141,0.314,0.3139,0.3138,0.3137,0.3136,0.3135,0.3134,0.3133,0.3132,0.3142,0.3143,0.3144,0.3145,0.3146,0.3147,0.3148,0.3149,0.315,0.3151,94092.4,633488.8,627325.8,765500,549825.9,324780.7,312163.8,256206.1,103630.8,144309.2,147784.2,146440.4,300675.6,425968,300166.8,408137.7,401067.9,211104.8,287085.3,289369.8
84,0.3141,0.314,0.3139,0.3138,0.3137,0.3136,0.3135,0.3134,0.3133,0.3132,0.3142,0.3143,0.3144,0.3145,0.3146,0.3147,0.3148,0.3149,0.315,0.3151,120067.5,637305.8,633300.3,760708.5,550617.4,324780.7,312163.8,256206.1,103630.8,144309.2,108306,175639.3,301439.9,425968,300166.8,408137.7,401067.9,211104.8,278444.2,290933.1
85,0.3141,0.314,0.3139,0.3138,0.3137,0.3136,0.3135,0.3134,0.3133,0.3132,0.3142,0.3143,0.3144,0.3145,0.3146,0.3147,0.3148,0.3149,0.315,0.3151,135067.5,634682,626395.6,753262.5,565656.1,326439.9,327994,256206.1,103630.8,144309.2,96994.6,147899.5,309067.1,425969.4,300958.3,400849.7,403550.7,211104.8,278444.2,290932.3
86,0.314,0.3139,0.3138,0.3137,0.3136,0.3135,0.3134,0.3133,0.3132,0.3131,0.3141,0.3142,0.3143,0.3144,0.3145,0.3146,0.3147,0.3148,0.3149,0.315,460757.8,685152,747768.8,557952.1,330257.8,339194,267573.7,146707.1,144309.2,77421.6,49342.5,179691.9,136377.4,302451.6,416686.8,302345.3,406474.5,400987.9,211104.8,281972.3
87,0.314,0.3139,0.3138,0.3137,0.3136,0.3135,0.3134,0.3133,0.3132,0.3131,0.3141,0.3142,0.3143,0.3144,0.3145,0.3146,0.3147,0.3148,0.3149,0.315,455338.5,667051.6,747768.8,557952.1,330257.8,339194,267358.8,146707.1,144524.1,77206.7,51734.1,154447.6,147016.2,300502.6,416686.8,302345.3,406685.5,400987.9,212444.6,281972.3
88,0.3141,0.314,0.3139,0.3138,0.3137,0.3136,0.3135,0.3134,0.3133,0.3132,0.3142,0.3143,0.3144,0.3145,0.3146,0.3147,0.3148,0.3149,0.315,0.3151,99250.5,630502.6,651500.5,759196.5,541935.8,330257.8,339194,265411.9,146707.1,144524.1,66928.7,157936.7,341670.3,411828.7,302382.5,410409.7,399746.5,212444.6,279301.8,304342.6
89,0.3141,0.314,0.3139,0.3138,0.3137,0.3136,0.3135,0.3134,0.3133,0.3132,0.3142,0.3143,0.3144,0.3145,0.3146,0.3147,0.3148,0.3149,0.315,0.3151,137275.7,613286.7,669061.4,741635.6,541935.8,330257.8,339194,265411.9,146707.1,144524.1,65266.1,181998.7,284522.6,411828.7,302382.5,410198.7,399746.5,212444.6,279301.8,288256.2
90,0.3142,0.3141,0.314,0.3139,0.3138,0.3137,0.3136,0.3135,0.3134,0.3133,0.3143,0.3144,0.3145,0.3146,0.3147,0.3148,0.3149,0.315,0.3151,0.3152,149320,308910.7,632893.9,649518.8,722778.4,504203.7,326440.3,327994,302982.7,57250.7,60312.8,328981.4,428339.2,324790.8,407753.5,399746.5,214926.6,231732.7,298789.8,48102.6
91,0.3143,0.3142,0.3141,0.314,0.3139,0.3138,0.3137,0.3136,0.3135,0.3134,0.3144,0.3145,0.3146,0.3147,0.3148,0.3149,0.315,0.3151,0.3152,0.3153,40247.6,201950.2,324322.3,613909.9,632162.8,699117.8,504203.7,313580.7,328208.8,285893.4,290819.5,464016.9,326021.8,391758,417124.8,213586.8,233071.6,297235.8,38570.6,91404.7
92,0.3143,0.3142,0.3141,0.314,0.3139,0.3138,0.3137,0.3136,0.3135,0.3134,0.3144,0.3145,0.3146,0.3147,0.3148,0.3149,0.315,0.3151,0.3152,0.3153,51610.6,207076.7,339232.2,623464.4,644364.5,702939.1,502060,313580.7,328208.8,285893.4,280975.3,465596,334065.7,391758,417916.3,213586.8,233071.6,297235.8,37637.8,98773.7
93,0.3143,0.3142,0.3141,0.314,0.3139,0.3138,0.3137,0.3136,0.3135,0.3134,0.3144,0.3145,0.3146,0.3147,0.3148,0.3149,0.315,0.3151,0.3152,0.3153,123209.1,211472.2,354790.3,597909.9,644364.5,702939.1,502059.5,313580.7,378840.6,242771.3,259876.1,460870.5,333876.8,415004.1,402705.9,211104.8,250817.5,297235.8,37637.8,98773.7
94,0.3143,0.3142,0.3141,0.314,0.3139,0.3138,0.3137,0.3136,0.3135,0.3134,0.3144,0.3145,0.3146,0.3147,0.3148,0.3149,0.315,0.3151,0.3152,0.3153,130322.1,243937,330823.9,594533.4,648708.4,700778.6,500398.8,328771.6,378840.6,227242.2,228256.1,405359,358167.2,393082.3,401914.4,217860.9,252058.1,246760,43602.4,137672.2
95,0.3143,0.3142,0.3141,0.314,0.3139,0.3138,0.3137,0.3136,0.3135,0.3134,0.3144,0.3145,0.3146,0.3147,0.3148,0.3149,0.315,0.3151,0.3152,0.3153,124449.4,264403.4,264386.5,594501.5,648708.6,700778.6,499498.8,328771.6,378840.6,227242.2,220701.4,416298.6,361261.8,393061.1,403133.8,217860.9,250817.5,246760,43602.4,137672.2
96,0.3143,0.3142,0.3141,0.314,0.3139,0.3138,0.3137,0.3136,0.3135,0.3134,0.3144,0.3145,0.3146,0.3147,0.3148,0.3149,0.315,0.3151,0.3152,0.3153,4220.2,197239.6,313253.4,619246.7,576595.3,620184.4,488298.8,307227.5,260345.7,309162.6,191447.4,568647.3,415372.6,421091.5,401346.4,217069.4,266793.1,246760,97140,111071.2
97,0.3143,0.3142,0.3141,0.314,0.3139,0.3138,0.3137,0.3136,0.3135,0.3134,0.3144,0.3145,0.3146,0.3147,0.3148,0.3149,0.315,0.3151,0.3152,0.3153,2380.8,198019.6,338806.4,593694,576041.7,620184.4,488298.8,307227.5,260345.7,309162.6,170937.4,568666.9,415372.6,421091.5,401346.4,218310,265654,246760,97140,108811.5
98,0.3142,0.3141,0.314,0.3139,0.3138,0.3137,0.3136,0.3135,0.3134,0.3133,0.3143,0.3144,0.3145,0.3146,0.3147,0.3148,0.3149,0.315,0.3151,0.3152,175903,294556.9,634202.8,560781.8,620184.4,499498.8,334268.5,368207.4,310557.4,58505.3,71089.2,205779.7,526903.5,395052.6,430249.9,399725.3,227914.2,265552.5,246760,105681
99,0.3142,0.3141,0.314,0.3139,0.3138,0.3137,0.3136,0.3135,0.3134,0.3133,0.3143,0.3144,0.3145,0.3146,0.3147,0.3148,0.3149,0.315,0.3151,0.3152,148947.1,283183.6,618205,573229.2,624058.5,499498.8,334268.5,368207.4,279638.3,57248.8,104308.2,242541.3,501447.9,388323.9,424625.1,400966.3,227914.2,265552.5,305933.9,40767.8
100,0.3141,0.314,0.3139,0.3138,0.3137,0.3136,0.3135,0.3134,0.3133,0.3132,0.3142,0.3143,0.3144,0.3145,0.3146,0.3147,0.3148,0.3149,0.315,0.3151,104027.3,623661.9,582475.8,621877.4,505475,345468.5,352415.9,300105,72518.4,162096.2,121212.1,192200.1,228079.1,462386.4,382239.6,425135,417657,226673.6,289329,247832.8
101,0.3141,0.314,0.3139,0.3138,0.3137,0.3136,0.3135,0.3134,0.3133,0.3132,0.3142,0.3143,0.3144,0.3145,0.3146,0.3147,0.3148,0.3149,0.315,0.3151,70214.5,615502.1,534498,643439,505475,345468.5,352415.9,300105,72518.4,161157.5,127533.4,206058.4,227456.3,458581.9,380844.8,425135,422461,217069.4,289329,264803.1
102,0.3141,0.314,0.3139,0.3138,0.3137,0.3136,0.3135,0.3134,0.3133,0.3132,0.3142,0.3143,0.3144,0.3145,0.3146,0.3147,0.3148,0.3149,0.315,0.3151,83687.9,609524,581826.9,621877.4,505475,345468.5,352415.9,300105,72518.4,161157.5,114300.8,191053.7,253456.1,448163.7,380845.2,426376.4,421220,217069.4,289329,257438.6
103,0.3141,0.314,0.3139,0.3138,0.3137,0.3136,0.3135,0.3134,0.3133,0.3132,0.3142,0.3143,0.3144,0.3145,0.3146,0.3147,0.3148,0.3149,0.315,0.3151,92528.5,609391.8,597931.6,605877.4,505475,345468.5,352415.9,300105,72518.4,161157.5,101633.7,170130.2,263335.7,446922.7,380845.2,426376.4,422461.4,217069.4,289329,248765.9
104,0.3141,0.314,0.3139,0.3138,0.3137,0.3136,0.3135,0.3134,0.3133,0.3132,0.3142,0.3143,0.3144,0.3145,0.3146,0.3147,0.3148,0.3149,0.315,0.3151,145060.3,609358.2,598485.6,605877.4,504683.5,345468.5,352415.9,300105,72518.4,161157.5,26674.3,119217.4,259053.9,468305.2,382166.1,426376.4,422461.4,217069.4,289329,254734.3
105,0.3142,0.3141,0.314,0.3139,0.3138,0.3137,0.3136,0.3135,0.3134,0.3133,0.3143,0.3144,0.3145,0.3146,0.3147,0.3148,0.3149,0.315,0.3151,0.3152,172451.7,305488.7,618465.5,564134.7,608141.9,499498.8,334268.5,368120.8,278243.5,57248.8,63408.2,144256.3,604245.4,392140.2,427349.4,400966.7,235079.6,244317.9,253661.5,121820.6
106,0.3142,0.3141,0.314,0.3139,0.3138,0.3137,0.3136,0.3135,0.3134,0.3133,0.3143,0.3144,0.3145,0.3146,0.3147,0.3148,0.3149,0.315,0.3151,0.3152,174604.4,303574.5,614465.5,564134.7,609799.9,499498.8,334268.5,368120.8,278243.5,57248.8,51229.3,151011.4,604245.4,392140.2,420627.8,400966.7,235079.6,244317.9,252728.4,122753.3
107,0.3143,0.3142,0.3141,0.314,0.3139,0.3138,0.3137,0.3136,0.3135,0.3134,0.3144,0.3145,0.3146,0.3147,0.3148,0.3149,0.315,0.3151,0.3152,0.3153,76523.9,235153.5,332845.6,597793,537797.1,609799.9,499498.8,334268.5,368120.8,278243.5,108060.9,603261.3,401748.4,420606.4,401004,235079.6,244317.9,252728.4,89484.8,74660.8
108,0.3143,0.3142,0.3141,0.314,0.3139,0.3138,0.3137,0.3136,0.3135,0.3134,0.3144,0.3145,0.3146,0.3147,0.3148,0.3149,0.315,0.3151,0.3152,0.3153,137644.3,223746,318776.9,573028.1,559577.1,609799.9,499498.8,334268.5,334586.6,227242.2,72850.5,565288.6,430966.6,420606.4,401794.7,233838.6,244317.9,252728.4,88552.1,75593.1
109,0.3143,0.3142,0.3141,0.314,0.3139,0.3138,0.3137,0.3136,0.3135,0.3134,0.3144,0.3145,0.3146,0.3147,0.3148,0.3149,0.315,0.3151,0.3152,0.3153,162810.4,229642.5,306774.2,573581.7,559577.1,609799.9,499498.8,334268.5,334586.6,227242.2,104644.5,473980.5,544736.7,424963.8,400554.1,232598,246799.1,252728.4,88552.1,84259.7
110,0.3143,0.3142,0.3141,0.314,0.3139,0.3138,0.3137,0.3136,0.3135,0.3134,0.3144,0.3145,0.3146,0.3147,0.3148,0.3149,0.315,0.3151,0.3152,0.3153,147081.9,220073.2,290774.2,570696.7,563370.1,606012.1,499498.8,334268.5,334586.6,227242.2,93793,440840.4,560633.9,422304,401874.3,232598,246799.1,254066.8,88552.1,84258.4
111,0.3143,0.3142,0.3141,0.314,0.3139,0.3138,0.3137,0.3136,0.3135,0.3134,0.3144,0.3145,0.3146,0.3147,0.3148,0.3149,0.315,0.3151,0.3152,0.3153,126987.7,213594.4,297223,571250.3,563370.1,606012.1,499498.8,334268.5,334586.6,227242.2,87901.9,449490.4,551057,421512.5,401874.3,217860.9,262247,254066.8,88552.1,75593.1
112,0.3143,0.3142,0.3141,0.314,0.3139,0.3138,0.3137,0.3136,0.3135,0.3134,0.3144,0.3145,0.3146,0.3147,0.3148,0.3149,0.315,0.3151,0.3152,0.3153,87944.3,199380.5,309223,580249.4,563370.1,606012.1,499498.8,334268.5,334586.6,228180.2,95212.6,458848.1,566429.8,418331.4,403114.9,218310,259765.8,254066.8,88552.1,105760.5
113,0.3143,0.3142,0.3141,0.314,0.3139,0.3138,0.3137,0.3136,0.3135,0.3134,0.3144,0.3145,0.3146,0.3147,0.3148,0.3149,0.315,0.3151,0.3152,0.3153,136801.1,212280.5,305874.8,570350.3,562670.1,605312.1,499498.8,334268.5,334586.6,228180.2,37107.6,466708.4,556877.1,419122.9,403114.9,218310,259765.8,254066.8,88552.1,91745.4
114,0.3144,0.3143,0.3142,0.3141,0.314,0.3139,0.3138,0.3137,0.3136,0.3135,0.3145,0.3146,0.3147,0.3148,0.3149,0.315,0.3151,0.3152,0.3153,0.3154,111339.1,249437,235568.9,248276.9,586180.5,562670.1,605314.6,488298.8,334268.5,322146.4,427489.3,543274.5,463386.6,402350.4,219140.2,261797.9,254066.8,88552.1,75452.3,85550.8
115,0.3145,0.3144,0.3143,0.3142,0.3141,0.314,0.3139,0.3138,0.3137,0.3136,0.3146,0.3147,0.3148,0.3149,0.315,0.3151,0.3152,0.3153,0.3154,0.3155,112606.6,341599.3,663653.7,534468.6,466164.6,410904.6,416849,283971.2,288538,217254.1,68536.5,583396.5,632348.5,603988.8,485117,321725,259732.1,86125,95688,72366.6
116,0.3145,0.3144,0.3143,0.3142,0.3141,0.314,0.3139,0.3138,0.3137,0.3136,0.3146,0.3147,0.3148,0.3149,0.315,0.3151,0.3152,0.3153,0.3154,0.3155,117975.1,318675.5,646715,545128.5,461190.9,405168,416847.4,283971.2,288996,217254.1,46161.3,233448,613230.3,625378.8,486379.2,319538.7,272270.5,261847.1,95688,78734.4
117,0.3145,0.3144,0.3143,0.3142,0.3141,0.314,0.3139,0.3138,0.3137,0.3136,0.3146,0.3147,0.3148,0.3149,0.315,0.3151,0.3152,0.3153,0.3154,0.3155,140262.4,333736.3,638714.4,540762.6,462510.3,405168,415527.8,289932,272394.5,218648.9,64346.5,234982.3,613230.3,621513.8,486379.2,319538.7,301473.1,290410,95688,79665.9
118,0.3146,0.3145,0.3144,0.3143,0.3142,0.3141,0.314,0.3139,0.3138,0.3137,0.3147,0.3148,0.3149,0.315,0.3151,0.3152,0.3153,0.3154,0.3155,0.3156,128459.2,289377.3,348045.7,612751.4,487918,478092.4,406825.8,413870.4,291269.6,266435.5,56647,632906.4,660832.4,497368.6,333181.2,305299.1,290040,113475.5,63741.6,32742.6
119,0.3147,0.3146,0.3145,0.3144,0.3143,0.3142,0.3141,0.314,0.3139,0.3138,0.3148,0.3149,0.315,0.3151,0.3152,0.3153,0.3154,0.3155,0.3156,0.3157,128116.1,234457,265527.5,302234.5,581176.1,456328.9,468318.4,395305.2,413870.4,283971.2,442685.7,670813,527115.6,333160.2,306226.3,276864.3,71244,82565.3,65945.9,90234.3
120,0.3147,0.3146,0.3145,0.3144,0.3143,0.3142,0.3141,0.314,0.3139,0.3138,0.3148,0.3149,0.315,0.3151,0.3152,0.3153,0.3154,0.3155,0.3156,0.3157,185800.3,255293.8,187802.6,283897.5,580611,491157.5,466659.9,389346.2,457332.9,234468.6,385567.5,657878.4,532914.8,326022.7,317346.2,275177,73722,82565.3,65945.9,81577.6
121,0.3147,0.3146,0.3145,0.3144,0.3143,0.3142,0.3141,0.314,0.3139,0.3138,0.3148,0.3149,0.315,0.3151,0.3152,0.3153,0.3154,0.3155,0.3156,0.3157,201500.3,263416.6,185008,287736.1,582269.5,487430.9,467577,404701,457547.3,235863.4,405046.1,668120.8,506446.7,315383.3,306364.4,275177,74844.2,102679,65945.9,58755.7
122,0.3147,0.3146,0.3145,0.3144,0.3143,0.3142,0.3141,0.314,0.3139,0.3138,0.3148,0.3149,0.315,0.3151,0.3152,0.3153,0.3154,0.3155,0.3156,0.3157,187019.4,274919.7,194544.3,287736.1,582269.5,489713.1,465294.8,428047,434184.3,235863.4,361514.1,665430.9,512105.1,314591.8,307701,275968.5,74844.2,97985.4,65945.9,50104.4
123,0.3147,0.3146,0.3145,0.3144,0.3143,0.3142,0.3141,0.314,0.3139,0.3138,0.3148,0.3149,0.315,0.3151,0.3152,0.3153,0.3154,0.3155,0.3156,0.3157,190486.3,254645,185008,287577,582822.4,489160.2,465294.8,434004.1,434184.3,235863.4,359197.2,670505.7,515282.2,311414.7,307701,277175.8,73605.2,97985.4,65945.9,58755.5
124,0.3147,0.3146,0.3145,0.3144,0.3143,0.3142,0.3141,0.314,0.3139,0.3138,0.3148,0.3149,0.315,0.3151,0.3152,0.3153,0.3154,0.3155,0.3156,0.3157,186615.4,238645,195194.7,287577,582821.5,484060.6,452756.4,434004.1,434184.3,235863.4,368365.4,675399.8,515328.2,330910.5,315489.9,278383.1,77158.8,93192.8,65945.9,68679
125,0.3147,0.3146,0.3145,0.3144,0.3143,0.3142,0.3141,0.314,0.3139,0.3138,0.3148,0.3149,0.315,0.3151,0.3152,0.3153,0.3154,0.3155,0.3156,0.3157,212925.5,238803.7,190594.8,287577,582821.5,484060.6,452756.4,428047,434184.3,235863.4,345439.4,506333.7,556681.8,330910.5,314212.6,277591.6,77950.3,93192.8,65945.9,58755.9
126,0.3147,0.3146,0.3145,0.3144,0.3143,0.3142,0.3141,0.314,0.3139,0.3138,0.3148,0.3149,0.315,0.3151,0.3152,0.3153,0.3154,0.3155,0.3156,0.3157,209646.6,238645,190594.8,287576.9,582821.3,484060.6,452756.4,428047,435579.1,234468.6,330975.2,650234.9,556440.1,312248,306072.5,278798.9,77950.3,93192.8,65945.9,58754.5
127,0.3147,0.3146,0.3145,0.3144,0.3143,0.3142,0.3141,0.314,0.3139,0.3138,0.3148,0.3149,0.315,0.3151,0.3152,0.3153,0.3154,0.3155,0.3156,0.3157,170099.8,246871.9,190494.8,290654.9,591502,479118.3,449400.4,429441.8,433248.2,234468.6,276558.7,644163.5,562435.7,343330.4,240497.8,278798.9,73157.7,93192.8,65945.9,65718.6
128,0.3147,0.3146,0.3145,0.3144,0.3143,0.3142,0.3141,0.314,0.3139,0.3138,0.3148,0.3149,0.315,0.3151,0.3152,0.3153,0.3154,0.3155,0.3156,0.3157,91162.5,260176.1,180723.4,288129.9,590183.1,479118.3,450718.6,412052.9,433248.2,240425.7,292958.4,697230.1,527697.4,329802.1,317784.7,277591.6,71029.5,100155.7,74563.4,64572.8
129,0.3147,0.3146,0.3145,0.3144,0.3143,0.3142,0.3141,0.314,0.3139,0.3138,0.3148,0.3149,0.315,0.3151,0.3152,0.3153,0.3154,0.3155,0.3156,0.3157,136072.8,238499.9,216978.4,287833.8,590183.1,479118.3,450718.6,410658.1,434428.6,240425.7,291971,698220.2,527697.4,330593.6,317784.7,275592.8,71029.5,100155.7,65945.9,67014.8
130,0.3147,0.3146,0.3145,0.3144,0.3143,0.3142,0.3141,0.314,0.3139,0.3138,0.3148,0.3149,0.315,0.3151,0.3152,0.3153,0.3154,0.3155,0.3156,0.3157,133322.1,249407.3,203482.5,287833.9,590183.1,478183.1,451654.1,410658.1,434428.6,240425.7,286657.9,688681.5,537069.5,330593.6,317784.7,276863.5,71029.5,100155.7,65945.9,52793.9
131,0.3147,0.3146,0.3145,0.3144,0.3143,0.3142,0.3141,0.314,0.3139,0.3138,0.3148,0.3149,0.315,0.3151,0.3152,0.3153,0.3154,0.3155,0.3156,0.3157,173211.1,254202,206727.3,309973.3,590183.1,478183.1,450718.6,410658.1,435364.7,240425.7,234204.8,671013.6,536547.3,341370.4,317784.7,277655,71029.5,100370.1,65945.9,49884.4
132,0.3147,0.3146,0.3145,0.3144,0.3143,0.3142,0.3141,0.314,0.3139,0.3138,0.3148,0.3149,0.315,0.3151,0.3152,0.3153,0.3154,0.3155,0.3156,0.3157,104157.2,276914.4,309752.2,677444.9,504271.5,438127.2,449400.4,410658.1,267104.2,240425.7,50253.1,657051,629434.9,482751.8,317784.7,334363,260529,100370.1,65945.9,55514.4
133,0.315,0.3149,0.3148,0.3147,0.3146,0.3145,0.3144,0.3143,0.3142,0.3141,0.3151,0.3152,0.3153,0.3154,0.3155,0.3156,0.3157,0.3158,0.3159,0.316,91610.3,202887.1,117022.5,148717.5,513750.3,482326.5,461842.9,472593.6,470591,264321.6,453276.1,529048.2,500233.8,272186,266344.5,224392.8,63717.5,58795.4,101874.7,54558.9
134,0.315,0.3149,0.3148,0.3147,0.3146,0.3145,0.3144,0.3143,0.3142,0.3141,0.3151,0.3152,0.3153,0.3154,0.3155,0.3156,0.3157,0.3158,0.3159,0.316,50909.4,221458.8,242778.4,461911.7,597489,620737.5,530911.2,436617.2,304583.9,298237.3,440378.3,697330.1,572220.9,340652.8,336733.5,241676.8,79931.2,90981.5,108040.3,50570.8
135,0.3149,0.3148,0.3147,0.3146,0.3145,0.3144,0.3143,0.3142,0.3141,0.314,0.315,0.3151,0.3152,0.3153,0.3154,0.3155,0.3156,0.3157,0.3158,0.3159,79197.7,272459.6,452467.7,598831.6,625263.2,558531.3,421461.1,255433.4,313715.3,232479.5,144916.9,795727.6,696985.8,565557,331816.3,290074.7,237826.9,61174.7,84405.8,58625.9
136,0.3148,0.3147,0.3146,0.3145,0.3144,0.3143,0.3142,0.3141,0.314,0.3139,0.3149,0.315,0.3151,0.3152,0.3153,0.3154,0.3155,0.3156,0.3157,0.3158,67364.2,474838.6,618781.4,611159.3,562337.9,510243.9,274483.2,280520.6,232479.5,247055.1,182451.2,356185.5,774982.6,656145.2,500230.9,270108.5,278242.2,226522.5,102646.4,34766.1
137,0.3147,0.3146,0.3145,0.3144,0.3143,0.3142,0.3141,0.314,0.3139,0.3138,0.3148,0.3149,0.315,0.3151,0.3152,0.3153,0.3154,0.3155,0.3156,0.3157,283381.5,595045.4,649505.9,560680.3,510243.9,347654.1,319441.9,248575.3,296880,202586,90311.4,240917.6,309684.8,776742.7,640725.5,465172.3,285438.1,267042.2,211064.6,113909.4
138,0.3147,0.3146,0.3145,0.3144,0.3143,0.3142,0.3141,0.314,0.3139,0.3138,0.3148,0.3149,0.315,0.3151,0.3152,0.3153,0.3154,0.3155,0.3156,0.3157,262394.6,599045.4,648247.1,560680.3,510243.9,346318.6,319441.9,260238.7,299152.7,202371.7,93279.5,238646.5,319273.8,768649.1,654600.2,463589.3,282896,267042.2,211279,112161.8
139,0.3148,0.3147,0.3146,0.3145,0.3144,0.3143,0.3142,0.3141,0.314,0.3139,0.3149,0.315,0.3151,0.3152,0.3153,0.3154,0.3155,0.3156,0.3157,0.3158,117591.8,438884.4,636341,615140.4,560680.3,510227.7,330562.4,265444.1,266015.6,247055.1,149342.1,348760.1,777451,653873.9,483404.2,284166.7,267041.8,211279,102646.4,77663
140,0.3148,0.3147,0.3146,0.3145,0.3144,0.3143,0.3142,0.3141,0.314,0.3139,0.3149,0.315,0.3151,0.3152,0.3153,0.3154,0.3155,0.3156,0.3157,0.3158,112967,416644.8,626908.5,615140.4,560680.3,510227.7,330562.4,265444.1,266050.5,247055.1,141906.9,329763.7,777451,666882.4,483404.2,284166.7,267041.8,211279,102646.4,73940.8
141,0.3148,0.3147,0.3146,0.3145,0.3144,0.3143,0.3142,0.3141,0.314,0.3139,0.3149,0.315,0.3151,0.3152,0.3153,0.3154,0.3155,0.3156,0.3157,0.3158,97012.1,462816,618127.4,610816.2,559361.8,509829,273676.7,265444.1,242669.6,247055.1,106682.1,336371.4,792048.3,660055.1,539282.5,279798.6,280719,226354.1,102646.4,43631.6
142,0.3148,0.3147,0.3146,0.3145,0.3144,0.3143,0.3142,0.3141,0.314,0.3139,0.3149,0.315,0.3151,0.3152,0.3153,0.3154,0.3155,0.3156,0.3157,0.3158,53955,440397.5,648862.9,612925.5,559361.8,509829,273676.7,265444.1,242669.6,247055.1,125776.4,333976.8,792048.9,660607.9,539282.5,279798.6,275927.4,231145.6,102646.4,46778.6
143,0.3148,0.3147,0.3146,0.3145,0.3144,0.3143,0.3142,0.3141,0.314,0.3139,0.3149,0.315,0.3151,0.3152,0.3153,0.3154,0.3155,0.3156,0.3157,0.3158,84497,472832,624602.3,590005.5,561019.8,509829,273676.7,265444.1,241733.9,247991.1,124822.7,340329,792049,660055.1,539282.5,273450.5,275927.4,231145.6,102646.4,64428.7
144,0.3149,0.3148,0.3147,0.3146,0.3145,0.3144,0.3143,0.3142,0.3141,0.314,0.315,0.3151,0.3152,0.3153,0.3154,0.3155,0.3156,0.3157,0.3158,0.3159,136973.9,303777.3,427742.8,598288,583185,559297.3,467624.9,269616.6,317057.2,184439.9,89718.7,787928.1,667008.9,559464.2,342341.8,346162.6,231145.6,102646.4,34980.5,57765.6
145,0.3149,0.3148,0.3147,0.3146,0.3145,0.3144,0.3143,0.3142,0.3141,0.314,0.315,0.3151,0.3152,0.3153,0.3154,0.3155,0.3156,0.3157,0.3158,0.3159,137354,306132.8,445949.1,597735.3,565258,561316.5,436764.2,269616.6,315934.7,185375.5,80304.7,626953.4,678515.2,665072.5,495586.1,278701.4,244820.6,59968.6,81840.4,67061.9
146,0.3149,0.3148,0.3147,0.3146,0.3145,0.3144,0.3143,0.3142,0.3141,0.314,0.315,0.3151,0.3152,0.3153,0.3154,0.3155,0.3156,0.3157,0.3158,0.3159,152957.8,322206.4,416046.3,568812.3,564705.2,506974.5,424116.6,269616.6,315934.7,219090.7,61618.1,601765.6,674377.6,658125,517933.6,321238.9,256692.9,61206.4,34117.1,102990.7
147,0.315,0.3149,0.3148,0.3147,0.3146,0.3145,0.3144,0.3143,0.3142,0.3141,0.3151,0.3152,0.3153,0.3154,0.3155,0.3156,0.3157,0.3158,0.3159,0.316,1741,235447.9,292977.9,417268.4,550411.6,540448.6,491736.5,436764.2,269616.6,315934.7,463300.9,684014.3,672793.9,516331.5,348485,255824.2,71390.4,60111.5,102990.7,75982.4
148,0.3149,0.3148,0.3147,0.3146,0.3145,0.3144,0.3143,0.3142,0.3141,0.314,0.315,0.3151,0.3152,0.3153,0.3154,0.3155,0.3156,0.3157,0.3158,0.3159,95056.3,300189.5,442024.8,551203.1,542106.1,563959.7,436764.2,269616.6,315934.7,219088.8,99857.7,606084.2,648891.6,673057.3,516331.5,348485,237554.1,61206.4,79095.7,64518.1
149,0.3149,0.3148,0.3147,0.3146,0.3145,0.3144,0.3143,0.3142,0.3141,0.314,0.315,0.3151,0.3152,0.3153,0.3154,0.3155,0.3156,0.3157,0.3158,0.3159,106343.5,286445.5,450752,549808.4,543309.1,563959.7,447964.2,282321.8,315934.7,219088.8,101228.2,634101.3,634056.4,635851.7,509985.1,323467.2,226354.1,59968.6,87287.5,60793.6
150,0.315,0.3149,0.3148,0.3147,0.3146,0.3145,0.3144,0.3143,0.3142,0.3141,0.3151,0.3152,0.3153,0.3154,0.3155,0.3156,0.3157,0.3158,0.3159,0.316,130298.7,216737.2,272035.4,415146.5,549016.9,540448.6,470700.2,424116.6,269616.6,315934.7,439758.1,641734.4,656102.4,504838.9,344148.8,263208.1,82461,95246.6,58415.2,70134.6
151,0.315,0.3149,0.3148,0.3147,0.3146,0.3145,0.3144,0.3143,0.3142,0.3141,0.3151,0.3152,0.3153,0.3154,0.3155,0.3156,0.3157,0.3158,0.3159,0.316,189812.5,235351.8,226180.1,418953.9,552388.1,522915.9,474977,422780.8,295403,292567.8,60924.2,633011.4,654231.8,557174.8,341606.1,286562.1,277963.2,78711.3,114063.7,73498.8
152,0.315,0.3149,0.3148,0.3147,0.3146,0.3145,0.3144,0.3143,0.3142,0.3141,0.3151,0.3152,0.3153,0.3154,0.3155,0.3156,0.3157,0.3158,0.3159,0.316,242581.6,167921.8,231042.8,402472.4,552388,513838.5,473320.9,422780.8,295403,292567.8,52074.8,604373.4,654241.8,558379.5,341606.1,284117.8,277963.2,62818.4,66350.7,115102.4
153,0.3152,0.3151,0.315,0.3149,0.3148,0.3147,0.3146,0.3145,0.3144,0.3143,0.3153,0.3154,0.3155,0.3156,0.3157,0.3158,0.3159,0.316,0.3161,0.3162,142149.2,244389.7,194269.4,268486.6,536379.7,280452.9,423615.1,403061.1,494048.5,246584,494348.7,582378.4,543078.2,323423.6,322380.3,263181.1,76160,74164.1,110174.7,74214.5
154,0.3151,0.315,0.3149,0.3148,0.3147,0.3146,0.3145,0.3144,0.3143,0.3142,0.3152,0.3153,0.3154,0.3155,0.3156,0.3157,0.3158,0.3159,0.316,0.3161,92695.6,223342.5,268158.9,541808.8,311999.9,453062.8,422353.1,464282.4,301529.8,281374.7,83736.9,643819.5,706598.3,534204.6,332327.6,348482.5,277181.5,88487.5,91196.4,75846.1
155,0.3151,0.315,0.3149,0.3148,0.3147,0.3146,0.3145,0.3144,0.3143,0.3142,0.3152,0.3153,0.3154,0.3155,0.3156,0.3157,0.3158,0.3159,0.316,0.3161,98383.2,223461.8,265331,541808.8,311447.7,453062.8,422353.1,464282.4,301529.8,281756.8,108589,655986.2,697701.9,525576.9,332113.5,348696.6,277181.5,88701.6,92125.9,68697.7
156,0.3151,0.315,0.3149,0.3148,0.3147,0.3146,0.3145,0.3144,0.3143,0.3142,0.3152,0.3153,0.3154,0.3155,0.3156,0.3157,0.3158,0.3159,0.316,0.3161,166067.2,216658,265331,541808.8,311447.7,454717,422353.1,464282.4,295580.3,263067.4,108269.4,619020.4,703558.1,538718.9,330115.9,346227.8,279178.7,88289,92125.9,68697.2
157,0.3151,0.315,0.3149,0.3148,0.3147,0.3146,0.3145,0.3144,0.3143,0.3142,0.3152,0.3153,0.3154,0.3155,0.3156,0.3157,0.3158,0.3159,0.316,0.3161,133969.1,201977.7,273560.7,513172.1,307405.7,472205.4,433553.1,465599.4,301529.8,261779.5,105224.1,659796.8,698336.6,532929.5,324877.8,345527.8,270259.8,85939.7,79457,68727
158,0.3152,0.3151,0.315,0.3149,0.3148,0.3147,0.3146,0.3145,0.3144,0.3143,0.3153,0.3154,0.3155,0.3156,0.3157,0.3158,0.3159,0.316,0.3161,0.3162,36824.5,225880.8,190115.6,232263.4,512380.6,254258.8,470545.2,422353.1,465599.4,301529.8,420810.2,732169.1,532946.2,325669.3,345527.8,266667.9,100496.2,96702.2,68761,60575.9
159,0.3151,0.315,0.3149,0.3148,0.3147,0.3146,0.3145,0.3144,0.3143,0.3142,0.3152,0.3153,0.3154,0.3155,0.3156,0.3157,0.3158,0.3159,0.316,0.3161,94352.5,216073.4,249077.8,513745.9,303696.1,468893,423689.3,496530.5,263937.5,269063.7,77560.5,603391,718803.9,549661.1,333946.3,344322.1,269458.1,96132.1,79949.4,60986.2
160,0.3151,0.315,0.3149,0.3148,0.3147,0.3146,0.3145,0.3144,0.3143,0.3142,0.3152,0.3153,0.3154,0.3155,0.3156,0.3157,0.3158,0.3159,0.316,0.3161,123845.7,208602.3,265431.1,514537.4,303696.1,470546.4,423689.3,495214.1,263937.5,269045.5,113340.8,630763.9,722536.9,540139.9,333946.3,344322.1,269458.1,96132.1,79949.4,76422
161,0.3151,0.315,0.3149,0.3148,0.3147,0.3146,0.3145,0.3144,0.3143,0.3142,0.3152,0.3153,0.3154,0.3155,0.3156,0.3157,0.3158,0.3159,0.316,0.3161,149396.7,196758.7,265231.1,512881.3,303696.1,468893,423689.3,495210.1,263937.5,269045.5,104140.9,601426,731029.6,549661.7,333946.3,344322.1,269458.1,96132.1,79949.4,69625.9
162,0.3151,0.315,0.3149,0.3148,0.3147,0.3146,0.3145,0.3144,0.3143,0.3142,0.3152,0.3153,0.3154,0.3155,0.3156,0.3157,0.3158,0.3159,0.316,0.3161,162992.1,165870.6,242354.6,535320,333984.6,464824,422149.5,495210.1,263937.5,269045.5,87865.7,572149.9,758574,543006.7,329536.8,344108,267082.1,99713.6,79949.4,69625.9
163,0.3151,0.315,0.3149,0.3148,0.3147,0.3146,0.3145,0.3144,0.3143,0.3142,0.3152,0.3153,0.3154,0.3155,0.3156,0.3157,0.3158,0.3159,0.316,0.3161,146857.2,181553.6,242354.6,535319.3,352821.4,462946.3,422149.5,495210.1,263937.5,269045.5,83050.7,593000.9,748270.4,549714.1,323192.7,343746.7,267082.1,99713.6,80878.9,68696.7
164,0.3151,0.315,0.3149,0.3148,0.3147,0.3146,0.3145,0.3144,0.3143,0.3142,0.3152,0.3153,0.3154,0.3155,0.3156,0.3157,0.3158,0.3159,0.316,0.3161,101835.3,174708.4,240272.8,536162.9,337538.7,461270,422149.5,451536.6,263937.5,317231.4,142910.6,631545.5,722747.9,554127.2,320530.9,343746.7,265876.4,99636.2,80878.9,78920.9
165,0.3151,0.315,0.3149,0.3148,0.3147,0.3146,0.3145,0.3144,0.3143,0.3142,0.3152,0.3153,0.3154,0.3155,0.3156,0.3157,0.3158,0.3159,0.316,0.3161,124876.3,216828,241064.3,535371.4,337538.7,461270,422149.5,451536.6,312175.2,269045.5,88793.8,622020.4,735507.2,550370.4,320530.9,343746.7,270663.3,94849.4,80878.9,60057
166,0.3151,0.315,0.3149,0.3148,0.3147,0.3146,0.3145,0.3144,0.3143,0.3142,0.3152,0.3153,0.3154,0.3155,0.3156,0.3157,0.3158,0.3159,0.316,0.3161,108161.8,196138.2,241064.3,535371.5,337538.7,461270,420040.2,451536.6,313492,267729,130512.6,622498,735507.2,549164.7,321736.6,345166.5,269457.6,95565,79949.4,60057
167,0.3151,0.315,0.3149,0.3148,0.3147,0.3146,0.3145,0.3144,0.3143,0.3142,0.3152,0.3153,0.3154,0.3155,0.3156,0.3157,0.3158,0.3159,0.316,0.3161,64545,190726.6,250589.1,536163,337538.7,461270,420040.2,451536.6,312175.2,267729,131465.8,618209.6,735507.2,549164.7,320530.9,346372.2,269457.6,95565,79949.4,68696.7
168,0.3151,0.315,0.3149,0.3148,0.3147,0.3146,0.3145,0.3144,0.3143,0.3142,0.3152,0.3153,0.3154,0.3155,0.3156,0.3157,0.3158,0.3159,0.316,0.3161,88506.1,201155.7,240959.8,536163,337538.7,461270,420040.2,451536.6,312175.2,267729,122241.2,621820.4,727303.8,549164.7,320530.9,347302.5,269458,94635.3,79949.4,68696.7
169,0.3151,0.315,0.3149,0.3148,0.3147,0.3146,0.3145,0.3144,0.3143,0.3142,0.3152,0.3153,0.3154,0.3155,0.3156,0.3157,0.3158,0.3159,0.316,0.3161,90381.3,186865.8,250484.3,536163,337538.7,461270,420040.2,451536.6,312175.2,267729,117953.6,620559.8,735509.2,549164.7,320530.9,347302.5,269458,94635.3,80023.5,68696.7
170,0.3151,0.315,0.3149,0.3148,0.3147,0.3146,0.3145,0.3144,0.3143,0.3142,0.3152,0.3153,0.3154,0.3155,0.3156,0.3157,0.3158,0.3159,0.316,0.3161,102301.3,196651.1,241130.4,536163,337538.7,461270,420040.2,451536.6,312175.2,267729,108822.5,622355.6,735509.2,549164.7,320530.9,345305.3,270663.7,94635.3,79949.4,68696.7
171,0.3151,0.315,0.3149,0.3148,0.3147,0.3146,0.3145,0.3144,0.3143,0.3142,0.3152,0.3153,0.3154,0.3155,0.3156,0.3157,0.3158,0.3159,0.316,0.3161,88467,191181.1,240959.8,536163,344457.3,461270,420040.2,451536.6,313492.1,267729,140242.8,629034.2,725984.1,549716.9,320530.9,345305.3,270663.5,94635.3,79949.4,68696.7
172,0.3151,0.315,0.3149,0.3148,0.3147,0.3146,0.3145,0.3144,0.3143,0.3142,0.3152,0.3153,0.3154,0.3155,0.3156,0.3157,0.3158,0.3159,0.316,0.3161,88794.4,193830.6,240959.8,536163,344457.3,461270,425989.7,451536.6,313492,261779.5,141191.1,617867.4,735511.6,550370.4,319325.2,344099.6,271869.2,94635.3,79949.4,68696.7
173,0.3151,0.315,0.3149,0.3148,0.3147,0.3146,0.3145,0.3144,0.3143,0.3142,0.3152,0.3153,0.3154,0.3155,0.3156,0.3157,0.3158,0.3159,0.316,0.3161,79325.3,194517.8,240959.8,535371.5,344457.3,461270,425989.7,451536.6,313492,261779.5,129615.7,617975.9,743010.5,543663,319325.2,344375,270663.5,94635.3,79949.4,76573.3
174,0.3151,0.315,0.3149,0.3148,0.3147,0.3146,0.3145,0.3144,0.3143,0.3142,0.3152,0.3153,0.3154,0.3155,0.3156,0.3157,0.3158,0.3159,0.316,0.3161,124026.6,189207.2,240959.8,534588.8,344457.3,461270,425989.7,445589,312175.2,261779.5,100671.1,599880.1,762000.1,543663,319325.2,344375,270663.3,95021.6,79949.4,68696.3
175,0.3151,0.315,0.3149,0.3148,0.3147,0.3146,0.3145,0.3144,0.3143,0.3142,0.3152,0.3153,0.3154,0.3155,0.3156,0.3157,0.3158,0.3159,0.316,0.3161,94952.8,217307.2,240959.8,534588.8,367786.3,461270,425989.7,422260,312175.2,261779.5,99958.2,617944.8,743009.8,543663,319325.2,344375,270663.3,95951.3,79949.4,68696.3
176,0.3151,0.315,0.3149,0.3148,0.3147,0.3146,0.3145,0.3144,0.3143,0.3142,0.3152,0.3153,0.3154,0.3155,0.3156,0.3157,0.3158,0.3159,0.316,0.3161,68529.8,207782.7,251276.1,534588.8,367786.3,461270,425989.7,422260,318124.7,261779.5,110639.1,605273.3,743009.8,543663,319325.2,344375,270663.3,95021.6,79949.4,75270.7
177,0.3151,0.315,0.3149,0.3148,0.3147,0.3146,0.3145,0.3144,0.3143,0.3142,0.3152,0.3153,0.3154,0.3155,0.3156,0.3157,0.3158,0.3159,0.316,0.3161,32611.2,178170.7,248237.9,534588.8,367786.3,461270,425989.7,422260,318124.7,261779.5,172503.8,583167.3,734802.4,543663,319325.2,345305.3,265876.4,95021.6,88557.2,60057
178,0.3151,0.315,0.3149,0.3148,0.3147,0.3146,0.3145,0.3144,0.3143,0.3142,0.3152,0.3153,0.3154,0.3155,0.3156,0.3157,0.3158,0.3159,0.316,0.3161,88138.6,187914.9,227194.5,530742.7,371597.9,461270,418705.9,422260,318124.7,261779.5,123512.4,597106.9,734804.8,542457.3,321768.4,345337.1,264670.7,95021.6,79949.4,60057
179,0.315,0.3149,0.3148,0.3147,0.3146,0.3145,0.3144,0.3143,0.3142,0.3141,0.3151,0.3152,0.3153,0.3154,0.3155,0.3156,0.3157,0.3158,0.3159,0.316,64817.3,275242.9,567365.6,378300.8,461272.6,429905.9,422260,318122.8,261779.5,231709.8,129151.6,318529.8,609527.7,698910.8,561529.4,319739.4,344099.6,254708.2,95021.6,78665.5
180,0.3151,0.315,0.3149,0.3148,0.3147,0.3146,0.3145,0.3144,0.3143,0.3142,0.3152,0.3153,0.3154,0.3155,0.3156,0.3157,0.3158,0.3159,0.316,0.3161,134382.6,233487,241751.3,530742.8,343684.9,461272.6,429905.9,422260,312175.2,263096.5,84806.9,645708.2,708453.5,580398.6,318533.7,344099.6,255913.9,95021.6,78665.5,67832.5
181,0.3151,0.315,0.3149,0.3148,0.3147,0.3146,0.3145,0.3144,0.3143,0.3142,0.3152,0.3153,0.3154,0.3155,0.3156,0.3157,0.3158,0.3159,0.316,0.3161,133487.6,233328.4,241751.3,531278.8,343684.9,461272.8,429905.9,422260,312175.2,263096.5,83460.1,666223.6,708453.5,561545.6,318533.7,344099.6,255913.9,95021.6,78665.5,67831.1
182,0.3151,0.315,0.3149,0.3148,0.3147,0.3146,0.3145,0.3144,0.3143,0.3142,0.3152,0.3153,0.3154,0.3155,0.3156,0.3157,0.3158,0.3159,0.316,0.3161,131778,233328.4,241751.3,531278.8,343684.9,461272.6,429905.9,422260,312175.2,263096.5,77713.5,647634.7,719857,563427.4,318533.7,343169.3,256812.1,95021.6,78665.5,59192
183,0.3152,0.3151,0.315,0.3149,0.3148,0.3147,0.3146,0.3145,0.3144,0.3143,0.3153,0.3154,0.3155,0.3156,0.3157,0.3158,0.3159,0.316,0.3161,0.3162,89450,230688.5,160852.9,237489.4,543608.5,305925.2,461272,418705.9,423576.7,293485.8,347348.9,751747.8,579940.2,319325.2,342955.2,267081.7,83151.5,57582.2,103851.4,67772
184,0.3152,0.3151,0.315,0.3149,0.3148,0.3147,0.3146,0.3145,0.3144,0.3143,0.3153,0.3154,0.3155,0.3156,0.3157,0.3158,0.3159,0.316,0.3161,0.3162,146439,202680.8,189826.3,209187,543608.5,307580.6,458917.9,412756.4,469927.7,245248.1,341889.8,744377.6,577021.1,328442.9,345166.1,266667.5,85286.4,59441.5,103851.4,69549.3
185,0.3152,0.3151,0.315,0.3149,0.3148,0.3147,0.3146,0.3145,0.3144,0.3143,0.3153,0.3154,0.3155,0.3156,0.3157,0.3158,0.3159,0.316,0.3161,0.3162,144495.7,201880.8,189826.3,209739,543608.5,322580.3,458917.9,412756.4,454927.7,245248.1,340494.9,744377.6,577021.1,328442.9,345166.1,266667.5,85286.4,59441.5,103851.4,76407.8
186,0.3152,0.3151,0.315,0.3149,0.3148,0.3147,0.3146,0.3145,0.3144,0.3143,0.3153,0.3154,0.3155,0.3156,0.3157,0.3158,0.3159,0.316,0.3161,0.3162,155264.8,211400.5,180306.6,210291,543056.3,322581.2,458917.9,412756.4,454927.7,245248.1,337948.1,728377.6,599365.2,322098.8,345166.1,265462.2,86491.7,59441.5,103851.4,69549.3
187,0.3152,0.3151,0.315,0.3149,0.3148,0.3147,0.3146,0.3145,0.3144,0.3143,0.3153,0.3154,0.3155,0.3156,0.3157,0.3158,0.3159,0.316,0.3161,0.3162,142295.8,201880.8,190429.6,209499.5,541661.5,322581.2,443087.7,412756.4,454927.7,245248.1,333443.2,744377.6,585623.6,320100.3,343169.3,264670.7,86491.7,59441.5,103851.4,69549.3
188,0.3152,0.3151,0.315,0.3149,0.3148,0.3147,0.3146,0.3145,0.3144,0.3143,0.3153,0.3154,0.3155,0.3156,0.3157,0.3158,0.3159,0.316,0.3161,0.3162,171950.1,202672.3,191220.2,209499.5,557491.7,322581.1,444404,394067,469441.2,245248.1,325273.7,691086.5,592209.9,331134.3,343960.8,264670.7,86491.7,54133.8,103851.4,69547.8
189,0.3152,0.3151,0.315,0.3149,0.3148,0.3147,0.3146,0.3145,0.3144,0.3143,0.3153,0.3154,0.3155,0.3156,0.3157,0.3158,0.3159,0.316,0.3161,0.3162,168800.4,212913.9,182253.4,210603.1,557491.7,322576,444404,394067,469441.2,245248.1,316890.6,694763.4,591418.4,331134.3,343960.8,266857,86491.7,54133.8,103851.4,69547.8
190,0.3152,0.3151,0.315,0.3149,0.3148,0.3147,0.3146,0.3145,0.3144,0.3143,0.3153,0.3154,0.3155,0.3156,0.3157,0.3158,0.3159,0.316,0.3161,0.3162,168500.9,212908.2,183909.1,208947.4,559147.4,320920.2,444404,394067,469441.2,245248.1,306277.2,694763.4,588328.2,334338.1,343960.8,266857,85562.1,55063.2,103851.4,69547.8
191,0.3152,0.3151,0.315,0.3149,0.3148,0.3147,0.3146,0.3145,0.3144,0.3143,0.3153,0.3154,0.3155,0.3156,0.3157,0.3158,0.3159,0.316,0.3161,0.3162,166360.7,203404.7,193427.9,208947.4,559147.4,320920.2,444404,394067,469441.2,245248.1,292237.2,694763.4,588328.2,334338.1,343960.8,266857,85562.1,55063.2,103851.4,69546.2
192,0.3152,0.3151,0.315,0.3149,0.3148,0.3147,0.3146,0.3145,0.3144,0.3143,0.3153,0.3154,0.3155,0.3156,0.3157,0.3158,0.3159,0.316,0.3161,0.3162,163294.6,211658.6,183117.6,210263.7,543317.2,320920.2,443087.7,395401.5,454945.5,245248.1,237293.3,673735.8,607289.2,333546.6,344503.8,267400,81828.2,52871.1,103851.4,69546.2
193,0.3152,0.3151,0.315,0.3149,0.3148,0.3147,0.3146,0.3145,0.3144,0.3143,0.3153,0.3154,0.3155,0.3156,0.3157,0.3158,0.3159,0.316,0.3161,0.3162,153210.1,202575.4,190980.7,208947.4,558613.5,322236.5,443087.7,401349.1,454945.5,245248.1,231346.9,663254.1,602673.5,326841.2,344503.8,268605.3,80622.9,52871.1,103851.4,69546.2
194,0.3152,0.3151,0.315,0.3149,0.3148,0.3147,0.3146,0.3145,0.3144,0.3143,0.3153,0.3154,0.3155,0.3156,0.3157,0.3158,0.3159,0.316,0.3161,0.3162,103571,217775.4,190981,208946.7,561574.6,320920.2,443087.7,420038.5,454945.5,245248.1,334136.9,710723.6,567712.2,333185.3,344503.8,267210.5,80622.9,51941.7,103851.4,69546.2
195,0.3152,0.3151,0.315,0.3149,0.3148,0.3147,0.3146,0.3145,0.3144,0.3143,0.3153,0.3154,0.3155,0.3156,0.3157,0.3158,0.3159,0.316,0.3161,0.3162,154522.9,201775.4,190981,208945.9,561573,297596.2,443087.7,418725.5,454945.5,245248.1,331610.1,674454.1,596326.7,338656.6,344289.7,267424.5,81828.2,52657,104065.4,69546.2
196,0.3152,0.3151,0.315,0.3149,0.3148,0.3147,0.3146,0.3145,0.3144,0.3143,0.3153,0.3154,0.3155,0.3156,0.3157,0.3158,0.3159,0.316,0.3161,0.3162,151916.1,212085.7,182294.9,208946.7,577404.8,297596.2,443087.7,418725.5,470775.7,245248.1,329401.9,674454.1,606642.1,331134.3,345081.1,266219.2,81828.2,52657,104065.4,69296.7
197,0.3152,0.3151,0.315,0.3149,0.3148,0.3147,0.3146,0.3145,0.3144,0.3143,0.3153,0.3154,0.3155,0.3156,0.3157,0.3158,0.3159,0.316,0.3161,0.3162,145866.8,203466.9,190450.5,210341.5,577404.4,297596.2,443087.7,418725.5,470775.7,245248.1,324218.2,674454.1,605850.6,331134.3,345081.1,267010.7,81828.2,52657,104065.4,69328.3
198,0.3152,0.3151,0.315,0.3149,0.3148,0.3147,0.3146,0.3145,0.3144,0.3143,0.3153,0.3154,0.3155,0.3156,0.3157,0.3158,0.3159,0.316,0.3161,0.3162,139192.8,221278.9,182544.1,210341.5,577405.4,297596.2,443087.7,418725.5,470775.7,245248.1,327483.8,674454.1,605882.4,331134.3,345081.1,269421.3,79417.6,52657,104065.4,60694.5
199,0.3152,0.3151,0.315,0.3149,0.3148,0.3147,0.3146,0.3145,0.3144,0.3143,0.3153,0.3154,0.3155,0.3156,0.3157,0.3158,0.3159,0.316,0.3161,0.3162,142350.7,268596.1,157086.1,220284.6,532444.9,301511.4,460039.7,423340.5,449062.3,288456,353768,705771.5,552557.4,327365.5,342955.2,267295.7,82154.3,68833.9,145502.8,29056.6
200,0.3152,0.3151,0.315,0.3149,0.3148,0.3147,0.3146,0.3145,0.3144,0.3143,0.3153,0.3154,0.3155,0.3156,0.3157,0.3158,0.3159,0.316,0.3161,0.3162,97570.3,266884.3,157503.9,219732.5,532444.9,301510.8,460039.7,423340.5,449062.3,288456,356302.8,708249.4,546078.6,327365.5,342955.2,267295.7,82154.3,68833.9,145502.8,36327.3
201,0.3152,0.3151,0.315,0.3149,0.3148,0.3147,0.3146,0.3145,0.3144,0.3143,0.3153,0.3154,0.3155,0.3156,0.3157,0.3158,0.3159,0.316,0.3161,0.3162,127471.7,266884.3,169674.5,220524,536305.7,297616.2,460039.7,423340.5,449062.3,288456,356548.6,699983.3,545287.1,327365.5,344538.2,267295.7,82154.3,68833.9,145502.8,51218.2
202,0.3152,0.3151,0.315,0.3149,0.3148,0.3147,0.3146,0.3145,0.3144,0.3143,0.3153,0.3154,0.3155,0.3156,0.3157,0.3158,0.3159,0.316,0.3161,0.3162,162660.3,271040.9,162968,218181.4,536305.7,297023.4,463593.8,423340.5,449062.3,288456,320646.4,719481.1,588867,348762.8,342955.2,268630,84289.2,67904.5,110295.7,29848.1
203,0.3152,0.3151,0.315,0.3149,0.3148,0.3147,0.3146,0.3145,0.3144,0.3143,0.3153,0.3154,0.3155,0.3156,0.3157,0.3158,0.3159,0.316,0.3161,0.3162,149494.6,271840.9,162968,218181.4,536305.7,297023.3,463593.8,423340.5,449062.3,288456,335712.2,717229.8,573106.5,349554.3,343746.7,268630,84289.2,67904.5,110295.7,37692.6
204,0.3152,0.3151,0.315,0.3149,0.3148,0.3147,0.3146,0.3145,0.3144,0.3143,0.3153,0.3154,0.3155,0.3156,0.3157,0.3158,0.3159,0.316,0.3161,0.3162,144432.3,262424.4,172488.9,218077,536305.7,297023.3,463593.8,423340.5,449062.3,288456,325026.4,702423.6,574782.9,346414,343746.7,267424.7,84564.9,68833.8,110295.7,37692.6
205,0.3152,0.3151,0.315,0.3149,0.3148,0.3147,0.3146,0.3145,0.3144,0.3143,0.3153,0.3154,0.3155,0.3156,0.3157,0.3158,0.3159,0.316,0.3161,0.3162,143138.9,262424.4,172488.9,218077,536305.7,297023.3,463593.8,423340.5,449062.3,288456,320190.6,702150.6,570429.7,344054.2,343746.7,266219.4,85494.5,67904.5,110295.7,37692.6
206,0.3152,0.3151,0.315,0.3149,0.3148,0.3147,0.3146,0.3145,0.3144,0.3143,0.3153,0.3154,0.3155,0.3156,0.3157,0.3158,0.3159,0.316,0.3161,0.3162,158336.7,246324.4,172488.9,218077,544120,290899,457969.3,423340.5,449062.3,288456,313186.5,700482,572193,344078.1,343746.7,266219.4,85494.5,67904.5,110295.7,37691.7
207,0.3152,0.3151,0.315,0.3149,0.3148,0.3147,0.3146,0.3145,0.3144,0.3143,0.3153,0.3154,0.3155,0.3156,0.3157,0.3158,0.3159,0.316,0.3161,0.3162,226817.8,232063.4,160146.8,219471.8,495720.9,305626.1,459285.8,423340.5,449062.3,288456,310746.3,716828.4,562962.1,344078.1,343746.7,267424.7,84289.2,67904.5,111160.5,28190.9
208,0.3152,0.3151,0.315,0.3149,0.3148,0.3147,0.3146,0.3145,0.3144,0.3143,0.3153,0.3154,0.3155,0.3156,0.3157,0.3158,0.3159,0.316,0.3161,0.3162,239925,263044.6,142856.6,219471.8,498692.9,303970.1,457969.3,423340.5,494257.4,245248.1,292869,739904.3,543476.3,349578.2,343746.7,267424.7,84564.9,68833.8,111160.5,36794.2
209,0.3152,0.3151,0.315,0.3149,0.3148,0.3147,0.3146,0.3145,0.3144,0.3143,0.3153,0.3154,0.3155,0.3156,0.3157,0.3158,0.3159,0.316,0.3161,0.3162,245251.9,255896.8,152927.7,220023.8,498692.9,303970.1,481293.3,400016.5,488309.8,245248.1,268686.2,689628.4,546115.7,380900.3,343746.7,267424.7,85494.5,67904.5,111160.5,36825.7
210,0.3152,0.3151,0.315,0.3149,0.3148,0.3147,0.3146,0.3145,0.3144,0.3143,0.3153,0.3154,0.3155,0.3156,0.3157,0.3158,0.3159,0.316,0.3161,0.3162,243884.3,266104.1,143408.6,219471.8,498692.9,303970.1,481293.3,400016.5,488309.8,245248.1,256358.9,689628.4,551638.9,375790.9,343746.7,267010.9,85494.5,67904.5,111160.5,36825.7
211,0.3152,0.3151,0.315,0.3149,0.3148,0.3147,0.3146,0.3145,0.3144,0.3143,0.3153,0.3154,0.3155,0.3156,0.3157,0.3158,0.3159,0.316,0.3161,0.3162,243498.4,281791.9,247968.1,531598.5,452413.6,287984.9,481293.3,415586.7,304571.4,245248.1,402349.1,664258.9,648392.5,525270.2,342955.2,266219.4,86286,67904.5,111952,37617.2
212,0.3152,0.3151,0.315,0.3149,0.3148,0.3147,0.3146,0.3145,0.3144,0.3143,0.3153,0.3154,0.3155,0.3156,0.3157,0.3158,0.3159,0.316,0.3161,0.3162,239512.4,281633.4,249362.8,530203.7,452340.3,292331.7,481293.3,415586.7,304571.4,245248.1,384349.8,675458.9,644317.1,525270.2,342955.2,267010.9,85356.4,68696,111160.5,36792.5
213,0.3153,0.3152,0.3151,0.315,0.3149,0.3148,0.3147,0.3146,0.3145,0.3144,0.3154,0.3155,0.3156,0.3157,0.3158,0.3159,0.316,0.3161,0.3162,0.3163,120909.4,176511,195536,178274,451623.6,436514,310602.4,465476.4,444265.6,259396.7,398231.9,695306.5,584211.3,353308.8,322789.7,281505.8,52321.7,94977.6,72163.4,118237.6
214,0.3153,0.3152,0.3151,0.315,0.3149,0.3148,0.3147,0.3146,0.3145,0.3144,0.3154,0.3155,0.3156,0.3157,0.3158,0.3159,0.316,0.3161,0.3162,0.3163,33158.9,183099.5,226345.6,506800.3,419910.8,439115.8,309286.3,466792.1,276005.1,288605,309563.9,678002.9,650118.7,515637.2,324998.2,281453.6,52442.2,94977.6,80762.6,81182.6
215,0.3153,0.3152,0.3151,0.315,0.3149,0.3148,0.3147,0.3146,0.3145,0.3144,0.3154,0.3155,0.3156,0.3157,0.3158,0.3159,0.316,0.3161,0.3162,0.3163,34836.6,218121,216632.1,506800.3,419910.8,439115.8,309286.3,466792.1,276005.1,288605,273621.4,716048.3,640600.8,515637.2,324998.2,281453.6,52442.2,94977.6,80764.1,86070
216,0.3152,0.3151,0.315,0.3149,0.3148,0.3147,0.3146,0.3145,0.3144,0.3143,0.3153,0.3154,0.3155,0.3156,0.3157,0.3158,0.3159,0.316,0.3161,0.3162,174051,197824.7,524947.8,420718.5,439115.8,293895.7,466792.1,291617.2,288605,245248.1,141359.2,525643.5,687539.5,625768.7,517525.2,319961.1,280662.1,52442.2,94977.6,81629.8
217,0.3152,0.3151,0.315,0.3149,0.3148,0.3147,0.3146,0.3145,0.3144,0.3143,0.3153,0.3154,0.3155,0.3156,0.3157,0.3158,0.3159,0.316,0.3161,0.3162,172467.8,259837.4,512835.5,423262.7,440770.5,293895.7,465457.6,291617.2,288605,245248.1,61497,494264.1,700649.8,635288.4,516320.2,321380.4,281867.4,51023.2,95191.7,81664.1
218,0.3152,0.3151,0.315,0.3149,0.3148,0.3147,0.3146,0.3145,0.3144,0.3143,0.3153,0.3154,0.3155,0.3156,0.3157,0.3158,0.3159,0.316,0.3161,0.3162,144098.7,237070.3,516989,423262.7,440770.5,293895.7,465457.6,291617.2,288605,245248.1,67345,510052.3,707046.7,625768.7,516320.2,321380.4,281867.4,51952.5,95191.7,81664.1
219,0.3152,0.3151,0.315,0.3149,0.3148,0.3147,0.3146,0.3145,0.3144,0.3143,0.3153,0.3154,0.3155,0.3156,0.3157,0.3158,0.3159,0.316,0.3161,0.3162,115556.1,208083.5,512834.1,429960.5,435973.7,288273.9,465457.6,291617.2,288605,245248.1,60937.8,523249.4,683262.1,633290.4,515115.2,321380.4,281867.4,51952.5,95191.7,89059.7
220,0.3152,0.3151,0.315,0.3149,0.3148,0.3147,0.3146,0.3145,0.3144,0.3143,0.3153,0.3154,0.3155,0.3156,0.3157,0.3158,0.3159,0.316,0.3161,0.3162,146070.6,196396.8,503322.2,429960.5,450973.7,288273.9,465457.6,291617.2,288605,230248.1,50449.4,494501.5,700730.6,633290.4,515115.2,321380.4,281867.4,51952.5,95191.7,83282.4
221,0.3152,0.3151,0.315,0.3149,0.3148,0.3147,0.3146,0.3145,0.3144,0.3143,0.3153,0.3154,0.3155,0.3156,0.3157,0.3158,0.3159,0.316,0.3161,0.3162,55309,229290.1,525636.9,431204.8,450973.7,288273.9,465458.1,246923.7,288605,279182.8,152957.9,517748,664504.1,623771.3,515000.8,319254.2,281867.4,76526.5,117933.6,36231.3
222,0.3151,0.315,0.3149,0.3148,0.3147,0.3146,0.3145,0.3144,0.3143,0.3142,0.3152,0.3153,0.3154,0.3155,0.3156,0.3157,0.3158,0.3159,0.316,0.3161,79913.3,533096.9,437007.7,455407,289065.4,475346.9,231769.4,274809.8,279182.8,266286.6,185739.2,320211.4,487812.1,646999.8,620950.2,511212.2,319254.2,301975.3,99817.4,80935.1
223,0.3151,0.315,0.3149,0.3148,0.3147,0.3146,0.3145,0.3144,0.3143,0.3142,0.3152,0.3153,0.3154,0.3155,0.3156,0.3157,0.3158,0.3159,0.316,0.3161,155771.2,515429.1,427588.7,453991.7,289930.6,475346.9,231769.4,274809.8,279182.8,266286.6,101231.5,280586.9,527553.5,645794.1,619696.2,513209.4,320460.3,301975.3,99817.4,60267.1
224,0.315,0.3149,0.3148,0.3147,0.3146,0.3145,0.3144,0.3143,0.3142,0.3141,0.3151,0.3152,0.3153,0.3154,0.3155,0.3156,0.3157,0.3158,0.3159,0.316,1308.3,508629.4,451292.1,460907.1,460052.2,242969.4,258061.6,237512.1,245708.9,268104.4,176151.4,338962.7,661771.1,645576.3,640332.2,620901.9,526533.8,301712.5,319337,58840.3
225,0.315,0.3149,0.3148,0.3147,0.3146,0.3145,0.3144,0.3143,0.3142,0.3141,0.3151,0.3152,0.3153,0.3154,0.3155,0.3156,0.3157,0.3158,0.3159,0.316,122650.5,513785.6,463808.7,516136.3,462236.6,244626.9,269261.6,237512.1,245708.9,274145.8,100208,363739.7,639869.7,646443.7,640546.4,563337,515333.8,300507,310618.8,41337.2
226,0.3149,0.3148,0.3147,0.3146,0.3145,0.3144,0.3143,0.3142,0.3141,0.314,0.315,0.3151,0.3152,0.3153,0.3154,0.3155,0.3156,0.3157,0.3158,0.3159,438558.5,503235.1,514302,463028.1,244626.9,269261.6,237512.1,245708.9,273210.6,48366.4,29053.8,255024.5,308761.3,652664.5,624896.7,639754.9,563337,515333.8,300507,319228.3
227,0.315,0.3149,0.3148,0.3147,0.3146,0.3145,0.3144,0.3143,0.3142,0.3141,0.3151,0.3152,0.3153,0.3154,0.3155,0.3156,0.3157,0.3158,0.3159,0.316,65497,473780.2,464613.6,514046.3,463819.6,244626.9,269261.6,237512.1,245708.9,273210.6,162256.2,341747.1,650605.9,624896.7,638549.2,562538.2,515333.8,300507,319263.3,75671.4
228,0.3149,0.3148,0.3147,0.3146,0.3145,0.3144,0.3143,0.3142,0.3141,0.314,0.315,0.3151,0.3152,0.3153,0.3154,0.3155,0.3156,0.3157,0.3158,0.3159,398802.2,530503.3,514260.8,463819.6,244626.9,269261.6,237512.1,245708.9,273210.6,48366.4,151155.6,265159.3,319853.6,637853.7,624896.7,638549.2,562538.2,515333.8,300507,319229
229,0.3149,0.3148,0.3147,0.3146,0.3145,0.3144,0.3143,0.3142,0.3141,0.314,0.315,0.3151,0.3152,0.3153,0.3154,0.3155,0.3156,0.3157,0.3158,0.3159,248435.2,543577.4,514260.8,463819.6,244626.9,269261.6,237512.1,245708.9,274145.9,47430.8,134938.1,276999.7,319853.6,637853.7,624896.7,639755.7,561331.7,515333.8,300507,317737.3
230,0.3149,0.3148,0.3147,0.3146,0.3145,0.3144,0.3143,0.3142,0.3141,0.314,0.315,0.3151,0.3152,0.3153,0.3154,0.3155,0.3156,0.3157,0.3158,0.3159,244773.2,511566.8,514260.8,463819.6,244626.9,269261.6,237512.1,245708.9,274145.9,47430.8,134247.9,278921.2,319853.6,636647.2,624896.7,642168.7,560125.2,515333.8,300507,325999.8
231,0.3149,0.3148,0.3147,0.3146,0.3145,0.3144,0.3143,0.3142,0.3141,0.314,0.315,0.3151,0.3152,0.3153,0.3154,0.3155,0.3156,0.3157,0.3158,0.3159,240678.8,511566.8,514260.8,463819.6,244626.9,269261.6,236195.7,244374.5,275463.2,47430.8,111106.4,270169.6,321063.9,636647.2,624105.2,640962.2,560125.2,515333.8,300507,319262.9
232,0.3149,0.3148,0.3147,0.3146,0.3145,0.3144,0.3143,0.3142,0.3141,0.314,0.315,0.3151,0.3152,0.3153,0.3154,0.3155,0.3156,0.3157,0.3158,0.3159,250052.3,499566.8,514260.8,463028.1,244626.9,269261.6,236195.7,244374.5,274527.9,48366.4,141754.1,263887.9,321855.4,636647.2,623313.7,639755.7,561331.7,515333.8,300507,319262.3
233,0.3149,0.3148,0.3147,0.3146,0.3145,0.3144,0.3143,0.3142,0.3141,0.314,0.315,0.3151,0.3152,0.3153,0.3154,0.3155,0.3156,0.3157,0.3158,0.3159,258571.6,514718.5,514260.8,463028.1,244626.9,269261.6,236195.7,245309.5,274527.9,47430.8,151148.2,278367.6,316685.8,640524.6,620257.4,638549.2,561331.7,515333.8,360104.9,263306.2
234,0.315,0.3149,0.3148,0.3147,0.3146,0.3145,0.3144,0.3143,0.3142,0.3141,0.3151,0.3152,0.3153,0.3154,0.3155,0.3156,0.3157,0.3158,0.3159,0.316,156255.5,530259.6,444478.3,493709.4,463893.7,242969.4,269261.6,237513.2,290605.1,222405.9,91227.9,324577.5,657070.6,642296.1,638979.4,560125.2,517746,300507,303778.6,70647.1
235,0.315,0.3149,0.3148,0.3147,0.3146,0.3145,0.3144,0.3143,0.3142,0.3141,0.3151,0.3152,0.3153,0.3154,0.3155,0.3156,0.3157,0.3158,0.3159,0.316,148747.5,528394.3,455400.9,493106.1,463893.7,242969.4,269261.6,238447.8,289670.1,222405.9,92922.9,313558,666702,632769.8,638765.2,560125.2,517960.2,300507,303778.6,70647.1
236,0.315,0.3149,0.3148,0.3147,0.3146,0.3145,0.3144,0.3143,0.3142,0.3141,0.3151,0.3152,0.3153,0.3154,0.3155,0.3156,0.3157,0.3158,0.3159,0.316,146108.4,514980.4,445873.1,493106.1,463897.7,242969.4,269261.6,237513.2,290605,222405.9,87993.4,323209.9,657070.6,632769.8,639971.3,560125.2,516754.1,300507,312420.3,62002.9
237,0.315,0.3149,0.3148,0.3147,0.3146,0.3145,0.3144,0.3143,0.3142,0.3141,0.3151,0.3152,0.3153,0.3154,0.3155,0.3156,0.3157,0.3158,0.3159,0.316,195304.1,505563.5,445873.1,493658.3,463897.7,242969.4,269261.6,254058.2,274205.6,254725.2,30990.5,283388.4,723732.6,632769.8,638765.2,560125.2,517960.2,300507,303778.6,62002.9
238,0.315,0.3149,0.3148,0.3147,0.3146,0.3145,0.3144,0.3143,0.3142,0.3141,0.3151,0.3152,0.3153,0.3154,0.3155,0.3156,0.3157,0.3158,0.3159,0.316,161467.4,528289.3,445873.1,495935.3,460055.3,244286.4,258061.6,254075.9,275540.8,254725.2,79704.4,342554.2,695979.4,649977.5,638765.2,560125.2,502638.6,300292.8,327122.7,39817.9
239,0.315,0.3149,0.3148,0.3147,0.3146,0.3145,0.3144,0.3143,0.3142,0.3141,0.3151,0.3152,0.3153,0.3154,0.3155,0.3156,0.3157,0.3158,0.3159,0.316,144187.5,590796.1,445873.1,496741.9,460055.3,244286.4,258061.6,253031.4,275540.8,255660.4,140151.1,378570.1,668548,641695.1,638765.2,560125.2,501218.3,315793.3,312188.1,39849.3
240,0.315,0.3149,0.3148,0.3147,0.3146,0.3145,0.3144,0.3143,0.3142,0.3141,0.3151,0.3152,0.3153,0.3154,0.3155,0.3156,0.3157,0.3158,0.3159,0.316,124123.5,519792.3,458092.3,496189.6,460055.3,244286.4,258061.6,253031.4,276475.7,254725.2,187016.5,354651.3,676238.3,628241.3,638765.2,561331.3,500012.2,315793.3,312188.1,46330.1
241,0.315,0.3149,0.3148,0.3147,0.3146,0.3145,0.3144,0.3143,0.3142,0.3141,0.3151,0.3152,0.3153,0.3154,0.3155,0.3156,0.3157,0.3158,0.3159,0.316,135979.9,507544.9,448563.2,496189.6,460055.3,244286.4,258061.6,253966,275540.8,254725.2,169898.1,372439.7,654128.6,628528.4,638972,561538.6,500362.8,315793.3,311973.9,39849.3
242,0.315,0.3149,0.3148,0.3147,0.3146,0.3145,0.3144,0.3143,0.3142,0.3141,0.3151,0.3152,0.3153,0.3154,0.3155,0.3156,0.3157,0.3158,0.3159,0.316,133023.2,494389,480980,496189.6,460055.3,244286.4,258061.6,253031.4,275540.8,254725.2,132683.6,381030.3,663692.7,627322.3,638972,562744.7,500362.8,315793.3,311973.9,36166.2
243,0.315,0.3149,0.3148,0.3147,0.3146,0.3145,0.3144,0.3143,0.3142,0.3141,0.3151,0.3152,0.3153,0.3154,0.3155,0.3156,0.3157,0.3158,0.3159,0.316,114143.7,497298.9,496980.3,496189.6,460055.3,244286.4,258061.6,253031.4,275540.8,255660.4,164551.8,350094.7,664898.8,626116.2,638972,562744.7,500362.8,315793.3,311973.9,31210.3
244,0.3149,0.3148,0.3147,0.3146,0.3145,0.3144,0.3143,0.3142,0.3141,0.314,0.315,0.3151,0.3152,0.3153,0.3154,0.3155,0.3156,0.3157,0.3158,0.3159,413527.1,518080.4,532796.4,463046.4,245938.8,269261.6,237530.9,275540.8,271158.4,21651.3,66672.6,242895.5,339949.6,644994.7,622799.2,637973.7,576643.1,500226.4,300292.8,306435.9
245,0.3149,0.3148,0.3147,0.3146,0.3145,0.3144,0.3143,0.3142,0.3141,0.314,0.315,0.3151,0.3152,0.3153,0.3154,0.3155,0.3156,0.3157,0.3158,0.3159,412344.2,514807.9,528055.4,463046.4,245938.8,269261.6,237530.9,276475.8,270223.2,21651.3,129590.5,213210.1,339949.6,644994.7,622799.2,637973.7,576643.1,500226.4,300292.8,306435.9
246,0.3149,0.3148,0.3147,0.3146,0.3145,0.3144,0.3143,0.3142,0.3141,0.314,0.315,0.3151,0.3152,0.3153,0.3154,0.3155,0.3156,0.3157,0.3158,0.3159,410295.9,518370.7,537587.8,463046.4,245938.8,269261.6,237530.9,275540.8,271158.5,21651.3,70871.4,235560.3,342932.9,641789.3,616453.1,639180.2,575437,500226.4,300292.8,297824.2
247,0.3149,0.3148,0.3147,0.3146,0.3145,0.3144,0.3143,0.3142,0.3141,0.314,0.315,0.3151,0.3152,0.3153,0.3154,0.3155,0.3156,0.3157,0.3158,0.3159,410695,527903.1,528055.6,463046.4,245938.8,269261.6,237530.9,275540.8,271158.5,21651.3,67606.2,235560.3,335105.7,641819,615276.3,640320.8,575442.8,500226.4,300322.5,297853.9
248,0.3149,0.3148,0.3147,0.3146,0.3145,0.3144,0.3143,0.3142,0.3141,0.314,0.315,0.3151,0.3152,0.3153,0.3154,0.3155,0.3156,0.3157,0.3158,0.3159,503330.5,529463,505157.3,463046.4,245938.8,269261.6,237530.9,275540.8,270223.2,21651.3,32449.6,232714.2,276859.6,486295,615276.3,637907.8,577855.8,500226.4,300322.5,303807.2
249,0.315,0.3149,0.3148,0.3147,0.3146,0.3145,0.3144,0.3143,0.3142,0.3141,0.3151,0.3152,0.3153,0.3154,0.3155,0.3156,0.3157,0.3158,0.3159,0.316,133032.7,506489.5,508067.7,502954.3,438921.9,245939.3,253431.4,237530.9,290733,255660.5,167599.3,285126.3,500360.5,614484.8,637907.8,577855.8,500226.4,300322.5,312449.5,62002.6
250,0.315,0.3149,0.3148,0.3147,0.3146,0.3145,0.3144,0.3143,0.3142,0.3141,0.3151,0.3152,0.3153,0.3154,0.3155,0.3156,0.3157,0.3158,0.3159,0.316,132042.1,483036.5,533777.1,502401.7,438921.9,245939.3,253431.4,237530.9,290733,271490.7,165581.4,285026.3,500912.9,614484.8,637907.8,577855.8,509806.8,300322.5,303807.2,70041.2
251,0.315,0.3149,0.3148,0.3147,0.3146,0.3145,0.3144,0.3143,0.3142,0.3141,0.3151,0.3152,0.3153,0.3154,0.3155,0.3156,0.3157,0.3158,0.3159,0.316,129334.7,483858.6,533777.1,502401.7,438921.9,245939.3,253431.4,237530.9,290733,271490.7,121030.4,285059.9,499154,615690.9,639113.9,576648.9,509806.8,300322.5,303807.2,70644.7
252,0.315,0.3149,0.3148,0.3147,0.3146,0.3145,0.3144,0.3143,0.3142,0.3141,0.3151,0.3152,0.3153,0.3154,0.3155,0.3156,0.3157,0.3158,0.3159,0.316,128705.1,483158.6,533777.1,502401.7,438921.9,245939.3,253431.4,237530.9,290733,271490.7,120827.2,292488.8,499728.4,617690.6,639113.9,576648.9,511012.9,300322.5,303807.2,70644.2
253,0.315,0.3149,0.3148,0.3147,0.3146,0.3145,0.3144,0.3143,0.3142,0.3141,0.3151,0.3152,0.3153,0.3154,0.3155,0.3156,0.3157,0.3158,0.3159,0.316,129461.7,483158.6,533777.1,502401.7,438921.9,245939.3,253431.4,237530.9,290733,255660.5,152828.9,286473.9,499728.4,617690.6,639113.9,576648.9,501432.5,300322.5,303807.2,70167.8
254,0.315,0.3149,0.3148,0.3147,0.3146,0.3145,0.3144,0.3143,0.3142,0.3141,0.3151,0.3152,0.3153,0.3154,0.3155,0.3156,0.3157,0.3158,0.3159,0.316,121852.4,516231.9,507462.3,502401.7,438921.9,245939.3,253431.4,237530.9,290733,255660.5,109665.6,316526.1,664243.2,618896.7,637907.8,575402.2,502638.6,300322.5,303807.2,62002.6
255,0.315,0.3149,0.3148,0.3147,0.3146,0.3145,0.3144,0.3143,0.3142,0.3141,0.3151,0.3152,0.3153,0.3154,0.3155,0.3156,0.3157,0.3158,0.3159,0.316,93727.4,526128.4,516990.7,503193.2,454752.1,245939.3,253431.4,237530.9,290733,271490.7,122744.1,293982.9,496827.8,619688.2,637907.8,575402.2,502638.6,300322.5,303807.2,70644.2
256,0.315,0.3149,0.3148,0.3147,0.3146,0.3145,0.3144,0.3143,0.3142,0.3141,0.3151,0.3152,0.3153,0.3154,0.3155,0.3156,0.3157,0.3158,0.3159,0.316,100467.1,527128.4,519118.9,503193.2,454752.1,245939.3,253431.4,237530.9,290733,271490.7,130167.6,286546.2,496827.8,619688.2,637907.8,575402.2,502638.6,300322.5,304737,70644.1
257,0.315,0.3149,0.3148,0.3147,0.3146,0.3145,0.3144,0.3143,0.3142,0.3141,0.3151,0.3152,0.3153,0.3154,0.3155,0.3156,0.3157,0.3158,0.3159,0.316,61274.1,491462.7,523199.8,503193.2,454752.1,245939.3,253431.4,237530.9,290733,271490.7,155792.9,288825.8,479292.4,619688.2,637907.8,575402.2,501432.5,300322.5,304737,86974
258,0.3149,0.3148,0.3147,0.3146,0.3145,0.3144,0.3143,0.3142,0.3141,0.314,0.315,0.3151,0.3152,0.3153,0.3154,0.3155,0.3156,0.3157,0.3158,0.3159,412933.4,550333,513897.5,438921.9,245939.3,253431.4,237530.9,290733,255660.5,21651.3,68604.9,244285.9,280891.5,478484.2,616897,637907.8,576608.7,500226.4,300322.5,304737
259,0.315,0.3149,0.3148,0.3147,0.3146,0.3145,0.3144,0.3143,0.3142,0.3141,0.3151,0.3152,0.3153,0.3154,0.3155,0.3156,0.3157,0.3158,0.3159,0.316,74422.8,469689.8,534130.1,505140.5,439713.4,260452,253431.4,238848.3,289397.8,270555.4,142082.8,307198,654271.8,617144.7,637913.8,576608.7,500226.4,300322.5,307295.1,68357.6
260,0.315,0.3149,0.3148,0.3147,0.3146,0.3145,0.3144,0.3143,0.3142,0.3141,0.3151,0.3152,0.3153,0.3154,0.3155,0.3156,0.3157,0.3158,0.3159,0.316,127390,481978.9,508195.7,505140.5,455543.6,260452,253431.4,238848.3,289397.8,271490.6,118697.8,293306.7,653940.6,615938.6,637913.8,577814.4,500226.4,300322.5,308224.9,70644.3
261,0.315,0.3149,0.3148,0.3147,0.3146,0.3145,0.3144,0.3143,0.3142,0.3141,0.3151,0.3152,0.3153,0.3154,0.3155,0.3156,0.3157,0.3158,0.3159,0.316,115989.4,482678.9,508195.7,505140.4,455543.6,261769.3,253431.4,237530.9,289397.8,270555.4,122592.1,305399.3,661878.4,614732.5,637913.8,579020.5,500226.4,300322.5,308224.9,70644.3
262,0.315,0.3149,0.3148,0.3147,0.3146,0.3145,0.3144,0.3143,0.3142,0.3141,0.3151,0.3152,0.3153,0.3154,0.3155,0.3156,0.3157,0.3158,0.3159,0.316,75891.8,460947.3,526342.6,523999,455543.6,261769.3,253431.4,237530.9,289397.8,270555.4,182411.9,279648.1,653031.2,614732.5,637913.8,577814.4,500226.4,300322.5,308224.9,70644.3
263,0.315,0.3149,0.3148,0.3147,0.3146,0.3145,0.3144,0.3143,0.3142,0.3141,0.3151,0.3152,0.3153,0.3154,0.3155,0.3156,0.3157,0.3158,0.3159,0.316,71684.4,473153.8,513980.9,527078.6,455543.6,261772,253431.4,237530.9,289397.8,270555.4,160231.8,261750,665993.3,617938.3,637913.8,577814.4,500226.4,300322.5,316832.5,76934.3
264,0.3149,0.3148,0.3147,0.3146,0.3145,0.3144,0.3143,0.3142,0.3141,0.314,0.315,0.3151,0.3152,0.3153,0.3154,0.3155,0.3156,0.3157,0.3158,0.3159,407043,529385.7,545457.9,440504.9,267704.5,254748.7,237530.9,244102.2,312664.2,23922.6,98545.5,244253.4,259600.4,656446.6,617938.3,637913.8,577814.4,500226.4,300322.5,316833.8
265,0.3149,0.3148,0.3147,0.3146,0.3145,0.3144,0.3143,0.3142,0.3141,0.314,0.315,0.3151,0.3152,0.3153,0.3154,0.3155,0.3156,0.3157,0.3158,0.3159,409155.5,511934.7,535069.8,449921.1,267444.2,256419,236195.7,245438,280344.9,21651.3,57135.1,258675.1,257336.2,667296.1,616068.3,637913.8,577814.4,501156.9,300322.5,301341.8
266,0.3149,0.3148,0.3147,0.3146,0.3145,0.3144,0.3143,0.3142,0.3141,0.314,0.315,0.3151,0.3152,0.3153,0.3154,0.3155,0.3156,0.3157,0.3158,0.3159,387554.5,492392.8,522606.2,450445,260194.4,256419,259532.7,245438,280344.9,21651.3,122633.2,267381.4,269412.6,649536.8,614732.5,640326.8,576738,501156.9,300322.5,309986.3
267,0.3148,0.3147,0.3146,0.3145,0.3144,0.3143,0.3142,0.3141,0.314,0.3139,0.3149,0.315,0.3151,0.3152,0.3153,0.3154,0.3155,0.3156,0.3157,0.3158,288750.9,521405.1,558644.3,456403.4,264627.8,272127.5,230245.8,283244.1,37222.3,60480.8,156144.2,476500.9,218699.3,616149.1,620961,622234.1,623942.4,525007,319539.6,238551.7
268,0.3148,0.3147,0.3146,0.3145,0.3144,0.3143,0.3142,0.3141,0.314,0.3139,0.3149,0.315,0.3151,0.3152,0.3153,0.3154,0.3155,0.3156,0.3157,0.3158,264505.7,566724.4,532841.9,456403.4,264627.8,272127.5,230245.8,283244.1,37222.3,60480.8,156411.9,468500.9,228233.2,606614.3,620961,622234.1,623942.4,525937.9,318609.1,242811.3
269,0.3148,0.3147,0.3146,0.3145,0.3144,0.3143,0.3142,0.3141,0.314,0.3139,0.3149,0.315,0.3151,0.3152,0.3153,0.3154,0.3155,0.3156,0.3157,0.3158,322974.6,566492.3,539349.8,426973.4,263836.3,272127.5,230245.8,283244.1,37222.3,60480.8,65143.8,482576.9,217907.8,606614.3,621752.5,622234.1,624873.6,525007,318609.1,234164.8
270,0.3149,0.3148,0.3147,0.3146,0.3145,0.3144,0.3143,0.3142,0.3141,0.314,0.315,0.3151,0.3152,0.3153,0.3154,0.3155,0.3156,0.3157,0.3158,0.3159,104798.7,321642.9,506953.8,547714.9,427560.4,263836.3,270732.7,245448.2,283244.1,21651.3,307739.3,216906.7,625250.3,620433.3,621682.1,626209.7,529801.1,368616.7,234164.8,248429.5
271,0.3149,0.3148,0.3147,0.3146,0.3145,0.3144,0.3143,0.3142,0.3141,0.314,0.315,0.3151,0.3152,0.3153,0.3154,0.3155,0.3156,0.3157,0.3158,0.3159,121637.5,307231.1,506153.8,546362.2,427560.4,263836.3,270732.7,245448.2,283244.1,21651.3,301917.1,196906.7,640554.2,619833.3,620782.1,625278.5,530731.9,368616.7,234164.8,262380.2
272,0.3149,0.3148,0.3147,0.3146,0.3145,0.3144,0.3143,0.3142,0.3141,0.314,0.315,0.3151,0.3152,0.3153,0.3154,0.3155,0.3156,0.3157,0.3158,0.3159,150675.4,349789.8,490721.5,534575,440704.5,265172,270732.7,244112.4,283244.1,21651.3,256014.6,208027.4,640987.4,617951.4,619575.2,627276.5,527144.3,330453.4,234164.8,302318.8
273,0.3149,0.3148,0.3147,0.3146,0.3145,0.3144,0.3143,0.3142,0.3141,0.314,0.315,0.3151,0.3152,0.3153,0.3154,0.3155,0.3156,0.3157,0.3158,0.3159,145345.6,354492.3,502625.8,534157.6,442361.7,263513.7,270732.7,289217,238236.1,21651.3,195968.3,194391.3,636129.4,627119.4,620728,627276.5,511832.5,345954.8,240118.1,293676.7
274,0.3149,0.3148,0.3147,0.3146,0.3145,0.3144,0.3143,0.3142,0.3141,0.314,0.315,0.3151,0.3152,0.3153,0.3154,0.3155,0.3156,0.3157,0.3158,0.3159,149163.6,338314.5,488178.4,533605.1,442361.7,278513.7,270732.7,289217,238236.1,21651.3,187864.9,212308.2,608114.7,634902.9,613303,619851.5,505199,338529.8,281537.6,241004.5
275,0.3151,0.315,0.3149,0.3148,0.3147,0.3146,0.3145,0.3144,0.3143,0.3142,0.3152,0.3153,0.3154,0.3155,0.3156,0.3157,0.3158,0.3159,0.316,0.3161,173421.3,133932.1,153569,302651.1,490361.7,515235.1,440966.7,282663.8,259532.7,274228.8,422439.4,573723.6,645481.5,629047.1,513986,331634.6,313173.9,285309.6,83356.8,58423.9
276,0.3151,0.315,0.3149,0.3148,0.3147,0.3146,0.3145,0.3144,0.3143,0.3142,0.3152,0.3153,0.3154,0.3155,0.3156,0.3157,0.3158,0.3159,0.316,0.3161,225828.6,142710.1,163559.9,303442.6,489809.5,516826.6,439309.7,282663.8,259532.7,274228.8,417546.5,554365.3,663760.6,631045.8,514260.9,331220,315309.6,285309.6,83356.8,50167.3
277,0.3151,0.315,0.3149,0.3148,0.3147,0.3146,0.3145,0.3144,0.3143,0.3142,0.3152,0.3153,0.3154,0.3155,0.3156,0.3157,0.3158,0.3159,0.316,0.3161,228487.3,164479.8,166619.7,473015.1,489257.1,518160.9,439309.7,281328.1,307545.6,256573.1,38392.1,613935,691296.4,630684.5,514622.2,331220,315309.6,285309.6,83356.8,51125.6
278,0.3151,0.315,0.3149,0.3148,0.3147,0.3146,0.3145,0.3144,0.3143,0.3142,0.3152,0.3153,0.3154,0.3155,0.3156,0.3157,0.3158,0.3159,0.316,0.3161,207539.3,174023.8,162185.4,473015.1,489257.1,518159.6,439309.7,281328.1,307545.6,256573.1,50894.4,632005.8,684570.3,640204.8,514622.2,328941.9,315581.2,285309.6,83356.8,51124.8
279,0.315,0.3149,0.3148,0.3147,0.3146,0.3145,0.3144,0.3143,0.3142,0.3141,0.3151,0.3152,0.3153,0.3154,0.3155,0.3156,0.3157,0.3158,0.3159,0.316,71351.6,145726.7,463819.4,494375.5,457870.5,440964,266328.1,307539.7,229124.2,238236.1,166172.2,387855.6,650020.4,682323,628288,522301.3,328150.4,313169.8,306921.3,35115.3
280,0.3151,0.315,0.3149,0.3148,0.3147,0.3146,0.3145,0.3144,0.3143,0.3142,0.3152,0.3153,0.3154,0.3155,0.3156,0.3157,0.3158,0.3159,0.316,0.3161,134736.9,183895.1,148503.9,464833.7,494962.6,459525,439309.7,266328.1,307539.7,229124.2,127375.2,720963.1,685761.7,629510.3,521095.2,330751.3,313169.8,310810.2,41066.7,45175
281,0.3152,0.3151,0.315,0.3149,0.3148,0.3147,0.3146,0.3145,0.3144,0.3143,0.3153,0.3154,0.3155,0.3156,0.3157,0.3158,0.3159,0.316,0.3161,0.3162,167660.4,159296.8,157497.5,154207,468723.1,485367,449545.5,439374.1,301106,252103.7,405321.8,678980.9,651619.6,534372.5,330336.7,324119.6,264908.7,70974.8,79693.9,86303.9
282,0.3152,0.3151,0.315,0.3149,0.3148,0.3147,0.3146,0.3145,0.3144,0.3143,0.3153,0.3154,0.3155,0.3156,0.3157,0.3158,0.3159,0.316,0.3161,0.3162,132244.7,183886.9,143430.1,156153.8,468121,483972.1,449545.5,439374.1,301106,252103.7,410199.8,710365.9,634103,513652.8,319136.7,312919.6,263979,71904.1,88295,77667.8
283,0.3152,0.3151,0.315,0.3149,0.3148,0.3147,0.3146,0.3145,0.3144,0.3143,0.3153,0.3154,0.3155,0.3156,0.3157,0.3158,0.3159,0.316,0.3161,0.3162,131006.4,183886.9,143380.1,156153.8,468121.2,483972.1,449545.5,439374.1,301106,252103.7,389404.1,694365.9,650103,513652.8,319136.7,312919.6,263979,71904.1,79693.9,77667.8
284,0.3152,0.3151,0.315,0.3149,0.3148,0.3147,0.3146,0.3145,0.3144,0.3143,0.3153,0.3154,0.3155,0.3156,0.3157,0.3158,0.3159,0.316,0.3161,0.3162,191965.3,167884.8,147459.5,192283.6,434162.9,482318.2,464906.4,439374.1,285755.9,246156.1,349819.2,666604.8,650733.1,516495.3,319498,310509,250880.8,82373.6,79693.9,70331.8
285,0.3152,0.3151,0.315,0.3149,0.3148,0.3147,0.3146,0.3145,0.3144,0.3143,0.3153,0.3154,0.3155,0.3156,0.3157,0.3158,0.3159,0.316,0.3161,0.3162,169324.2,167884.8,143380.1,380541.2,441463.2,476751.5,488890.7,439374.1,285755.9,252103.7,312849.1,663772.3,664191.8,516715.8,318103.2,310509,250880.8,82373.6,79693.9,70331.8
286,0.3152,0.3151,0.315,0.3149,0.3148,0.3147,0.3146,0.3145,0.3144,0.3143,0.3153,0.3154,0.3155,0.3156,0.3157,0.3158,0.3159,0.316,0.3161,0.3162,164484,167884.8,143380.1,380541.2,441463.2,476751.5,467088.6,442896.7,285755.9,252103.7,286168.7,663772.3,654674.5,526233.1,318103.2,310509,250880.8,82373.6,79693.9,70331.8
287,0.3152,0.3151,0.315,0.3149,0.3148,0.3147,0.3146,0.3145,0.3144,0.3143,0.3153,0.3154,0.3155,0.3156,0.3157,0.3158,0.3159,0.316,0.3161,0.3162,147336.5,167884.8,143910.1,379989.3,441463.2,476751.5,467088.6,439374.1,285755.9,252103.7,259925.4,654131,667448.3,513499.7,318123.8,310903.3,251948.1,82180,79714.5,70545.8
288,0.3152,0.3151,0.315,0.3149,0.3148,0.3147,0.3146,0.3145,0.3144,0.3143,0.3153,0.3154,0.3155,0.3156,0.3157,0.3158,0.3159,0.316,0.3161,0.3162,141421.7,194506.3,143910.1,160008,473185.5,476751.5,459281.7,445752.9,285755.9,252103.7,288098.1,691176.5,630102.3,513303,318123.8,310499.9,251948.1,82180,79714.5,70545.8
289,0.3151,0.315,0.3149,0.3148,0.3147,0.3146,0.3145,0.3144,0.3143,0.3142,0.3152,0.3153,0.3154,0.3155,0.3156,0.3157,0.3158,0.3159,0.316,0.3161,147741.6,156413.9,155337.8,464727.8,469417.3,434930.8,439374.1,292179.4,243113.7,258603.1,87016.9,519748.3,697197.4,580112.5,505518.3,322906,309708.4,262111.1,106574,37422.6
290,0.3151,0.315,0.3149,0.3148,0.3147,0.3146,0.3145,0.3144,0.3143,0.3142,0.3152,0.3153,0.3154,0.3155,0.3156,0.3157,0.3158,0.3159,0.316,0.3161,88071.4,188006,130982.9,468528.9,469417.3,433596.1,439374.1,255819.9,251718,306752.2,127566.3,524370.4,681102.7,563127.1,502966.7,323320.2,324620.1,260905.8,90390.9,37422.6
291,0.3152,0.3151,0.315,0.3149,0.3148,0.3147,0.3146,0.3145,0.3144,0.3143,0.3153,0.3154,0.3155,0.3156,0.3157,0.3158,0.3159,0.316,0.3161,0.3162,168217.3,153759.7,121018.1,144164.3,467737.4,469417.3,433596.1,439374.1,251311.4,290011.5,283662.1,777156.5,578060,508815,323223.2,310509,262111.1,105806.5,43372.1,63516.3
292,0.3152,0.3151,0.315,0.3149,0.3148,0.3147,0.3146,0.3145,0.3144,0.3143,0.3153,0.3154,0.3155,0.3156,0.3157,0.3158,0.3159,0.316,0.3161,0.3162,117810.1,152622.7,156342,144164.3,467737.4,469417.3,433596.1,439374.1,258486.6,290011.5,290451.6,782844.7,569742.6,507609.7,318441,309579,266890.9,106735.8,43372.1,63516.3
293,0.3151,0.315,0.3149,0.3148,0.3147,0.3146,0.3145,0.3144,0.3143,0.3142,0.3152,0.3153,0.3154,0.3155,0.3156,0.3157,0.3158,0.3159,0.316,0.3161,127091.6,174152.1,140565.2,467737.4,469417.3,456920.1,439374.1,251311.4,235702.2,258603.1,115839.2,520578.9,719336.5,570625.9,507609.7,318441,309579,241814.6,64037.5,43372.1
294,0.3152,0.3151,0.315,0.3149,0.3148,0.3147,0.3146,0.3145,0.3144,0.3143,0.3153,0.3154,0.3155,0.3156,0.3157,0.3158,0.3159,0.316,0.3161,0.3162,97169.6,149909.4,146860.3,177277.6,434620.3,469601.3,465587.9,439374.1,251311.4,235702.2,347141.4,786192.4,578543.9,508815,318079.7,308373.3,270055.6,48621.9,43372.1,63516.3
295,0.3152,0.3151,0.315,0.3149,0.3148,0.3147,0.3146,0.3145,0.3144,0.3143,0.3153,0.3154,0.3155,0.3156,0.3157,0.3158,0.3159,0.316,0.3161,0.3162,97169.5,149909.3,146950.3,177277.6,434620.3,469601.3,465587.9,439374.1,251311.4,235702.2,342467.1,786308.7,577439.8,508815,318079.7,308373.3,266205.4,48009,43372.1,63516.3
296,0.3152,0.3151,0.315,0.3149,0.3148,0.3147,0.3146,0.3145,0.3144,0.3143,0.3153,0.3154,0.3155,0.3156,0.3157,0.3158,0.3159,0.316,0.3161,0.3162,67289.3,143152,98166.2,177277.6,434620.3,469417.3,456920.1,439374.1,251311.4,235702.2,320966.6,720224.6,577439.8,508815,318079.7,308373.3,265275.8,48009,43372.1,63516.3
297,0.3153,0.3152,0.3151,0.315,0.3149,0.3148,0.3147,0.3146,0.3145,0.3144,0.3154,0.3155,0.3156,0.3157,0.3158,0.3159,0.316,0.3161,0.3162,0.3163,96018.8,122122.8,96036.7,89743.9,541428.7,419619.2,472250.9,461116.5,439374.1,234563,438522.3,698110.9,517580.6,332288.3,308690.4,249778.7,60652.8,51319.1,31878.7,49304.8
298,0.3153,0.3152,0.3151,0.315,0.3149,0.3148,0.3147,0.3146,0.3145,0.3144,0.3154,0.3155,0.3156,0.3157,0.3158,0.3159,0.316,0.3161,0.3162,0.3163,97635.8,118208.7,95932.4,85664.5,540876.7,419619.2,471893,461116.5,439374.1,234563,435581.4,715888.2,516055.1,317778.7,309481.9,251113.1,59841.8,51319.1,31878.7,50233.2
299,0.3153,0.3152,0.3151,0.315,0.3149,0.3148,0.3147,0.3146,0.3145,0.3144,0.3154,0.3155,0.3156,0.3157,0.3158,0.3159,0.316,0.3161,0.3162,0.3163,86591.6,122208.7,95932.4,87059.3,539481.9,419619.2,457896,461116.5,439374.1,234563,449576.3,696958.1,514847.8,317778.7,309481.9,251113.1,61046.8,52248,31878.7,49304.8
300,0.3153,0.3152,0.3151,0.315,0.3149,0.3148,0.3147,0.3146,0.3145,0.3144,0.3154,0.3155,0.3156,0.3157,0.3158,0.3159,0.316,0.3161,0.3162,0.3163,121244.9,110192.5,71224.6,97893.8,539473.6,412495.8,456579.7,461116.5,439374.1,234563,390346.1,686225.7,530295,337387.4,309481.9,248702.5,62251.8,52248,31878.7,49304.8
301,0.3153,0.3152,0.3151,0.315,0.3149,0.3148,0.3147,0.3146,0.3145,0.3144,0.3154,0.3155,0.3156,0.3157,0.3158,0.3159,0.316,0.3161,0.3162,0.3163,89800.9,110088.2,80742.8,135966.5,509114.7,413811.8,456579.7,461116.5,439374.1,234777,378349,757605.8,512528,322186.4,309481.9,248702.5,62037.7,52248,32092.7,49304.8
302,0.3153,0.3152,0.3151,0.315,0.3149,0.3148,0.3147,0.3146,0.3145,0.3144,0.3154,0.3155,0.3156,0.3157,0.3158,0.3159,0.316,0.3161,0.3162,0.3163,98239,128950.2,80742.8,119357.1,509114.7,413812.3,459943.6,461116.5,439374.1,234777,340094.6,752880.8,520458.4,322186.4,309481.9,248702.5,62966.9,51319.1,32092.7,49304.8
303,0.3153,0.3152,0.3151,0.315,0.3149,0.3148,0.3147,0.3146,0.3145,0.3144,0.3154,0.3155,0.3156,0.3157,0.3158,0.3159,0.316,0.3161,0.3162,0.3163,94717.7,128950.2,80742.8,119357.1,509114.7,413812.2,455679.7,437792.5,439374.1,234777,320049.3,752880.8,520438.1,322186.4,309481.9,248702.5,62037.7,52248,32092.7,49304.8
304,0.3153,0.3152,0.3151,0.315,0.3149,0.3148,0.3147,0.3146,0.3145,0.3144,0.3154,0.3155,0.3156,0.3157,0.3158,0.3159,0.316,0.3161,0.3162,0.3163,132170.1,102487.9,79951.8,117410.5,509114.7,413811.8,455659.2,444551.7,490600.9,234777,280983,743362.6,527420.9,326075.1,309481.9,248702.5,62037.7,52248,32092.7,94080.4
305,0.3153,0.3152,0.3151,0.315,0.3149,0.3148,0.3147,0.3146,0.3145,0.3144,0.3154,0.3155,0.3156,0.3157,0.3158,0.3159,0.316,0.3161,0.3162,0.3163,133421.8,100798.8,91050.5,117962.3,515933.1,412130.9,466980.9,437792.5,490600.9,234777,200685.5,723439.3,540245.7,332778.5,309481.9,248702.5,62037.7,62896.7,75115,49304.8
306,0.3153,0.3152,0.3151,0.315,0.3149,0.3148,0.3147,0.3146,0.3145,0.3144,0.3154,0.3155,0.3156,0.3157,0.3158,0.3159,0.316,0.3161,0.3162,0.3163,132113.2,100830.6,91050.5,337934.6,428299.5,412130.8,450037.3,455116.9,490600.9,234777,374845.1,707439.3,555454.2,326436.4,308146.6,249494,62037.7,62896.7,75115,50639
307,0.3153,0.3152,0.3151,0.315,0.3149,0.3148,0.3147,0.3146,0.3145,0.3144,0.3154,0.3155,0.3156,0.3157,0.3158,0.3159,0.316,0.3161,0.3162,0.3163,130853.3,103449.5,91050.4,337382.8,429247.5,396845.9,427138.9,455116.9,490600.9,234777,375875.5,708079.6,557632.4,334364.4,308146.6,249494,62966.9,61967.8,75115,50639
308,0.3153,0.3152,0.3151,0.315,0.3149,0.3148,0.3147,0.3146,0.3145,0.3144,0.3154,0.3155,0.3156,0.3157,0.3158,0.3159,0.316,0.3161,0.3162,0.3163,143711.2,109487.3,80740.7,338726.1,429247.5,396845.9,427138.9,446454.7,490600.9,234777,371788.2,708097.3,548998.8,323233.7,307355.1,249494,62966.9,61967.8,75115,50639
309,0.3153,0.3152,0.3151,0.315,0.3149,0.3148,0.3147,0.3146,0.3145,0.3144,0.3154,0.3155,0.3156,0.3157,0.3158,0.3159,0.316,0.3161,0.3162,0.3163,140987.6,99371.5,90256.5,338726.1,430902.9,395190.5,427138.9,437792.5,490600.9,234777,354028.5,698581.5,558514.6,323233.7,307355.1,250699,61761.9,61967.8,75115,50639
310,0.3153,0.3152,0.3151,0.315,0.3149,0.3148,0.3147,0.3146,0.3145,0.3144,0.3154,0.3155,0.3156,0.3157,0.3158,0.3159,0.316,0.3161,0.3162,0.3163,129212.4,99371.5,90256.5,338726.1,430902.9,395190.5,436685.3,437792.5,490600.9,234777,349333.4,701211.6,557723.1,323233.7,308146.6,250699,61761.9,61967.8,75115,50639
311,0.3153,0.3152,0.3151,0.315,0.3149,0.3148,0.3147,0.3146,0.3145,0.3144,0.3154,0.3155,0.3156,0.3157,0.3158,0.3159,0.316,0.3161,0.3162,0.3163,126664.8,108984.3,85233.8,338726.1,430902.9,395190.5,457974.5,445216.8,490600.9,234777,307902.7,697907.4,553859.9,328370.8,308146.6,251904,61761.9,61967.8,75115,50639
312,0.3153,0.3152,0.3151,0.315,0.3149,0.3148,0.3147,0.3146,0.3145,0.3144,0.3154,0.3155,0.3156,0.3157,0.3158,0.3159,0.316,0.3161,0.3162,0.3163,49557,101037,84263.5,346661.3,415391.8,395190.5,436685.3,442564.8,490600.9,242899.3,350463.9,731708,521559.3,327579.3,307355.1,251112.5,59627.7,61967.8,75115,50639
313,0.3153,0.3152,0.3151,0.315,0.3149,0.3148,0.3147,0.3146,0.3145,0.3144,0.3154,0.3155,0.3156,0.3157,0.3158,0.3159,0.316,0.3161,0.3162,0.3163,52864.1,124454.4,80815.6,148330.8,415391.8,395190.5,431911.1,456881.6,490600.9,234777,344253.6,750448,521559.3,327218,307355.1,251112.5,59627.7,62896.7,75115,50639
314,0.3153,0.3152,0.3151,0.315,0.3149,0.3148,0.3147,0.3146,0.3145,0.3144,0.3154,0.3155,0.3156,0.3157,0.3158,0.3159,0.316,0.3161,0.3162,0.3163,38291.1,124454.4,83902.6,173244.4,429391.8,409190.5,431911.1,471669.7,492409.7,234777,361410.9,725538.6,541134.8,341218,321355.1,265112.5,61761.9,61967.8,75115,50639
315,0.3153,0.3152,0.3151,0.315,0.3149,0.3148,0.3147,0.3146,0.3145,0.3144,0.3154,0.3155,0.3156,0.3157,0.3158,0.3159,0.316,0.3161,0.3162,0.3163,114711.5,126454.4,104517.4,351986.1,429391.8,409190.5,446572.1,447336.8,490600.9,234777,254392.3,727238.3,563707.9,345987,321355.1,262702.5,62966.9,61967.8,75115,50639
