timestamp,bid_price_0,bid_price_1,bid_price_2,bid_price_3,bid_price_4,bid_price_5,bid_price_6,bid_price_7,bid_price_8,bid_price_9,ask_price_0,ask_price_1,ask_price_2,ask_price_3,ask_price_4,ask_price_5,ask_price_6,ask_price_7,ask_price_8,ask_price_9,bid_size_0,bid_size_1,bid_size_2,bid_size_3,bid_size_4,bid_size_5,bid_size_6,bid_size_7,bid_size_8,bid_size_9,ask_size_0,ask_size_1,ask_size_2,ask_size_3,ask_size_4,ask_size_5,ask_size_6,ask_size_7,ask_size_8,ask_size_9
0,0.3152,0.3151,0.315,0.3149,0.3148,0.3147,0.3146,0.3145,0.3144,0.3143,0.3153,0.3154,0.3155,0.3156,0.3157,0.3158,0.3159,0.316,0.3161,0.3162,33665.1,173296.5,187479.6,266273.6,421087.7,391314.2,359038.6,330336.7,266263.7,276670.2,340075.1,414037.1,425097.6,347559.5,322771.2,337369.3,334090,277850.5,234483.3,118062
1,0.315,0.3149,0.3148,0.3147,0.3146,0.3145,0.3144,0.3143,0.3142,0.3141,0.3151,0.3152,0.3153,0.3154,0.3155,0.3156,0.3157,0.3158,0.3159,0.316,85054.7,272119.8,446486.4,394852.3,356182.9,375367.8,346628.3,300861.8,267785.4,41141.5,126703.3,245268.6,381873.3,387339.9,377525.4,346846,338007.5,273066.6,265052.8,269475.6
2,0.315,0.3149,0.3148,0.3147,0.3146,0.3145,0.3144,0.3143,0.3142,0.3141,0.3151,0.3152,0.3153,0.3154,0.3155,0.3156,0.3157,0.3158,0.3159,0.316,87789.8,227355.9,460824.2,394852.3,356974.4,375367.8,346628.3,300861.8,267785.4,42076.4,113187,231928.7,390624.9,387967.4,375591.8,347801.6,342808.4,281319.8,304948.1,220482.1
3,0.315,0.3149,0.3148,0.3147,0.3146,0.3145,0.3144,0.3143,0.3142,0.3141,0.3151,0.3152,0.3153,0.3154,0.3155,0.3156,0.3157,0.3158,0.3159,0.316,71813.5,261044.5,456713,394879,356974.4,375367.8,346628.3,309536.3,267785.4,41141.5,110904.8,231928.7,390609.9,389237,378256.2,347676.4,342808.4,286120.7,300151,227949.1
4,0.315,0.3149,0.3148,0.3147,0.3146,0.3145,0.3144,0.3143,0.3142,0.3141,0.3151,0.3152,0.3153,0.3154,0.3155,0.3156,0.3157,0.3158,0.3159,0.316,77769.3,248754.1,437712.3,394879,356974.4,376638.2,327977.3,289170.2,267785.4,41145.3,98638.4,239581,381079.5,392411,375121.4,347676.4,338007.5,287456.2,306102.4,210504.3
5,0.315,0.3149,0.3148,0.3147,0.3146,0.3145,0.3144,0.3143,0.3142,0.3141,0.3151,0.3152,0.3153,0.3154,0.3155,0.3156,0.3157,0.3158,0.3159,0.316,79975.6,234856.2,449712.3,394879,356974.4,376638.2,337578.3,289170.2,267785.4,41145.3,100898.3,245157.9,381630.4,392411,375121.4,347676.4,338007.5,287456.2,306102.4,234207.8
6,0.315,0.3149,0.3148,0.3147,0.3146,0.3145,0.3144,0.3143,0.3142,0.3141,0.3151,0.3152,0.3153,0.3154,0.3155,0.3156,0.3157,0.3158,0.3159,0.316,149776.2,269224.1,423081.9,394879,356182.9,375368.6,354685,287279.2,267785.4,35193.9,15593.7,207228.1,389868.6,409947.1,373851.8,347676.4,339277.1,287455.9,306102.4,210504.3
7,0.3151,0.315,0.3149,0.3148,0.3147,0.3146,0.3145,0.3144,0.3143,0.3142,0.3152,0.3153,0.3154,0.3155,0.3156,0.3157,0.3158,0.3159,0.316,0.3161,176835.9,211561.9,246623.3,426385,394071.3,358721.3,373043.6,325110.9,271024.3,252355.9,83990.9,398338.4,403373,373227.5,347236,326668.1,354929.1,310902.1,211839.7,246495.9
8,0.3151,0.315,0.3149,0.3148,0.3147,0.3146,0.3145,0.3144,0.3143,0.3142,0.3152,0.3153,0.3154,0.3155,0.3156,0.3157,0.3158,0.3159,0.316,0.3161,139611.4,187952,245183,426385.1,393527.7,341939.2,373995.4,325110.9,271024.3,259239.8,81007,368434,403371.2,384708.8,346444.5,326668.1,354929.1,310902.1,220479.8,239567.8
9,0.315,0.3149,0.3148,0.3147,0.3146,0.3145,0.3144,0.3143,0.3142,0.3141,0.3151,0.3152,0.3153,0.3154,0.3155,0.3156,0.3157,0.3158,0.3159,0.316,33792.7,204752.8,476767.9,403393.4,347928.3,352038.8,309815.9,248510.3,239821.5,79559.8,176587.8,215960.5,394521.8,397564.7,369924.2,346406.8,264955,283509.2,313558.7,218510.1
10,0.3149,0.3148,0.3147,0.3146,0.3145,0.3144,0.3143,0.3142,0.3141,0.314,0.315,0.3151,0.3152,0.3153,0.3154,0.3155,0.3156,0.3157,0.3158,0.3159,45121.9,463064.8,437398.9,368062.7,356537.4,322124.9,286341,246769.9,78883.7,52466.5,233395.3,195343.2,210528.1,378706.5,389157.5,364812.2,324140.9,262533.2,312527.2,271925
11,0.3149,0.3148,0.3147,0.3146,0.3145,0.3144,0.3143,0.3142,0.3141,0.314,0.315,0.3151,0.3152,0.3153,0.3154,0.3155,0.3156,0.3157,0.3158,0.3159,71754.2,470948,436338.2,351115.7,357437.4,322824.9,309084.8,281274.9,77948.8,53616.1,217309.1,195432.9,204332.1,378706.5,419596.1,335690.9,322823.7,262533.2,312527.2,272504.9
12,0.3149,0.3148,0.3147,0.3146,0.3145,0.3144,0.3143,0.3142,0.3141,0.314,0.315,0.3151,0.3152,0.3153,0.3154,0.3155,0.3156,0.3157,0.3158,0.3159,44065,457355.8,428173.7,367916,357437.4,322033.4,309084.8,246770,77948.8,53401.8,228514.9,184657.7,203311.4,378642.2,418326.5,336960.9,322823.7,250694.1,312527.2,264905.2
13,0.3149,0.3148,0.3147,0.3146,0.3145,0.3144,0.3143,0.3142,0.3141,0.314,0.315,0.3151,0.3152,0.3153,0.3154,0.3155,0.3156,0.3157,0.3158,0.3159,64496.5,475814.9,434581.6,342379.7,357437.4,325047.4,315542,246555.7,77948.8,53616.1,193184.7,228028.3,207884.3,374980,415661.7,338231.3,327626.1,251846.3,312527.2,256321.7
14,0.3149,0.3148,0.3147,0.3146,0.3145,0.3144,0.3143,0.3142,0.3141,0.314,0.315,0.3151,0.3152,0.3153,0.3154,0.3155,0.3156,0.3157,0.3158,0.3159,67072.8,484177.2,438372.5,341044.2,357437.4,325592.3,304951.7,246555.7,77948.8,53616.1,152483.6,183864.8,203548.3,378862,404073.4,336961.3,364556.2,269630.7,311191,256321.7
15,0.3141,0.314,0.3139,0.3138,0.3137,0.3136,0.3135,0.3134,0.3133,0.3132,0.3142,0.3143,0.3144,0.3145,0.3146,0.3147,0.3148,0.3149,0.315,0.3151,121163.6,441056.5,475553.5,391920.9,405777.2,406821.1,398760.4,358039.3,125522.9,212955,31736,72377.3,306310.6,236270.1,200397.2,261104,235088.1,230155.5,234681.4,272675.3
16,0.3142,0.3141,0.314,0.3139,0.3138,0.3137,0.3136,0.3135,0.3134,0.3133,0.3143,0.3144,0.3145,0.3146,0.3147,0.3148,0.3149,0.315,0.3151,0.3152,50472.3,213468.1,434852.1,468213,384008,385923.7,372076.3,375017.6,331085.2,183246.4,80816.3,215990.4,253660,228500.9,247104.9,236328.7,229594.2,233505.2,302143,64661.3
17,0.3144,0.3143,0.3142,0.3141,0.314,0.3139,0.3138,0.3137,0.3136,0.3135,0.3145,0.3146,0.3147,0.3148,0.3149,0.315,0.3151,0.3152,0.3153,0.3154,119269.6,206949,142307.6,224706.9,448444.3,456191.7,395202.1,402023.7,365808.2,286786.6,80786.6,211836.5,275171.4,242316.4,230391,248097.3,255487.6,55165.3,237376.2,122655.3
18,0.3145,0.3144,0.3143,0.3142,0.3141,0.314,0.3139,0.3138,0.3137,0.3136,0.3146,0.3147,0.3148,0.3149,0.315,0.3151,0.3152,0.3153,0.3154,0.3155,91237.1,208890.2,151850.7,230382.8,412873,407873.6,457480.3,403203.5,421046.2,300989.4,239311,307427.1,244029.3,229641.8,247343.3,255487.6,55165.3,236516.6,123974.3,88754.1
19,0.3144,0.3143,0.3142,0.3141,0.314,0.3139,0.3138,0.3137,0.3136,0.3135,0.3145,0.3146,0.3147,0.3148,0.3149,0.315,0.3151,0.3152,0.3153,0.3154,76371.2,185660.1,242298.3,412674.9,408088.2,453447.7,391203.3,391682,297631,368625.1,97925.9,298081.2,317238,257124.7,229663.5,247305.8,255487.6,56484.5,279999.3,84794.5
20,0.3145,0.3144,0.3143,0.3142,0.3141,0.314,0.3139,0.3138,0.3137,0.3136,0.3146,0.3147,0.3148,0.3149,0.315,0.3151,0.3152,0.3153,0.3154,0.3155,76707.1,202027.5,167819.5,229907.8,409478.5,422567.8,474250.3,370000.2,374023.7,350409.7,229198.3,328043.4,229028.6,229193.1,248583.6,255486.8,61292.5,284807.3,72758.3,68686.5
21,0.3145,0.3144,0.3143,0.3142,0.3141,0.314,0.3139,0.3138,0.3137,0.3136,0.3146,0.3147,0.3148,0.3149,0.315,0.3151,0.3152,0.3153,0.3154,0.3155,75014.5,202027.5,160056.6,282397.1,636939.1,594828.3,642594.7,368340.4,417374.1,298568.2,361942.3,483641.6,407215.5,229193.1,248583.6,232123.8,84646.5,284807.3,72758.3,60056.7
22,0.3145,0.3144,0.3143,0.3142,0.3141,0.314,0.3139,0.3138,0.3137,0.3136,0.3146,0.3147,0.3148,0.3149,0.315,0.3151,0.3152,0.3153,0.3154,0.3155,65425,220579.5,165623.1,252588.8,653747.1,582752.2,626291.4,368340.4,417374.1,299963,340023,476103.8,396755.3,256328.9,234949.8,245181.5,85886.5,242564.4,92741.8,77284.5
23,0.3144,0.3143,0.3142,0.3141,0.314,0.3139,0.3138,0.3137,0.3136,0.3135,0.3145,0.3146,0.3147,0.3148,0.3149,0.315,0.3151,0.3152,0.3153,0.3154,80628,162482.9,262204.6,648149.8,593216.7,615378.9,368125.8,378832.3,344596.5,273029.1,129590.8,367001.6,471133.7,398843.4,249721.7,236541.5,245181.5,63687.2,287326.4,58226.5
24,0.3144,0.3143,0.3142,0.3141,0.314,0.3139,0.3138,0.3137,0.3136,0.3135,0.3145,0.3146,0.3147,0.3148,0.3149,0.315,0.3151,0.3152,0.3153,0.3154,93622,151352.4,273521.4,656885.3,577216.7,619396,382550.8,378832.3,344596.5,273029.1,136153,365485.2,502536.7,399082.5,249721.7,231732.7,245181.5,63401.1,287326.4,49597.8
25,0.3144,0.3143,0.3142,0.3141,0.314,0.3139,0.3138,0.3137,0.3136,0.3135,0.3145,0.3146,0.3147,0.3148,0.3149,0.315,0.3151,0.3152,0.3153,0.3154,135103,212062.8,328198.4,631945.7,611593,587819.8,385815.1,373521,418731.6,255065.1,92801,394341.9,480516.4,413360.4,248418,248568.8,232204.5,109785.4,238715.1,57401
26,0.3144,0.3143,0.3142,0.3141,0.314,0.3139,0.3138,0.3137,0.3136,0.3135,0.3145,0.3146,0.3147,0.3148,0.3149,0.315,0.3151,0.3152,0.3153,0.3154,121454.5,217385,296238,625028.2,612148.3,592598,389187.2,381536.5,333146,255065.1,65203.6,383075.8,504908.4,398529.2,247969.7,251128.7,230884.8,60841.8,238715.1,98738.5
27,0.3143,0.3142,0.3141,0.314,0.3139,0.3138,0.3137,0.3136,0.3135,0.3134,0.3144,0.3145,0.3146,0.3147,0.3148,0.3149,0.315,0.3151,0.3152,0.3153,105999.5,292555,662518.4,610724.2,592598,379571.5,381536.5,416754.9,256648.1,279562.5,58223.7,136098.6,398148.8,482740.9,394660.2,247140.6,251128.7,229644.2,60841.8,290217.5
28,0.3143,0.3142,0.3141,0.314,0.3139,0.3138,0.3137,0.3136,0.3135,0.3134,0.3144,0.3145,0.3146,0.3147,0.3148,0.3149,0.315,0.3151,0.3152,0.3153,68380.1,273804.8,628388.4,662828.4,593389.9,395402.1,382777.1,364091,262870.3,324783.2,129817.3,118486.2,383831.8,483532.4,395900.8,247140.6,254697.9,236042.8,111105.3,259741.5
29,0.3141,0.314,0.3139,0.3138,0.3137,0.3136,0.3135,0.3134,0.3133,0.3132,0.3142,0.3143,0.3144,0.3145,0.3146,0.3147,0.3148,0.3149,0.315,0.3151,427075.6,634607.9,650710.6,407507.8,438604.1,397921,338145.6,318903.9,66945.4,168447.9,67991.5,144303.2,139104.4,97807,368863.7,477604.3,412942.4,235040.6,239219.7,294979.5
30,0.3141,0.314,0.3139,0.3138,0.3137,0.3136,0.3135,0.3134,0.3133,0.3132,0.3142,0.3143,0.3144,0.3145,0.3146,0.3147,0.3148,0.3149,0.315,0.3151,387426,634946.9,592073.7,426554.8,422604.1,395439,339387,318903.9,66945.4,168447.9,87905.8,151087.5,138545.2,99498.5,309334.5,478924.5,411622.3,235040.6,239219.7,276948.4
31,0.3142,0.3141,0.314,0.3139,0.3138,0.3137,0.3136,0.3135,0.3134,0.3133,0.3143,0.3144,0.3145,0.3146,0.3147,0.3148,0.3149,0.315,0.3151,0.3152,77694.1,557739.3,627643.2,620050,384400.6,422604.1,395439,357395.6,318903.9,69368.8,120188.8,155729.8,105063.2,310088.7,478883.2,416513.9,235040.6,234410.3,285621.7,75368.8
32,0.3142,0.3141,0.314,0.3139,0.3138,0.3137,0.3136,0.3135,0.3134,0.3133,0.3143,0.3144,0.3145,0.3146,0.3147,0.3148,0.3149,0.315,0.3151,0.3152,72954.8,562986.8,627643.2,624203,383061.9,422604.1,395653.8,369866.6,318903.9,69368.8,95718.9,170300.2,99819.4,310153,478883.2,414856.4,228321,234391.5,278287.8,83499
33,0.3142,0.3141,0.314,0.3139,0.3138,0.3137,0.3136,0.3135,0.3134,0.3133,0.3143,0.3144,0.3145,0.3146,0.3147,0.3148,0.3149,0.315,0.3151,0.3152,66642.4,542888.6,646683.9,627385,378637.4,427414.8,397921,369605.2,318903.9,69368.8,120622.2,175618.2,97599.8,310153,478883.2,416097.4,228321,235730.8,276948.4,92012
34,0.3139,0.3138,0.3137,0.3136,0.3135,0.3134,0.3133,0.3132,0.3131,0.313,0.314,0.3141,0.3142,0.3143,0.3144,0.3145,0.3146,0.3147,0.3148,0.3149,491737.6,697568.4,633288,397786.3,348509.7,286088.7,116925.9,160591.8,82153.1,83287.3,32348.7,281970.9,165629.9,84692.5,515416.9,393958.3,284899.2,409912.2,440129.4,211961.5
35,0.3141,0.314,0.3139,0.3138,0.3137,0.3136,0.3135,0.3134,0.3133,0.3132,0.3142,0.3143,0.3144,0.3145,0.3146,0.3147,0.3148,0.3149,0.315,0.3151,114519,310538.2,665205.3,748717.2,594536.9,392811.5,351520.9,284100.6,164557.8,150367.1,105753.9,378177.9,465629.1,404709.3,294122.4,389122.9,419451.2,212425.6,316421.7,246234.5
36,0.3141,0.314,0.3139,0.3138,0.3137,0.3136,0.3135,0.3134,0.3133,0.3132,0.3142,0.3143,0.3144,0.3145,0.3146,0.3147,0.3148,0.3149,0.315,0.3151,72200.7,269836.4,642402.7,729063.9,594536.9,392811.5,352762.3,300491.6,164557.8,150367.1,116797.1,379223.8,456286.8,404709.3,294122.4,390443.8,419451.2,211104.8,325063.5,230502.3
37,0.3141,0.314,0.3139,0.3138,0.3137,0.3136,0.3135,0.3134,0.3133,0.3132,0.3142,0.3143,0.3144,0.3145,0.3146,0.3147,0.3148,0.3149,0.315,0.3151,91570.9,301888.6,662592.9,718305.3,591353.8,391570.1,352762.3,314013.6,164557.8,150367.1,100980.9,385342.1,452765.4,404709.3,301432.4,388696.9,413829.1,211104.8,316421.7,239176.4
38,0.3141,0.314,0.3139,0.3138,0.3137,0.3136,0.3135,0.3134,0.3133,0.3132,0.3142,0.3143,0.3144,0.3145,0.3146,0.3147,0.3148,0.3149,0.315,0.3151,76135.8,284306.1,651215.6,733211.5,601284.9,368551.8,352762.3,284100.6,164557.8,150367.1,101833.3,377192.8,453806.1,407442.5,301432.4,388696.5,409015.1,215917.2,284662.5,237613.3
39,0.3139,0.3138,0.3137,0.3136,0.3135,0.3134,0.3133,0.3132,0.3131,0.313,0.314,0.3141,0.3142,0.3143,0.3144,0.3145,0.3146,0.3147,0.3148,0.3149,406164.5,627721,475625.2,326973.4,251667.5,265498.7,74666.1,135064.9,90822.3,46181,113800.9,118409,165952.3,337568.8,457522.8,414229.8,303011.2,385322.4,409651.1,255822.9
40,0.314,0.3139,0.3138,0.3137,0.3136,0.3135,0.3134,0.3133,0.3132,0.3131,0.3141,0.3142,0.3143,0.3144,0.3145,0.3146,0.3147,0.3148,0.3149,0.315,62938.6,429195.9,598494.2,478169.5,325178.6,250327.6,264041.9,97258.8,178249,39699.7,101762.6,185328.9,337888.9,416205.3,414187.5,304332.5,385322.4,409651.1,255822.9,290061.6
41,0.3139,0.3138,0.3137,0.3136,0.3135,0.3134,0.3133,0.3132,0.3131,0.313,0.314,0.3141,0.3142,0.3143,0.3144,0.3145,0.3146,0.3147,0.3148,0.3149,412182.4,757484.9,586542.5,404677.4,329144.1,286329.7,146382.2,186792,39699.7,47120.5,36919.1,161088.8,139411.2,336278.3,431845.2,414150.3,290234.2,384081,409651.1,255822.9
42,0.314,0.3139,0.3138,0.3137,0.3136,0.3135,0.3134,0.3133,0.3132,0.3131,0.3141,0.3142,0.3143,0.3144,0.3145,0.3146,0.3147,0.3148,0.3149,0.315,100103.1,621467.7,722009.9,572045.1,393229.4,328352.6,287029.7,130259.9,186577,39699.7,86588.9,169457.7,316528.7,417150.7,414188.4,305557.5,381751.6,420599,255822.9,266384.1
43,0.314,0.3139,0.3138,0.3137,0.3136,0.3135,0.3134,0.3133,0.3132,0.3131,0.3141,0.3142,0.3143,0.3144,0.3145,0.3146,0.3147,0.3148,0.3149,0.315,98290,638114.8,733833.1,588064,376677.4,328352.6,287029.7,132078.1,186577,39699.7,79459.7,141013.6,318229.9,418392.5,412946.6,306799.3,380509.8,419277.6,255822.9,274827
44,0.3141,0.314,0.3139,0.3138,0.3137,0.3136,0.3135,0.3134,0.3133,0.3132,0.3142,0.3143,0.3144,0.3145,0.3146,0.3147,0.3148,0.3149,0.315,0.3151,212933.9,347775.3,636622.2,726785.7,560047.7,376942,343658.8,280135,172245.4,150499.8,27700.7,154280.6,419676.4,416984.9,306836.3,379289.2,416968,215916.3,263490.7,277676.9
45,0.3141,0.314,0.3139,0.3138,0.3137,0.3136,0.3135,0.3134,0.3133,0.3132,0.3142,0.3143,0.3144,0.3145,0.3146,0.3147,0.3148,0.3149,0.315,0.3151,151965.4,363880,662046.7,710252.7,558022.5,378407.4,328352.6,280135,172245.4,150499.8,34485.1,174607.9,428202.3,416984.9,291561.6,394650.4,412155.1,215916.3,263490.7,286348.7
46,0.3142,0.3141,0.314,0.3139,0.3138,0.3137,0.3136,0.3135,0.3134,0.3133,0.3143,0.3144,0.3145,0.3146,0.3147,0.3148,0.3149,0.315,0.3151,0.3152,117327.3,236559.8,336104.2,623384.2,707072.7,562128.4,340280.5,324133.6,272022.9,132086.3,106871.3,459165.3,417529.5,291138.6,395928.9,412155.1,215916.3,231732.7,294893.1,73865.1
47,0.3142,0.3141,0.314,0.3139,0.3138,0.3137,0.3136,0.3135,0.3134,0.3133,0.3143,0.3144,0.3145,0.3146,0.3147,0.3148,0.3149,0.315,0.3151,0.3152,127933.2,235656.8,314258.3,621801.2,707626.6,562128.4,340280.5,321136.9,304679.7,89885.9,80050.2,488210.7,416641.6,290347.1,380567.7,412155.1,226261.7,236542.4,294893.1,82534.9
48,0.3142,0.3141,0.314,0.3139,0.3138,0.3137,0.3136,0.3135,0.3134,0.3133,0.3143,0.3144,0.3145,0.3146,0.3147,0.3148,0.3149,0.315,0.3151,0.3152,96013.2,224807.7,320157.4,644942.7,708418.1,577958.6,333044.5,349125.4,304679.7,66505.9,108067.6,458172.3,425847.2,291930.1,380567.7,412155.1,226261.7,236542.4,294893.1,97388
49,0.3142,0.3141,0.314,0.3139,0.3138,0.3137,0.3136,0.3135,0.3134,0.3133,0.3143,0.3144,0.3145,0.3146,0.3147,0.3148,0.3149,0.315,0.3151,0.3152,83932.6,192358.9,325114.3,611384.2,731864.2,577958.6,333044.5,319543.3,304679.7,66505.9,130111.3,454633.5,418698.7,293171.1,380567.3,410913.3,249628.7,237863.2,294893.1,86824.4
50,0.3141,0.314,0.3139,0.3138,0.3137,0.3136,0.3135,0.3134,0.3133,0.3132,0.3142,0.3143,0.3144,0.3145,0.3146,0.3147,0.3148,0.3149,0.315,0.3151,91027.8,286882.2,613292.8,727771.9,585264.7,332829.7,317152.6,256407.5,66505.9,229139,160472.1,153763.9,435709.5,414355.8,291561.5,395783.5,420534.5,234471.8,283778.5,256257.9
51,0.3141,0.314,0.3139,0.3138,0.3137,0.3136,0.3135,0.3134,0.3133,0.3132,0.3142,0.3143,0.3144,0.3145,0.3146,0.3147,0.3148,0.3149,0.315,0.3151,22790.5,179695.4,477491.4,575585.9,496183.4,253330.9,238336.1,234119.7,66505.9,213308.8,170601.8,172442.6,426637.6,413010.3,291559.9,395783.5,420534.5,234471.8,283778.5,259064.4
52,0.314,0.3139,0.3138,0.3137,0.3136,0.3135,0.3134,0.3133,0.3132,0.3131,0.3141,0.3142,0.3143,0.3144,0.3145,0.3146,0.3147,0.3148,0.3149,0.315,138334,476671.9,605035.6,465457.5,254985.1,269417,234119.7,66505.9,213308.8,55529.9,37866,159888.2,180916.7,430315.9,414208.5,290282.8,395783.9,419293.5,282232.8,232590
53,0.3141,0.314,0.3139,0.3138,0.3137,0.3136,0.3135,0.3134,0.3133,0.3132,0.3142,0.3143,0.3144,0.3145,0.3146,0.3147,0.3148,0.3149,0.315,0.3151,187241.3,182429.1,462461,566733.7,545225.6,355109.5,335251,268369.5,114739.7,164592.1,36170.9,159937.1,419193.3,432842.8,292353,395783.9,410913.7,212426,232590,296582.7
54,0.3142,0.3141,0.314,0.3139,0.3138,0.3137,0.3136,0.3135,0.3134,0.3133,0.3143,0.3144,0.3145,0.3146,0.3147,0.3148,0.3149,0.315,0.3151,0.3152,132109.3,207792.1,317872.2,619659.3,701764,547548.7,346683.6,324051,276760.5,66505.9,88776.2,479348.2,425593.9,292380,386537.5,410913.7,228020.9,255099.7,290522.4,99583.4
55,0.3142,0.3141,0.314,0.3139,0.3138,0.3137,0.3136,0.3135,0.3134,0.3133,0.3143,0.3144,0.3145,0.3146,0.3147,0.3148,0.3149,0.315,0.3151,0.3152,135118.9,203327.3,294852,619807.9,701764,547548.7,346683.6,324051,276760.5,66505.9,39419.2,496981.1,425593.9,292380,386537.5,409672.3,229261.9,255099.7,290522.4,94993.9
56,0.3142,0.3141,0.314,0.3139,0.3138,0.3137,0.3136,0.3135,0.3134,0.3133,0.3143,0.3144,0.3145,0.3146,0.3147,0.3148,0.3149,0.315,0.3151,0.3152,136183.6,201916.7,286094.3,603315.7,701764,547548.7,346685.4,324051,270794,66505.9,73400.2,507421.2,425593.9,292379.6,386087.6,409036.3,230502.9,231732.7,290522.4,94993.9
57,0.3143,0.3142,0.3141,0.314,0.3139,0.3138,0.3137,0.3136,0.3135,0.3134,0.3144,0.3145,0.3146,0.3147,0.3148,0.3149,0.315,0.3151,0.3152,0.3153,137546,220340.2,216248.1,256271.2,603199.2,704744.5,545350.6,319654.8,323476.2,270794,443474.9,472292.1,305892.8,386929.7,409936.3,230502.1,231732.7,313885.4,55447.8,62684.8
58,0.3141,0.314,0.3139,0.3138,0.3137,0.3136,0.3135,0.3134,0.3133,0.3132,0.3142,0.3143,0.3144,0.3145,0.3146,0.3147,0.3148,0.3149,0.315,0.3151,90788.2,257330.8,633284.4,741276.6,548347.4,340698.9,314185.4,265009.4,123458.7,129100.3,147274.3,198787.6,445798.5,425929.6,308178.8,404131.7,415165.5,211104.8,276377.8,273659.1
59,0.314,0.3139,0.3138,0.3137,0.3136,0.3135,0.3134,0.3133,0.3132,0.3131,0.3141,0.3142,0.3143,0.3144,0.3145,0.3146,0.3147,0.3148,0.3149,0.315,146899.7,664817.2,726213.9,582265.6,339051.7,329267.6,253462.4,150626.5,129100.3,110366.5,38875.3,156040.1,146657.2,446054.9,420867.1,306550.1,402090.7,405876.6,253459.2,238484.9
60,0.3141,0.314,0.3139,0.3138,0.3137,0.3136,0.3135,0.3134,0.3133,0.3132,0.3142,0.3143,0.3144,0.3145,0.3146,0.3147,0.3148,0.3149,0.315,0.3151,99211.3,505687.5,594120.8,743054.3,547931.9,340713.2,329267.6,253462.4,150626.5,129100.3,80897,157650.2,447598.6,420459.8,300225.3,403332.1,404555.6,217075.1,227940.7,369131
61,0.3141,0.314,0.3139,0.3138,0.3137,0.3136,0.3135,0.3134,0.3133,0.3132,0.3142,0.3143,0.3144,0.3145,0.3146,0.3147,0.3148,0.3149,0.315,0.3151,120311.3,507126.6,610496.7,729493,545178.5,344546.7,325600.3,253462.4,165810.7,129100.3,66536.3,134602.6,456496.8,420459.8,299671.6,402091.1,402229.3,217075.1,227940.7,364156.3
62,0.3142,0.3141,0.314,0.3139,0.3138,0.3137,0.3136,0.3135,0.3134,0.3133,0.3143,0.3144,0.3145,0.3146,0.3147,0.3148,0.3149,0.315,0.3151,0.3152,86675.1,286581.5,487632.3,610853.6,703599.5,544387,344546.7,314400.3,253462.4,115851.8,139444.8,474247.2,421065.9,299634.1,402129.3,403550.3,217075.1,225762.4,355483,50341.9
63,0.3142,0.3141,0.314,0.3139,0.3138,0.3137,0.3136,0.3135,0.3134,0.3133,0.3143,0.3144,0.3145,0.3146,0.3147,0.3148,0.3149,0.315,0.3151,0.3152,105196.1,287544.7,495288.7,606062.1,700224.6,548211,339051.7,314400.3,301275.7,72649.8,94014.2,483960.6,430864.3,299971.2,402470.9,403550.3,218316.1,225762.4,361449.5,50341.1
64,0.3142,0.3141,0.314,0.3139,0.3138,0.3137,0.3136,0.3135,0.3134,0.3133,0.3143,0.3144,0.3145,0.3146,0.3147,0.3148,0.3149,0.315,0.3151,0.3152,113442.1,287481.5,663537.9,606062.1,716054.8,549872.7,339051.7,314400.3,301275.7,72649.8,70485,305883.1,430312.7,301212.2,402470.9,401067.5,224362.9,225762.4,361449.5,50339.6
65,0.3142,0.3141,0.314,0.3139,0.3138,0.3137,0.3136,0.3135,0.3134,0.3133,0.3143,0.3144,0.3145,0.3146,0.3147,0.3148,0.3149,0.315,0.3151,0.3152,88342.2,267557.4,675671.8,591246.2,732054.8,549872.7,339051.7,314400.3,301275.7,72649.8,112305.2,320013.6,431578.3,303244.7,401679.4,399746.5,223121.9,227083.2,360110.8,58348.8
66,0.3141,0.314,0.3139,0.3138,0.3137,0.3136,0.3135,0.3134,0.3133,0.3132,0.3142,0.3143,0.3144,0.3145,0.3146,0.3147,0.3148,0.3149,0.315,0.3151,122436.7,654529.4,594340.3,740666.6,550992.3,339051.7,314400.3,252762.4,123523.6,129100.3,128844.1,139674.2,297137.6,424531.8,303222.4,400849.7,401067.4,223121.9,234400.9,381660.7
67,0.314,0.3139,0.3138,0.3137,0.3136,0.3135,0.3134,0.3133,0.3132,0.3131,0.3141,0.3142,0.3143,0.3144,0.3145,0.3146,0.3147,0.3148,0.3149,0.315,478178.9,603035.4,709805.6,579800.1,339051.7,314400.3,252762.4,72649.8,173448.7,97579.7,94809.9,203005.4,119241,285700.7,421464.3,300840.6,406897.5,401067.4,211104.8,282783.4
68,0.314,0.3139,0.3138,0.3137,0.3136,0.3135,0.3134,0.3133,0.3132,0.3131,0.3141,0.3142,0.3143,0.3144,0.3145,0.3146,0.3147,0.3148,0.3149,0.315,467785.9,617564.2,718474.9,576294.3,325352.7,329274.3,241147.1,109129.9,188767.7,97579.7,84240.7,185388.3,124199.4,278494,422814,300787.4,406897.5,399746.5,212549.5,297041.2
69,0.314,0.3139,0.3138,0.3137,0.3136,0.3135,0.3134,0.3133,0.3132,0.3131,0.3141,0.3142,0.3143,0.3144,0.3145,0.3146,0.3147,0.3148,0.3149,0.315,447253.1,612417.1,733619.3,571976.1,325352.7,329274.3,241147.1,109129.9,188767.7,97364.8,96000.5,189175.2,127324.9,302306.3,421486,300787.4,408218.7,399851.3,212444.8,275477.4
70,0.314,0.3139,0.3138,0.3137,0.3136,0.3135,0.3134,0.3133,0.3132,0.3131,0.3141,0.3142,0.3143,0.3144,0.3145,0.3146,0.3147,0.3148,0.3149,0.315,426115.8,613372.3,783092.8,571158.1,342911.9,328592.4,244436.3,113597.9,188767.7,63921.4,102011.2,188233.8,128516.6,304843.1,420726.6,306837.2,402275.7,399746.5,254977.5,232106.9
71,0.3141,0.314,0.3139,0.3138,0.3137,0.3136,0.3135,0.3134,0.3133,0.3132,0.3142,0.3143,0.3144,0.3145,0.3146,0.3147,0.3148,0.3149,0.315,0.3151,93261.2,620407.6,620683.3,770074,549574.5,326120.4,328592.4,256096,159978,144524.1,147503,128353.9,292783.8,420689.1,300787.4,404759.3,399746.5,254977.5,239927.5,291419
72,0.3141,0.314,0.3139,0.3138,0.3137,0.3136,0.3135,0.3134,0.3133,0.3132,0.3142,0.3143,0.3144,0.3145,0.3146,0.3147,0.3148,0.3149,0.315,0.3151,93030.6,604850.1,640040.6,746073.7,573574.5,326225.1,327252.7,255991.2,159978,144524.1,132324.4,142102.8,287917.1,425905.1,299687.6,404654.5,399746.5,254977.5,232590.3,287492.2
73,0.3141,0.314,0.3139,0.3138,0.3137,0.3136,0.3135,0.3134,0.3133,0.3132,0.3142,0.3143,0.3144,0.3145,0.3146,0.3147,0.3148,0.3149,0.315,0.3151,156725.8,640375.1,628167.2,763369,553503.5,327782,323363.8,256206.1,159978,144309.2,66162,144884.5,270231.8,425969.4,300479.1,400849.7,403550.7,212444.8,232590.3,338645.3
74,0.3141,0.314,0.3139,0.3138,0.3137,0.3136,0.3135,0.3134,0.3133,0.3132,0.3142,0.3143,0.3144,0.3145,0.3146,0.3147,0.3148,0.3149,0.315,0.3151,105349.6,636710.7,634976.1,760708.5,550722.2,326442.3,323363.8,256206.1,159978,144309.2,64402.5,147867,306783.1,425969.4,300479.1,400849.7,403550.7,212444.8,232590.3,329970.5
75,0.3141,0.314,0.3139,0.3138,0.3137,0.3136,0.3135,0.3134,0.3133,0.3132,0.3142,0.3143,0.3144,0.3145,0.3146,0.3147,0.3148,0.3149,0.315,0.3151,105972.6,636248.7,643930.8,752867.5,549930.7,326442.3,323363.8,256206.1,159978,144309.2,50831.1,126769.6,309487.8,425969.4,300271.4,400849.7,403550.7,212444.8,232590.3,329970.5
76,0.3141,0.314,0.3139,0.3138,0.3137,0.3136,0.3135,0.3134,0.3133,0.3132,0.3142,0.3143,0.3144,0.3145,0.3146,0.3147,0.3148,0.3149,0.315,0.3151,96927.3,635695.7,634136.3,761500,549825.9,326442.3,312163.8,256206.1,103630.8,144309.2,120429.4,155446.3,300677,426520.4,300166.8,403332.5,401067.9,211104.8,231732.7,352892.5
77,0.3141,0.314,0.3139,0.3138,0.3137,0.3136,0.3135,0.3134,0.3133,0.3132,0.3142,0.3143,0.3144,0.3145,0.3146,0.3147,0.3148,0.3149,0.315,0.3151,94092.4,633488.8,627325.8,765500,549825.9,324780.7,312163.8,256206.1,103630.8,144309.2,147784.2,146440.4,300675.6,425968,300166.8,408137.7,401067.9,211104.8,287085.3,289369.8
78,0.3141,0.314,0.3139,0.3138,0.3137,0.3136,0.3135,0.3134,0.3133,0.3132,0.3142,0.3143,0.3144,0.3145,0.3146,0.3147,0.3148,0.3149,0.315,0.3151,120067.5,637305.8,633300.3,760708.5,550617.4,324780.7,312163.8,256206.1,103630.8,144309.2,108306,175639.3,301439.9,425968,300166.8,408137.7,401067.9,211104.8,278444.2,290933.1
79,0.3141,0.314,0.3139,0.3138,0.3137,0.3136,0.3135,0.3134,0.3133,0.3132,0.3142,0.3143,0.3144,0.3145,0.3146,0.3147,0.3148,0.3149,0.315,0.3151,135067.5,634682,626395.6,753262.5,565656.1,326439.9,327994,256206.1,103630.8,144309.2,96994.6,147899.5,309067.1,425969.4,300958.3,400849.7,403550.7,211104.8,278444.2,290932.3
80,0.314,0.3139,0.3138,0.3137,0.3136,0.3135,0.3134,0.3133,0.3132,0.3131,0.3141,0.3142,0.3143,0.3144,0.3145,0.3146,0.3147,0.3148,0.3149,0.315,460703.2,666733.3,747768.8,557952.1,330257.8,339194,267573.7,146707.1,144309.2,77421.6,49342.5,179691.9,133389.1,302451.6,416686.8,302345.3,406474.5,400987.9,211104.8,281972.3
81,0.314,0.3139,0.3138,0.3137,0.3136,0.3135,0.3134,0.3133,0.3132,0.3131,0.3141,0.3142,0.3143,0.3144,0.3145,0.3146,0.3147,0.3148,0.3149,0.315,455338.5,667051.6,747768.8,557952.1,330257.8,339194,267358.8,146707.1,144524.1,77206.7,51734.1,154447.6,147016.2,300502.6,416686.8,302345.3,406685.5,400987.9,212444.6,281972.3
82,0.3141,0.314,0.3139,0.3138,0.3137,0.3136,0.3135,0.3134,0.3133,0.3132,0.3142,0.3143,0.3144,0.3145,0.3146,0.3147,0.3148,0.3149,0.315,0.3151,99120.4,630502.6,647500.5,763196.5,541935.8,330257.8,339194,265411.9,146707.1,144524.1,99701.6,157936.7,314806.5,411828.7,302382.5,410409.7,399746.5,212444.6,279301.8,296073.5
83,0.3141,0.314,0.3139,0.3138,0.3137,0.3136,0.3135,0.3134,0.3133,0.3132,0.3142,0.3143,0.3144,0.3145,0.3146,0.3147,0.3148,0.3149,0.315,0.3151,119860.7,630820.6,661061.4,749635.6,541935.8,330257.8,339194,265411.9,146707.1,144524.1,65364.1,181998.7,284522.6,411828.7,302382.5,410198.7,399746.5,212444.6,279301.8,288256.2
84,0.3142,0.3141,0.314,0.3139,0.3138,0.3137,0.3136,0.3135,0.3134,0.3133,0.3143,0.3144,0.3145,0.3146,0.3147,0.3148,0.3149,0.315,0.3151,0.3152,149320,308910.7,632893.9,649518.8,722778.4,504203.7,326440.3,327994,302982.7,57250.7,60312.8,328981.4,428339.2,324790.8,407753.5,399746.5,214926.6,231732.7,298789.8,48102.6
85,0.3143,0.3142,0.3141,0.314,0.3139,0.3138,0.3137,0.3136,0.3135,0.3134,0.3144,0.3145,0.3146,0.3147,0.3148,0.3149,0.315,0.3151,0.3152,0.3153,40247.6,201950.2,324322.3,613909.9,632162.8,699117.8,504203.7,313580.7,328208.8,285893.4,293807.1,464016.9,326021.8,391758,417124.8,213586.8,233071.6,297235.8,38570.6,91404.7
86,0.3143,0.3142,0.3141,0.314,0.3139,0.3138,0.3137,0.3136,0.3135,0.3134,0.3144,0.3145,0.3146,0.3147,0.3148,0.3149,0.315,0.3151,0.3152,0.3153,51610.6,207076.7,339232.2,623464.4,644364.5,702939.1,502060,313580.7,328208.8,285893.4,280975.3,468582.9,334065.7,391758,417916.3,213586.8,233071.6,297235.8,37637.8,98773.7
87,0.3143,0.3142,0.3141,0.314,0.3139,0.3138,0.3137,0.3136,0.3135,0.3134,0.3144,0.3145,0.3146,0.3147,0.3148,0.3149,0.315,0.3151,0.3152,0.3153,123209.1,211472.2,354790.3,597909.9,644364.5,702939.1,502059.5,313580.7,378840.6,242771.3,259876.1,460870.5,333876.8,415004.1,402705.9,211104.8,250817.5,297235.8,37637.8,98773.7
88,0.3143,0.3142,0.3141,0.314,0.3139,0.3138,0.3137,0.3136,0.3135,0.3134,0.3144,0.3145,0.3146,0.3147,0.3148,0.3149,0.315,0.3151,0.3152,0.3153,129566,243937,330823.9,594533.4,648708.4,700778.6,500398.8,328771.6,378840.6,227242.2,228194.6,405359,358167.2,393082.3,401914.4,217860.9,252058.1,246760,43602.4,146338.3
89,0.3143,0.3142,0.3141,0.314,0.3139,0.3138,0.3137,0.3136,0.3135,0.3134,0.3144,0.3145,0.3146,0.3147,0.3148,0.3149,0.315,0.3151,0.3152,0.3153,124449.4,255197.7,264386.5,594501.5,648708.6,700778.6,499498.8,328771.6,378840.6,227242.2,220701.4,416298.6,358275.7,393061.1,403133.8,217860.9,250817.5,246760,43602.4,137672.2
90,0.3143,0.3142,0.3141,0.314,0.3139,0.3138,0.3137,0.3136,0.3135,0.3134,0.3144,0.3145,0.3146,0.3147,0.3148,0.3149,0.315,0.3151,0.3152,0.3153,4220.2,197239.6,313253.4,619246.7,576595.3,620184.4,488298.8,307227.5,260345.7,309162.6,191447.4,568647.3,415372.6,421091.5,401346.4,217069.4,266793.1,246760,97140,111071.2
91,0.3143,0.3142,0.3141,0.314,0.3139,0.3138,0.3137,0.3136,0.3135,0.3134,0.3144,0.3145,0.3146,0.3147,0.3148,0.3149,0.315,0.3151,0.3152,0.3153,2380.8,198019.6,338806.4,593694,576041.7,620184.4,488298.8,307227.5,260345.7,309162.6,170937.4,568666.9,415372.6,421091.5,401346.4,218310,265654,246760,97140,108811.5
92,0.3142,0.3141,0.314,0.3139,0.3138,0.3137,0.3136,0.3135,0.3134,0.3133,0.3143,0.3144,0.3145,0.3146,0.3147,0.3148,0.3149,0.315,0.3151,0.3152,175123,294556.9,634202.8,560781.8,620184.4,499498.8,334268.5,368207.4,310557.4,57567,71089.2,205779.7,526903.5,395052.6,430249.9,399725.3,227914.2,265552.5,246760,106613.7
93,0.3142,0.3141,0.314,0.3139,0.3138,0.3137,0.3136,0.3135,0.3134,0.3133,0.3143,0.3144,0.3145,0.3146,0.3147,0.3148,0.3149,0.315,0.3151,0.3152,148947.1,283183.6,618205,573229.2,624058.5,499498.8,334268.5,368207.4,279638.3,57248.8,104308.2,242541.3,501447.9,388323.9,424625.1,400966.3,227914.2,265552.5,305933.9,40767.8
94,0.3141,0.314,0.3139,0.3138,0.3137,0.3136,0.3135,0.3134,0.3133,0.3132,0.3142,0.3143,0.3144,0.3145,0.3146,0.3147,0.3148,0.3149,0.315,0.3151,104027.3,623661.9,582475.8,621877.4,505475,345468.5,352415.9,300105,72518.4,162096.2,121212.1,192200.1,228079.1,462386.4,382239.6,425135,417657,226673.6,289329,247832.8
95,0.3141,0.314,0.3139,0.3138,0.3137,0.3136,0.3135,0.3134,0.3133,0.3132,0.3142,0.3143,0.3144,0.3145,0.3146,0.3147,0.3148,0.3149,0.315,0.3151,70214.5,615502.1,534498,643439,505475,345468.5,352415.9,300105,72518.4,161157.5,127533.4,206058.4,227456.3,458581.9,380844.8,425135,422461,217069.4,289329,264803.1
96,0.3141,0.314,0.3139,0.3138,0.3137,0.3136,0.3135,0.3134,0.3133,0.3132,0.3142,0.3143,0.3144,0.3145,0.3146,0.3147,0.3148,0.3149,0.315,0.3151,83687.9,609524,581826.9,621877.4,505475,345468.5,352415.9,300105,72518.4,161157.5,114300.8,191053.7,253456.1,448163.7,380845.2,426376.4,421220,217069.4,289329,257438.6
97,0.3141,0.314,0.3139,0.3138,0.3137,0.3136,0.3135,0.3134,0.3133,0.3132,0.3142,0.3143,0.3144,0.3145,0.3146,0.3147,0.3148,0.3149,0.315,0.3151,92528.5,609391.8,597931.6,605877.4,505475,345468.5,352415.9,300105,72518.4,161157.5,101633.7,170130.2,263335.7,446922.7,380845.2,426376.4,422461.4,217069.4,289329,248765.9
98,0.3141,0.314,0.3139,0.3138,0.3137,0.3136,0.3135,0.3134,0.3133,0.3132,0.3142,0.3143,0.3144,0.3145,0.3146,0.3147,0.3148,0.3149,0.315,0.3151,145060.3,609358.2,598485.6,605877.4,504683.5,345468.5,352415.9,300105,72518.4,161157.5,26674.3,119217.4,259053.9,468305.2,382166.1,426376.4,422461.4,217069.4,289329,254734.3
99,0.3142,0.3141,0.314,0.3139,0.3138,0.3137,0.3136,0.3135,0.3134,0.3133,0.3143,0.3144,0.3145,0.3146,0.3147,0.3148,0.3149,0.315,0.3151,0.3152,172451.7,305488.7,618465.5,564134.7,608141.9,499498.8,334268.5,368120.8,278243.5,57248.8,63408.2,144256.3,604245.4,392140.2,427349.4,400966.7,235079.6,244317.9,253661.5,121820.6
100,0.3142,0.3141,0.314,0.3139,0.3138,0.3137,0.3136,0.3135,0.3134,0.3133,0.3143,0.3144,0.3145,0.3146,0.3147,0.3148,0.3149,0.315,0.3151,0.3152,173665.4,303574.5,614465.5,564134.7,609799.9,499498.8,334268.5,368120.8,278243.5,57248.8,51229.3,151011.4,604245.4,392140.2,420627.8,400966.7,235079.6,244317.9,252728.4,122753.3
101,0.3143,0.3142,0.3141,0.314,0.3139,0.3138,0.3137,0.3136,0.3135,0.3134,0.3144,0.3145,0.3146,0.3147,0.3148,0.3149,0.315,0.3151,0.3152,0.3153,76523.9,235933.5,364682.5,597793,537797.1,609799.9,499498.8,334268.5,368120.8,278243.5,108060.9,603261.3,401748.4,420606.4,401004,235079.6,244317.9,252728.4,89484.8,77656.3
102,0.3143,0.3142,0.3141,0.314,0.3139,0.3138,0.3137,0.3136,0.3135,0.3134,0.3144,0.3145,0.3146,0.3147,0.3148,0.3149,0.315,0.3151,0.3152,0.3153,137644.3,223746,318776.9,573028.1,559577.1,609799.9,499498.8,334268.5,334586.6,227242.2,72850.5,565288.6,430966.6,420606.4,401794.7,233838.6,244317.9,252728.4,88552.1,75593.1
103,0.3143,0.3142,0.3141,0.314,0.3139,0.3138,0.3137,0.3136,0.3135,0.3134,0.3144,0.3145,0.3146,0.3147,0.3148,0.3149,0.315,0.3151,0.3152,0.3153,162810.4,229642.5,306774.2,573581.7,559577.1,609799.9,499498.8,334268.5,334586.6,227242.2,104644.5,473980.5,544736.7,424963.8,400554.1,232598,246799.1,252728.4,88552.1,84259.7
104,0.3143,0.3142,0.3141,0.314,0.3139,0.3138,0.3137,0.3136,0.3135,0.3134,0.3144,0.3145,0.3146,0.3147,0.3148,0.3149,0.315,0.3151,0.3152,0.3153,147081.9,220073.2,290774.2,570696.7,563370.1,606012.1,499498.8,334268.5,334586.6,227242.2,93793,440840.4,560633.9,422304,401874.3,232598,246799.1,254066.8,88552.1,84258.4
105,0.3143,0.3142,0.3141,0.314,0.3139,0.3138,0.3137,0.3136,0.3135,0.3134,0.3144,0.3145,0.3146,0.3147,0.3148,0.3149,0.315,0.3151,0.3152,0.3153,126987.7,213594.4,297223,571250.3,563370.1,606012.1,499498.8,334268.5,334586.6,227242.2,87901.9,449490.4,551057,421512.5,401874.3,217860.9,262247,254066.8,88552.1,75593.1
106,0.3143,0.3142,0.3141,0.314,0.3139,0.3138,0.3137,0.3136,0.3135,0.3134,0.3144,0.3145,0.3146,0.3147,0.3148,0.3149,0.315,0.3151,0.3152,0.3153,87944.3,199380.5,309223,580249.4,563370.1,606012.1,499498.8,334268.5,334586.6,228180.2,95212.6,458848.1,566429.8,418331.4,403114.9,218310,259765.8,254066.8,88552.1,105760.5
107,0.3143,0.3142,0.3141,0.314,0.3139,0.3138,0.3137,0.3136,0.3135,0.3134,0.3144,0.3145,0.3146,0.3147,0.3148,0.3149,0.315,0.3151,0.3152,0.3153,136801.1,212280.5,305874.8,570350.3,562670.1,605312.1,499498.8,334268.5,334586.6,228180.2,37107.6,466708.4,556877.1,419122.9,403114.9,218310,259765.8,254066.8,88552.1,91745.4
108,0.3144,0.3143,0.3142,0.3141,0.314,0.3139,0.3138,0.3137,0.3136,0.3135,0.3145,0.3146,0.3147,0.3148,0.3149,0.315,0.3151,0.3152,0.3153,0.3154,111339.1,249437,235568.9,248276.9,586180.5,562670.1,605314.6,488298.8,334268.5,322146.4,427489.3,543274.5,463386.6,402350.4,219140.2,261006.4,254066.8,89343.6,84118,85550.8
109,0.3146,0.3145,0.3144,0.3143,0.3142,0.3141,0.314,0.3139,0.3138,0.3137,0.3147,0.3148,0.3149,0.315,0.3151,0.3152,0.3153,0.3154,0.3155,0.3156,29948.8,197165.6,352609.5,652005.7,499212.4,466164.6,410904.6,432333.5,283971.2,272394.5,483603.3,638268.9,614472.3,493119.3,324942.1,249167.4,93865.2,100211.9,120847.8,39370.8
110,0.3145,0.3144,0.3143,0.3142,0.3141,0.314,0.3139,0.3138,0.3137,0.3136,0.3146,0.3147,0.3148,0.3149,0.315,0.3151,0.3152,0.3153,0.3154,0.3155,117975.1,318675.5,646715,545128.5,461190.9,405168,416847.4,283971.2,288996,217254.1,46161.3,233448,613230.3,625378.8,486379.2,319538.7,272270.5,261847.1,95688,78734.4
111,0.3145,0.3144,0.3143,0.3142,0.3141,0.314,0.3139,0.3138,0.3137,0.3136,0.3146,0.3147,0.3148,0.3149,0.315,0.3151,0.3152,0.3153,0.3154,0.3155,140262.4,333736.3,638714.4,540762.6,462510.3,405168,415527.8,289932,272394.5,218648.9,64346.5,234982.3,613230.3,621513.8,486379.2,319538.7,301473.1,290410,95688,79665.9
112,0.3146,0.3145,0.3144,0.3143,0.3142,0.3141,0.314,0.3139,0.3138,0.3137,0.3147,0.3148,0.3149,0.315,0.3151,0.3152,0.3153,0.3154,0.3155,0.3156,128459.2,289377.3,348045.7,612751.4,487918,478092.4,406825.8,413870.4,291269.6,266435.5,56647,632906.4,660832.4,497368.6,333181.2,305299.1,290040,113475.5,63741.6,33673.8
113,0.3147,0.3146,0.3145,0.3144,0.3143,0.3142,0.3141,0.314,0.3139,0.3138,0.3148,0.3149,0.315,0.3151,0.3152,0.3153,0.3154,0.3155,0.3156,0.3157,128116.1,234457,265527.5,302234.5,581176.1,456328.9,468318.4,395305.2,413870.4,283971.2,442685.7,670813,527115.6,333160.2,306226.3,276864.3,71244,82565.3,65945.9,90234.3
114,0.3147,0.3146,0.3145,0.3144,0.3143,0.3142,0.3141,0.314,0.3139,0.3138,0.3148,0.3149,0.315,0.3151,0.3152,0.3153,0.3154,0.3155,0.3156,0.3157,185800.3,255293.8,187802.6,283897.5,580611,491157.5,466659.9,389346.2,456396.8,235405,385567.5,657878.4,532914.8,326022.7,317346.2,275177,73722,82565.3,65945.9,81577.6
115,0.3147,0.3146,0.3145,0.3144,0.3143,0.3142,0.3141,0.314,0.3139,0.3138,0.3148,0.3149,0.315,0.3151,0.3152,0.3153,0.3154,0.3155,0.3156,0.3157,201500.3,263416.6,185008,287736.1,582269.5,487430.9,467577,404701,457547.3,235863.4,405046.1,668120.8,506446.7,315383.3,306364.4,275177,74844.2,102679,65945.9,58755.7
116,0.3147,0.3146,0.3145,0.3144,0.3143,0.3142,0.3141,0.314,0.3139,0.3138,0.3148,0.3149,0.315,0.3151,0.3152,0.3153,0.3154,0.3155,0.3156,0.3157,187019.4,284120.1,194544.3,287736.1,582269.5,489713.1,465294.8,428047,434184.3,235863.4,361514.1,665430.9,512105.1,314591.8,307701,275968.5,74844.2,97985.4,65945.9,50104.4
117,0.3147,0.3146,0.3145,0.3144,0.3143,0.3142,0.3141,0.314,0.3139,0.3138,0.3148,0.3149,0.315,0.3151,0.3152,0.3153,0.3154,0.3155,0.3156,0.3157,181706.3,262645,185008,287577,582822.4,489160.2,465294.8,434004.1,434184.3,235863.4,358597.2,670505.7,515282.2,311414.7,307701,277175.8,73605.2,97985.4,65945.9,58755.5
118,0.3147,0.3146,0.3145,0.3144,0.3143,0.3142,0.3141,0.314,0.3139,0.3138,0.3148,0.3149,0.315,0.3151,0.3152,0.3153,0.3154,0.3155,0.3156,0.3157,186615.4,238645,195194.7,287577,582821.5,484060.6,452756.4,434004.1,434184.3,235863.4,368365.4,675399.8,515328.2,330910.5,315489.9,278383.1,77158.8,93192.8,65945.9,68679
119,0.3147,0.3146,0.3145,0.3144,0.3143,0.3142,0.3141,0.314,0.3139,0.3138,0.3148,0.3149,0.315,0.3151,0.3152,0.3153,0.3154,0.3155,0.3156,0.3157,212925.5,238803.7,190594.8,287577,582821.5,484060.6,452756.4,428047,434184.3,235863.4,345439.4,506333.7,556681.8,330910.5,314212.6,277591.6,77950.3,93192.8,65945.9,58755.9
120,0.3147,0.3146,0.3145,0.3144,0.3143,0.3142,0.3141,0.314,0.3139,0.3138,0.3148,0.3149,0.315,0.3151,0.3152,0.3153,0.3154,0.3155,0.3156,0.3157,210426.6,238645,190594.8,287576.9,582821.3,484060.6,453691.9,428047,434643,234468.6,330975.2,650234.9,556440.1,312248,306072.5,278798.9,77950.3,93192.8,65945.9,58754.5
121,0.3147,0.3146,0.3145,0.3144,0.3143,0.3142,0.3141,0.314,0.3139,0.3138,0.3148,0.3149,0.315,0.3151,0.3152,0.3153,0.3154,0.3155,0.3156,0.3157,170099.8,246871.9,190494.8,290654.9,591502,479118.3,449400.4,429441.8,433248.2,234468.6,276558.7,644163.5,562435.7,343330.4,240497.8,278798.9,73157.7,93192.8,65945.9,65718.6
