timestamp,bid_price_0,bid_price_1,bid_price_2,bid_price_3,bid_price_4,bid_price_5,bid_price_6,bid_price_7,bid_price_8,bid_price_9,ask_price_0,ask_price_1,ask_price_2,ask_price_3,ask_price_4,ask_price_5,ask_price_6,ask_price_7,ask_price_8,ask_price_9,bid_size_0,bid_size_1,bid_size_2,bid_size_3,bid_size_4,bid_size_5,bid_size_6,bid_size_7,bid_size_8,bid_size_9,ask_size_0,ask_size_1,ask_size_2,ask_size_3,ask_size_4,ask_size_5,ask_size_6,ask_size_7,ask_size_8,ask_size_9
0,0.3152,0.3151,0.315,0.3149,0.3148,0.3147,0.3146,0.3145,0.3144,0.3143,0.3153,0.3154,0.3155,0.3156,0.3157,0.3158,0.3159,0.316,0.3161,0.3162,33665.1,173296.5,187479.6,266273.6,421087.7,391314.2,359038.6,330336.7,266263.7,276670.2,340075.1,414037.1,425097.6,347559.5,322771.2,337369.3,334090,277850.5,234483.3,118062
1,0.315,0.3149,0.3148,0.3147,0.3146,0.3145,0.3144,0.3143,0.3142,0.3141,0.3151,0.3152,0.3153,0.3154,0.3155,0.3156,0.3157,0.3158,0.3159,0.316,85054.7,272119.8,446486.4,394852.3,356182.9,375367.8,346628.3,300861.8,267785.4,41141.5,126703.3,245268.6,381873.3,387339.9,377525.4,346846,338007.5,273066.6,265052.8,269475.6
2,0.315,0.3149,0.3148,0.3147,0.3146,0.3145,0.3144,0.3143,0.3142,0.3141,0.3151,0.3152,0.3153,0.3154,0.3155,0.3156,0.3157,0.3158,0.3159,0.316,87789.8,227355.9,460824.2,394852.3,356974.4,375367.8,346628.3,300861.8,267785.4,42076.4,113187,231928.7,390624.9,387967.4,375591.8,347801.6,342808.4,281319.8,304948.1,220482.1
3,0.315,0.3149,0.3148,0.3147,0.3146,0.3145,0.3144,0.3143,0.3142,0.3141,0.3151,0.3152,0.3153,0.3154,0.3155,0.3156,0.3157,0.3158,0.3159,0.316,71813.5,261044.5,456713,394879,356974.4,375367.8,346628.3,309536.3,267785.4,41141.5,110904.8,231928.7,390609.9,389237,378256.2,347676.4,342808.4,286120.7,300151,227949.1
4,0.315,0.3149,0.3148,0.3147,0.3146,0.3145,0.3144,0.3143,0.3142,0.3141,0.3151,0.3152,0.3153,0.3154,0.3155,0.3156,0.3157,0.3158,0.3159,0.316,77769.3,248754.1,437712.3,394879,356974.4,376638.2,327977.3,289170.2,267785.4,41145.3,98638.4,239581,381079.5,392411,375121.4,347676.4,338007.5,287456.2,306102.4,210504.3
5,0.315,0.3149,0.3148,0.3147,0.3146,0.3145,0.3144,0.3143,0.3142,0.3141,0.3151,0.3152,0.3153,0.3154,0.3155,0.3156,0.3157,0.3158,0.3159,0.316,79975.6,234856.2,449712.3,394879,356974.4,376638.2,337578.3,289170.2,267785.4,41145.3,100898.3,245157.9,381630.4,392411,375121.4,347676.4,338007.5,287456.2,306102.4,234207.8
6,0.315,0.3149,0.3148,0.3147,0.3146,0.3145,0.3144,0.3143,0.3142,0.3141,0.3151,0.3152,0.3153,0.3154,0.3155,0.3156,0.3157,0.3158,0.3159,0.316,149776.2,269224.1,423081.9,394879,356182.9,375368.6,354685,287279.2,267785.4,35193.9,15593.7,207228.1,389868.6,409947.1,373851.8,347676.4,339277.1,287455.9,306102.4,210504.3
7,0.3151,0.315,0.3149,0.3148,0.3147,0.3146,0.3145,0.3144,0.3143,0.3142,0.3152,0.3153,0.3154,0.3155,0.3156,0.3157,0.3158,0.3159,0.316,0.3161,176835.9,211561.9,246623.3,426385,394071.3,358721.3,373043.6,325110.9,271024.3,252355.9,83990.9,398338.4,403373,373227.5,347236,326668.1,354929.1,310902.1,211839.7,246495.9
8,0.3151,0.315,0.3149,0.3148,0.3147,0.3146,0.3145,0.3144,0.3143,0.3142,0.3152,0.3153,0.3154,0.3155,0.3156,0.3157,0.3158,0.3159,0.316,0.3161,139611.4,187952,245183,426385.1,393527.7,341939.2,373995.4,325110.9,271024.3,259239.8,81007,368434,403371.2,384708.8,346444.5,326668.1,354929.1,310902.1,220479.8,239567.8
9,0.315,0.3149,0.3148,0.3147,0.3146,0.3145,0.3144,0.3143,0.3142,0.3141,0.3151,0.3152,0.3153,0.3154,0.3155,0.3156,0.3157,0.3158,0.3159,0.316,33792.7,204752.8,476767.9,403393.4,347928.3,352038.8,309815.9,248510.3,239821.5,79559.8,176587.8,215960.5,394521.8,397564.7,369924.2,346406.8,264955,283509.2,313558.7,218510.1
10,0.3149,0.3148,0.3147,0.3146,0.3145,0.3144,0.3143,0.3142,0.3141,0.314,0.315,0.3151,0.3152,0.3153,0.3154,0.3155,0.3156,0.3157,0.3158,0.3159,45121.9,463064.8,437398.9,368062.7,356537.4,322124.9,286341,246769.9,78883.7,52466.5,233395.3,195343.2,210528.1,378706.5,389157.5,364812.2,324140.9,262533.2,312527.2,271925
11,0.3149,0.3148,0.3147,0.3146,0.3145,0.3144,0.3143,0.3142,0.3141,0.314,0.315,0.3151,0.3152,0.3153,0.3154,0.3155,0.3156,0.3157,0.3158,0.3159,71754.2,470948,436338.2,351115.7,357437.4,322824.9,309084.8,281274.9,77948.8,53616.1,217309.1,195432.9,204332.1,378706.5,419596.1,335690.9,322823.7,262533.2,312527.2,272504.9
12,0.3149,0.3148,0.3147,0.3146,0.3145,0.3144,0.3143,0.3142,0.3141,0.314,0.315,0.3151,0.3152,0.3153,0.3154,0.3155,0.3156,0.3157,0.3158,0.3159,44065,457355.8,428173.7,367916,357437.4,322033.4,309084.8,246770,77948.8,53401.8,228514.9,184657.7,203311.4,378642.2,418326.5,336960.9,322823.7,250694.1,312527.2,264905.2
13,0.3149,0.3148,0.3147,0.3146,0.3145,0.3144,0.3143,0.3142,0.3141,0.314,0.315,0.3151,0.3152,0.3153,0.3154,0.3155,0.3156,0.3157,0.3158,0.3159,64496.5,475814.9,434581.6,342379.7,357437.4,325047.4,315542,246555.7,77948.8,53616.1,193184.7,228028.3,207884.3,374980,415661.7,338231.3,327626.1,251846.3,312527.2,256321.7
14,0.3149,0.3148,0.3147,0.3146,0.3145,0.3144,0.3143,0.3142,0.3141,0.314,0.315,0.3151,0.3152,0.3153,0.3154,0.3155,0.3156,0.3157,0.3158,0.3159,67072.8,484177.2,438372.5,341044.2,357437.4,325592.3,304951.7,246555.7,77948.8,53616.1,152483.6,183864.8,203548.3,378862,404073.4,336961.3,364556.2,269630.7,311191,256321.7
15,0.3141,0.314,0.3139,0.3138,0.3137,0.3136,0.3135,0.3134,0.3133,0.3132,0.3142,0.3143,0.3144,0.3145,0.3146,0.3147,0.3148,0.3149,0.315,0.3151,121163.6,441056.5,475553.5,391920.9,405777.2,406821.1,398760.4,358039.3,125522.9,212955,31736,72377.3,306310.6,236270.1,200397.2,261104,235088.1,230155.5,234681.4,272675.3
16,0.3142,0.3141,0.314,0.3139,0.3138,0.3137,0.3136,0.3135,0.3134,0.3133,0.3143,0.3144,0.3145,0.3146,0.3147,0.3148,0.3149,0.315,0.3151,0.3152,50472.3,213468.1,434852.1,468213,384008,385923.7,372076.3,375017.6,331085.2,183246.4,80816.3,215990.4,253660,228500.9,247104.9,236328.7,229594.2,233505.2,302143,64661.3
17,0.3144,0.3143,0.3142,0.3141,0.314,0.3139,0.3138,0.3137,0.3136,0.3135,0.3145,0.3146,0.3147,0.3148,0.3149,0.315,0.3151,0.3152,0.3153,0.3154,119269.6,206949,142307.6,224706.9,448444.3,456191.7,395202.1,402023.7,365808.2,286786.6,80786.6,211836.5,275171.4,242316.4,230391,248097.3,255487.6,55165.3,237376.2,122655.3
18,0.3145,0.3144,0.3143,0.3142,0.3141,0.314,0.3139,0.3138,0.3137,0.3136,0.3146,0.3147,0.3148,0.3149,0.315,0.3151,0.3152,0.3153,0.3154,0.3155,91237.1,208890.2,151850.7,230382.8,412873,407873.6,457480.3,403203.5,421046.2,300989.4,239311,307427.1,244029.3,229641.8,247343.3,255487.6,55165.3,236516.6,123974.3,88754.1
19,0.3144,0.3143,0.3142,0.3141,0.314,0.3139,0.3138,0.3137,0.3136,0.3135,0.3145,0.3146,0.3147,0.3148,0.3149,0.315,0.3151,0.3152,0.3153,0.3154,76371.2,185660.1,242298.3,412674.9,408088.2,453447.7,391203.3,391682,297631,368625.1,97925.9,298081.2,317238,257124.7,229663.5,247305.8,255487.6,56484.5,279999.3,84794.5
20,0.3145,0.3144,0.3143,0.3142,0.3141,0.314,0.3139,0.3138,0.3137,0.3136,0.3146,0.3147,0.3148,0.3149,0.315,0.3151,0.3152,0.3153,0.3154,0.3155,76707.1,202027.5,167819.5,229907.8,409478.5,422567.8,474250.3,370000.2,374023.7,350409.7,229198.3,328043.4,229028.6,229193.1,248583.6,255486.8,61292.5,284807.3,72758.3,68686.5
21,0.3145,0.3144,0.3143,0.3142,0.3141,0.314,0.3139,0.3138,0.3137,0.3136,0.3146,0.3147,0.3148,0.3149,0.315,0.3151,0.3152,0.3153,0.3154,0.3155,75014.5,202027.5,160056.6,282397.1,636939.1,594828.3,642594.7,368340.4,417374.1,298568.2,361942.3,483641.6,407215.5,229193.1,248583.6,232123.8,84646.5,284807.3,72758.3,60056.7
22,0.3145,0.3144,0.3143,0.3142,0.3141,0.314,0.3139,0.3138,0.3137,0.3136,0.3146,0.3147,0.3148,0.3149,0.315,0.3151,0.3152,0.3153,0.3154,0.3155,65425,220579.5,165623.1,252588.8,653747.1,582752.2,626291.4,368340.4,417374.1,299963,340023,476103.8,396755.3,256328.9,234949.8,245181.5,85886.5,242564.4,92741.8,77284.5
23,0.3144,0.3143,0.3142,0.3141,0.314,0.3139,0.3138,0.3137,0.3136,0.3135,0.3145,0.3146,0.3147,0.3148,0.3149,0.315,0.3151,0.3152,0.3153,0.3154,80628,162482.9,262204.6,648149.8,593216.7,615378.9,368125.8,378832.3,344596.5,273029.1,129590.8,367001.6,471133.7,398843.4,249721.7,236541.5,245181.5,63687.2,287326.4,58226.5
24,0.3144,0.3143,0.3142,0.3141,0.314,0.3139,0.3138,0.3137,0.3136,0.3135,0.3145,0.3146,0.3147,0.3148,0.3149,0.315,0.3151,0.3152,0.3153,0.3154,93622,151352.4,273521.4,656885.3,577216.7,619396,382550.8,378832.3,344596.5,273029.1,136153,365485.2,502536.7,399082.5,249721.7,231732.7,245181.5,63401.1,287326.4,49597.8
25,0.3144,0.3143,0.3142,0.3141,0.314,0.3139,0.3138,0.3137,0.3136,0.3135,0.3145,0.3146,0.3147,0.3148,0.3149,0.315,0.3151,0.3152,0.3153,0.3154,135103,212062.8,328198.4,631945.7,611593,587819.8,385815.1,373521,418731.6,255065.1,92801,394341.9,480516.4,413360.4,248418,248568.8,232204.5,109785.4,238715.1,57401
26,0.3144,0.3143,0.3142,0.3141,0.314,0.3139,0.3138,0.3137,0.3136,0.3135,0.3145,0.3146,0.3147,0.3148,0.3149,0.315,0.3151,0.3152,0.3153,0.3154,121454.5,217385,296238,625028.2,612148.3,592598,389187.2,381536.5,333146,255065.1,65203.6,383075.8,504908.4,398529.2,247969.7,251128.7,230884.8,60841.8,238715.1,98738.5
27,0.3143,0.3142,0.3141,0.314,0.3139,0.3138,0.3137,0.3136,0.3135,0.3134,0.3144,0.3145,0.3146,0.3147,0.3148,0.3149,0.315,0.3151,0.3152,0.3153,105999.5,292555,662518.4,610724.2,592598,379571.5,381536.5,416754.9,256648.1,279562.5,58223.7,136098.6,398148.8,482740.9,394660.2,247140.6,251128.7,229644.2,60841.8,290217.5
28,0.3143,0.3142,0.3141,0.314,0.3139,0.3138,0.3137,0.3136,0.3135,0.3134,0.3144,0.3145,0.3146,0.3147,0.3148,0.3149,0.315,0.3151,0.3152,0.3153,68380.1,273804.8,628388.4,662828.4,593389.9,395402.1,382777.1,364091,262870.3,324783.2,129817.3,118486.2,383831.8,483532.4,395900.8,247140.6,254697.9,236042.8,111105.3,259741.5
29,0.3141,0.314,0.3139,0.3138,0.3137,0.3136,0.3135,0.3134,0.3133,0.3132,0.3142,0.3143,0.3144,0.3145,0.3146,0.3147,0.3148,0.3149,0.315,0.3151,427075.6,634607.9,650710.6,407507.8,438604.1,397921,338145.6,318903.9,66945.4,168447.9,67991.5,144303.2,139104.4,97807,368863.7,477604.3,412942.4,235040.6,239219.7,294979.5
30,0.3141,0.314,0.3139,0.3138,0.3137,0.3136,0.3135,0.3134,0.3133,0.3132,0.3142,0.3143,0.3144,0.3145,0.3146,0.3147,0.3148,0.3149,0.315,0.3151,387426,634946.9,592073.7,426554.8,422604.1,395439,339387,318903.9,66945.4,168447.9,87905.8,151087.5,138545.2,99498.5,309334.5,478924.5,411622.3,235040.6,239219.7,276948.4
31,0.3142,0.3141,0.314,0.3139,0.3138,0.3137,0.3136,0.3135,0.3134,0.3133,0.3143,0.3144,0.3145,0.3146,0.3147,0.3148,0.3149,0.315,0.3151,0.3152,77694.1,557739.3,627643.2,620050,384400.6,422604.1,395439,357395.6,318903.9,69368.8,120188.8,155729.8,105063.2,310088.7,478883.2,416513.9,235040.6,234410.3,285621.7,75368.8
32,0.3142,0.3141,0.314,0.3139,0.3138,0.3137,0.3136,0.3135,0.3134,0.3133,0.3143,0.3144,0.3145,0.3146,0.3147,0.3148,0.3149,0.315,0.3151,0.3152,72954.8,562986.8,627643.2,624203,383061.9,422604.1,395653.8,369866.6,318903.9,69368.8,95718.9,170300.2,99819.4,310153,478883.2,414856.4,228321,234391.5,278287.8,83499
33,0.3142,0.3141,0.314,0.3139,0.3138,0.3137,0.3136,0.3135,0.3134,0.3133,0.3143,0.3144,0.3145,0.3146,0.3147,0.3148,0.3149,0.315,0.3151,0.3152,66642.4,542888.6,646683.9,627385,378637.4,427414.8,397921,369605.2,318903.9,69368.8,120622.2,175618.2,97599.8,310153,478883.2,416097.4,228321,235730.8,276948.4,92012
34,0.3139,0.3138,0.3137,0.3136,0.3135,0.3134,0.3133,0.3132,0.3131,0.313,0.314,0.3141,0.3142,0.3143,0.3144,0.3145,0.3146,0.3147,0.3148,0.3149,491737.6,697568.4,633288,397786.3,348509.7,286088.7,116925.9,160591.8,82153.1,83287.3,32348.7,281970.9,165629.9,84692.5,515416.9,393958.3,284899.2,409912.2,440129.4,211961.5
35,0.3141,0.314,0.3139,0.3138,0.3137,0.3136,0.3135,0.3134,0.3133,0.3132,0.3142,0.3143,0.3144,0.3145,0.3146,0.3147,0.3148,0.3149,0.315,0.3151,114519,310538.2,665205.3,748717.2,594536.9,392811.5,351520.9,284100.6,164557.8,150367.1,105753.9,378177.9,465629.1,404709.3,294122.4,389122.9,419451.2,212425.6,316421.7,246234.5
36,0.3141,0.314,0.3139,0.3138,0.3137,0.3136,0.3135,0.3134,0.3133,0.3132,0.3142,0.3143,0.3144,0.3145,0.3146,0.3147,0.3148,0.3149,0.315,0.3151,72200.7,269836.4,642402.7,729063.9,594536.9,392811.5,352762.3,300491.6,164557.8,150367.1,116797.1,379223.8,456286.8,404709.3,294122.4,390443.8,419451.2,211104.8,325063.5,230502.3
37,0.3141,0.314,0.3139,0.3138,0.3137,0.3136,0.3135,0.3134,0.3133,0.3132,0.3142,0.3143,0.3144,0.3145,0.3146,0.3147,0.3148,0.3149,0.315,0.3151,91570.9,301888.6,662592.9,718305.3,591353.8,391570.1,352762.3,314013.6,164557.8,150367.1,100980.9,385342.1,452765.4,404709.3,301432.4,388696.9,413829.1,211104.8,316421.7,239176.4
38,0.3141,0.314,0.3139,0.3138,0.3137,0.3136,0.3135,0.3134,0.3133,0.3132,0.3142,0.3143,0.3144,0.3145,0.3146,0.3147,0.3148,0.3149,0.315,0.3151,76135.8,284306.1,651215.6,733211.5,601284.9,368551.8,352762.3,284100.6,164557.8,150367.1,101833.3,377192.8,453806.1,407442.5,301432.4,388696.5,409015.1,215917.2,284662.5,237613.3
39,0.3139,0.3138,0.3137,0.3136,0.3135,0.3134,0.3133,0.3132,0.3131,0.313,0.314,0.3141,0.3142,0.3143,0.3144,0.3145,0.3146,0.3147,0.3148,0.3149,406164.5,627721,475625.2,326973.4,251667.5,265498.7,74666.1,135064.9,90822.3,46181,113800.9,118409,165952.3,337568.8,457522.8,414229.8,303011.2,385322.4,409651.1,255822.9
40,0.314,0.3139,0.3138,0.3137,0.3136,0.3135,0.3134,0.3133,0.3132,0.3131,0.3141,0.3142,0.3143,0.3144,0.3145,0.3146,0.3147,0.3148,0.3149,0.315,62938.6,429195.9,598494.2,478169.5,325178.6,250327.6,264041.9,97258.8,178249,39699.7,101762.6,185328.9,337888.9,416205.3,414187.5,304332.5,385322.4,409651.1,255822.9,290061.6
41,0.3139,0.3138,0.3137,0.3136,0.3135,0.3134,0.3133,0.3132,0.3131,0.313,0.314,0.3141,0.3142,0.3143,0.3144,0.3145,0.3146,0.3147,0.3148,0.3149,412182.4,757484.9,586542.5,404677.4,329144.1,286329.7,146382.2,186792,39699.7,47120.5,36919.1,161088.8,139411.2,336278.3,431845.2,414150.3,290234.2,384081,409651.1,255822.9
