timestamp,bid_price_0,bid_price_1,bid_price_2,bid_price_3,bid_price_4,bid_price_5,bid_price_6,bid_price_7,bid_price_8,bid_price_9,ask_price_0,ask_price_1,ask_price_2,ask_price_3,ask_price_4,ask_price_5,ask_price_6,ask_price_7,ask_price_8,ask_price_9,bid_size_0,bid_size_1,bid_size_2,bid_size_3,bid_size_4,bid_size_5,bid_size_6,bid_size_7,bid_size_8,bid_size_9,ask_size_0,ask_size_1,ask_size_2,ask_size_3,ask_size_4,ask_size_5,ask_size_6,ask_size_7,ask_size_8,ask_size_9
0,0.0348,0.0347,0.0346,0.0345,0.0344,0.0343,0.0342,0.0341,0.034,0.0339,0.0349,0.035,0.0351,0.0352,0.0353,0.0354,0.0355,0.0356,0.0357,0.0359,4821.5,323667.5,223811.7,264802.7,23884.4,28732.9,205504.7,4024.7,5028,90219.1,71135.7,98279.2,60652.8,34505.4,16313,9028,259504.5,3978.4,2972.4,2925
1,0.0348,0.0347,0.0346,0.0345,0.0344,0.0343,0.0342,0.0341,0.034,0.0339,0.0349,0.035,0.0351,0.0352,0.0353,0.0354,0.0355,0.0356,0.0359,0.036,4821.5,324051.6,184768.1,246326.9,20799.8,22545.3,17235,7136.6,5028,90219.1,71135.7,40890.4,60362,34505.4,16313,9028,65029.2,6959.2,2925,3075
2,0.0347,0.0346,0.0345,0.0344,0.0343,0.0342,0.0341,0.034,0.0339,0.0338,0.0348,0.0349,0.035,0.0351,0.0352,0.0353,0.0354,0.0355,0.0356,0.0359,244311.8,311023.8,237312.3,26755.7,25639.1,16901.7,238772.7,5028,90219.1,3811,2925,65888.2,40890.4,42016.8,34505.4,16313,240664.1,65029.2,6959.2,2925
3,0.0347,0.0346,0.0345,0.0344,0.0343,0.0342,0.0341,0.034,0.0339,0.0338,0.0349,0.035,0.0351,0.0352,0.0353,0.0354,0.0355,0.0356,0.0357,0.0359,237093.2,373858.8,237312.3,26755.7,28732.9,16901.7,207783.3,5028,90219.1,3811,124079.7,40578.5,42016.8,34505.4,16313,9028,268787.8,3978.4,2972.4,2925
4,0.0348,0.0347,0.0346,0.0345,0.0344,0.0343,0.0342,0.0341,0.034,0.0339,0.0349,0.035,0.0351,0.0352,0.0353,0.0354,0.0355,0.0356,0.0359,0.036,4821.5,227840.2,300158.9,251343.1,18221.3,28732.9,13798.9,210895.2,92322.1,2925,144657.7,40578.5,42016.8,34505.4,16313,9028,268787.8,6959.2,2925,3075
5,0.0348,0.0347,0.0346,0.0345,0.0344,0.0343,0.0342,0.0341,0.034,0.0339,0.0349,0.035,0.0351,0.0352,0.0353,0.0354,0.0355,0.0356,0.0359,0.036,4821.5,310656.8,250859.8,242833.2,26755.9,25639.1,16901.7,210895.2,92322.1,2925,144657.7,40578.5,42016.8,34505.4,16313,9028,271777,3978.4,2925,3075
6,0.0348,0.0347,0.0346,0.0345,0.0344,0.0343,0.0342,0.0341,0.034,0.0339,0.0349,0.035,0.0351,0.0352,0.0353,0.0354,0.0355,0.0356,0.0359,0.036,10036.3,299670.7,250301.4,242833.2,26755.9,22545.3,157353.5,7136.6,92322.1,2925,137992.7,40578.5,42016.8,34505.4,16313,9028,205367.4,3978.4,2925,3075
7,0.0348,0.0347,0.0346,0.0345,0.0344,0.0343,0.0342,0.0341,0.034,0.0339,0.0349,0.035,0.0351,0.0352,0.0353,0.0354,0.0355,0.0356,0.0359,0.036,10036.3,299670.7,213537.7,242833.2,26755.9,22545.3,16901.7,7136.6,95443.2,2925,137742.1,40578.5,42016.8,34505.4,16313,9028,55706.7,16290.1,2925,3075
8,0.0348,0.0347,0.0346,0.0345,0.0344,0.0343,0.0342,0.0341,0.034,0.0339,0.0349,0.035,0.0351,0.0352,0.0353,0.0354,0.0355,0.0356,0.0359,0.036,15944,310148.2,226323.1,242833.2,26249.8,22545.3,194714.5,7136.6,92322.1,2925,137742.1,40578.5,42016.8,34505.4,16313,9028,199130.7,47567.7,2925,3075
9,0.0348,0.0347,0.0346,0.0345,0.0344,0.0343,0.0342,0.0341,0.034,0.0339,0.0349,0.035,0.0351,0.0352,0.0353,0.0354,0.0355,0.0356,0.0359,0.036,60149.7,360080.7,193392,242833.2,29334.6,16790.3,191037.5,4024.7,92322.1,2925,5640,119095.3,42016.8,34505.4,16313,14823.1,195453.7,47567.7,2925,3075
10,0.0348,0.0347,0.0346,0.0345,0.0344,0.0343,0.0342,0.0341,0.034,0.0339,0.0349,0.035,0.0351,0.0352,0.0353,0.0354,0.0355,0.0356,0.0359,0.036,36100,264264.5,290016.9,224058.1,29334.6,13696.5,214138.1,7136.6,92322.1,2925,25640,99095.3,42016.8,34505.4,16313,14823.1,246851.1,19270.9,2925,3075
11,0.0348,0.0347,0.0346,0.0345,0.0344,0.0343,0.0342,0.0341,0.034,0.0339,0.0349,0.035,0.0351,0.0352,0.0353,0.0354,0.0355,0.0356,0.0359,0.036,36680,243828,311326.9,224058.1,26249.8,22793,214138.1,7136.6,92322.1,2925,31793.8,99554.9,42016.8,34505.4,16313,9028,246851.1,19270.9,2925,3075
12,0.0348,0.0347,0.0346,0.0345,0.0344,0.0343,0.0342,0.0341,0.034,0.0339,0.0349,0.035,0.0351,0.0352,0.0353,0.0354,0.0355,0.0356,0.0359,0.036,36680,242988,311326.9,224058.1,26249.8,22793,204223.2,7136.6,92322.1,2925,31793.8,99554.9,42016.8,34505.4,16313,9028,236936.2,19270.9,2925,3075
13,0.0347,0.0346,0.0345,0.0344,0.0343,0.0342,0.0341,0.034,0.0339,0.0338,0.0348,0.0349,0.035,0.0351,0.0352,0.0353,0.0354,0.0355,0.0356,0.0359,263135.9,339140.4,278784.8,27012.9,23561.7,20004.5,193340,5028,90219.1,3811,2925,83925.7,98783.4,42016.8,34505.4,16313,226525.8,36732.4,3978.4,2925
14,0.0347,0.0346,0.0345,0.0344,0.0343,0.0342,0.0341,0.034,0.0339,0.0338,0.0348,0.0349,0.035,0.0351,0.0352,0.0353,0.0354,0.0355,0.0356,0.0359,253461.2,351645.1,257492.5,34868.2,20812,23445.5,193340,5028,90219.1,3811,24821.5,63925.7,98783.4,42016.8,34505.4,19319.1,235839.9,24420.7,3978.4,2925
15,0.0347,0.0346,0.0345,0.0344,0.0343,0.0342,0.0341,0.034,0.0339,0.0338,0.0348,0.0349,0.035,0.0351,0.0352,0.0353,0.0354,0.0355,0.0356,0.0359,253461.2,349095.1,256646.2,34362.1,21319.6,17239.9,199563.8,5028,90219.1,2925,24821.5,63925.7,98783.4,42016.8,34505.4,19319.1,235839.9,24420.7,3978.4,2925
16,0.0347,0.0346,0.0345,0.0344,0.0343,0.0342,0.0341,0.034,0.0339,0.0338,0.0348,0.0349,0.035,0.0351,0.0352,0.0353,0.0354,0.0355,0.0356,0.0359,100433.1,347151.3,73388,34362.1,18225.8,20342.7,318647.7,5028,90219.1,2925,24821.5,63925.7,98783.4,42016.8,34505.4,19319.1,354923.8,24420.7,3978.4,2925
17,0.0347,0.0346,0.0345,0.0344,0.0343,0.0342,0.0341,0.034,0.0339,0.0338,0.0348,0.0349,0.035,0.0351,0.0352,0.0353,0.0354,0.0355,0.0356,0.0359,77177,200142.8,207998.7,24799.6,27043,21115.8,348708.7,8149.1,90219.1,2925,4821.5,83979.6,104296.3,27939.9,33601.9,19241.3,388096.7,24420.7,3978.4,2925
18,0.0347,0.0346,0.0345,0.0344,0.0343,0.0342,0.0341,0.034,0.0339,0.0338,0.0348,0.0349,0.035,0.0351,0.0352,0.0353,0.0354,0.0355,0.0356,0.0359,77177,248183.4,187405.6,34359.8,17455.2,21116,351820.6,5028,90219.1,2925,24821.5,63258.1,104296.3,27939.9,33601.9,19241.3,388096.7,24420.7,3978.4,2925
19,0.0347,0.0346,0.0345,0.0344,0.0343,0.0342,0.0341,0.034,0.0339,0.0338,0.0348,0.0349,0.035,0.0351,0.0352,0.0353,0.0354,0.0355,0.0356,0.0359,77177,217472.8,185951.8,34359.8,17455.2,21116,351820.6,5028,90219.1,2925,4821.5,128060,46907.5,27939.9,33601.9,19241.3,388096.7,24420.7,3978.4,2925
20,0.0348,0.0347,0.0346,0.0345,0.0344,0.0343,0.0342,0.0341,0.034,0.0339,0.0349,0.035,0.0351,0.0352,0.0353,0.0354,0.0355,0.0356,0.0359,0.036,4631.6,178475.7,206761.8,103643.1,34359.8,18225.6,334019.9,10248.5,8149.1,90219.1,78637.9,104608.2,27939.9,33601.9,16235.2,9028,381695.6,3978.4,2925,3075
21,0.0348,0.0347,0.0346,0.0345,0.0344,0.0343,0.0342,0.0341,0.034,0.0339,0.0349,0.035,0.0351,0.0352,0.0353,0.0354,0.0355,0.0356,0.0359,0.036,6528.1,178909.7,222537.7,89074.6,35545.1,20130.8,356424.6,7136.6,5028,90219.1,54239.4,104608.2,27939.9,33601.9,16235.2,9028,400997.5,3978.4,2925,3075
22,0.0348,0.0347,0.0346,0.0345,0.0344,0.0343,0.0342,0.0341,0.034,0.0339,0.0349,0.035,0.0351,0.0352,0.0353,0.0354,0.0355,0.0356,0.0359,0.036,27932.3,123026.9,257693.7,80220,35545.1,26840.5,340007.8,4024.7,5028,90219.1,25640,99364.1,42920.3,33601.9,16235.2,15016.8,391238.1,6959.2,2925,3075
23,0.0348,0.0347,0.0346,0.0345,0.0344,0.0343,0.0342,0.0341,0.034,0.0339,0.0349,0.035,0.0351,0.0352,0.0353,0.0354,0.0355,0.0356,0.0359,0.036,45981,157106.9,221711.6,80220,38124.2,23746,359206,4024.7,92322.1,2925,3999.5,121249.8,42920.3,33601.9,16235.2,14752.2,410436.3,6959.2,2925,3075
24,0.0348,0.0347,0.0346,0.0345,0.0344,0.0343,0.0342,0.0341,0.034,0.0339,0.0349,0.035,0.0351,0.0352,0.0353,0.0354,0.0355,0.0356,0.0359,0.036,46526.7,155449.9,256843.6,98260,27474.5,16788.1,359206,4024.7,92322.1,2925,5890.6,121249.8,42920.3,33601.9,16235.2,14752.2,410436.3,6959.2,2925,3075
25,0.0349,0.0348,0.0347,0.0346,0.0345,0.0344,0.0343,0.0342,0.0341,0.034,0.035,0.0351,0.0352,0.0353,0.0354,0.0355,0.0356,0.0357,0.0358,0.0359,4816.1,129317.4,119684.2,141873.5,89754.8,32416.1,343910.4,11217.7,4024.7,91219.1,74833.4,102397.7,33601.9,16235.2,14752.2,31665.6,371709.2,3975.5,2964.1,2925
26,0.0348,0.0347,0.0346,0.0345,0.0344,0.0343,0.0342,0.0341,0.034,0.0339,0.035,0.0351,0.0352,0.0353,0.0354,0.0355,0.0356,0.0357,0.0359,0.036,110945.4,218285.4,104748.4,89754.8,34822,13694.3,334125,4024.7,91219.1,3808.4,81532,102085.8,33601.9,16235.2,14752.2,30184.1,367494.2,3975.5,5880.9,3075
27,0.0349,0.0348,0.0347,0.0346,0.0345,0.0344,0.0343,0.0342,0.0341,0.034,0.035,0.0351,0.0352,0.0353,0.0354,0.0355,0.0356,0.0357,0.0359,0.036,62583.2,136255,211276.8,59588.6,36457.4,31854.7,13694.3,327919.4,4024.7,91219.1,6403.2,121899.7,34736.5,17138.7,14752.2,35918.4,367494.2,3975.5,5880.9,3075
28,0.035,0.0349,0.0348,0.0347,0.0346,0.0345,0.0344,0.0343,0.0342,0.0341,0.0351,0.0352,0.0353,0.0354,0.0355,0.0356,0.0357,0.0358,0.0359,0.036,26488,128534.1,181695.3,122961.5,51050.8,31474.3,337225.4,4018.2,92040.2,2925,12147.1,138916.7,35084.4,25473.8,35918.4,39840.7,330622,3972.5,2925,3075
29,0.035,0.0349,0.0348,0.0347,0.0346,0.0345,0.0344,0.0343,0.0342,0.0341,0.0352,0.0353,0.0354,0.0355,0.0356,0.0357,0.0358,0.0359,0.036,0.0361,126897.8,102230.6,94131.7,104860.8,57184.6,25146.5,338976.5,4018.2,90943.7,2925,123671.2,91983.4,25785.7,47810.8,39840.7,16287.2,332428,3969.5,3075,2925
30,0.0351,0.035,0.0349,0.0348,0.0347,0.0346,0.0345,0.0344,0.0343,0.0342,0.0352,0.0353,0.0354,0.0355,0.0356,0.0357,0.0358,0.0359,0.036,0.0361,21353,125967.3,173272.2,65164.2,96347.6,70264.5,21393.7,338976.5,4018.2,89158.4,5865.4,123611.6,58374.4,35918.4,11543.9,41626.3,344739.7,3969.5,3075,2925
31,0.0351,0.035,0.0349,0.0348,0.0347,0.0346,0.0345,0.0344,0.0343,0.0342,0.0352,0.0353,0.0354,0.0355,0.0356,0.0357,0.0358,0.0359,0.036,0.0361,22183.5,125053.4,172397.7,65164.2,95126.9,70264.5,373031.9,10521,4018.2,89158.4,5865.4,127491.7,58374.4,36821.9,11543.9,41626.3,367922.4,3969.5,3075,2925
32,0.0351,0.035,0.0349,0.0348,0.0347,0.0346,0.0345,0.0344,0.0343,0.0342,0.0352,0.0353,0.0354,0.0355,0.0356,0.0357,0.0358,0.0359,0.036,0.0361,29854.3,186006.5,109697.1,26743.4,98185,45253,437883.5,7100,2925,89158.4,2925,90496.9,117332.3,36821.9,11543.9,13329.5,44581,428966.8,4116.7,2925
33,0.0351,0.035,0.0349,0.0348,0.0347,0.0346,0.0345,0.0344,0.0343,0.0342,0.0352,0.0353,0.0354,0.0355,0.0356,0.0357,0.0358,0.0359,0.036,0.0361,21376.7,122861.8,73405.1,61174.8,98185,50953.6,446391,10521,2925,89158.4,4800,86757.7,117332.3,36821.9,11543.9,41626.3,16284.2,428966.8,4116.7,2925
34,0.0351,0.035,0.0349,0.0348,0.0347,0.0346,0.0345,0.0344,0.0343,0.0342,0.0352,0.0353,0.0354,0.0355,0.0356,0.0357,0.0358,0.0359,0.036,0.0361,21376.7,153602.5,94531.1,61174.8,95126.9,47886.7,449466.8,13605.8,2925,89158.4,4800,87069.6,117332.3,36821.9,11543.9,41626.3,16284.2,428966.8,4116.7,2925
35,0.0351,0.035,0.0349,0.0348,0.0347,0.0346,0.0345,0.0344,0.0343,0.0342,0.0352,0.0353,0.0354,0.0355,0.0356,0.0357,0.0358,0.0359,0.036,0.0361,20711.1,192677.5,78594.5,61174.8,95126.9,41292,443668.4,13605.8,2925,89158.4,4800,87069.6,117332.3,36821.9,11543.9,41626.3,16284.2,428966.8,4116.7,2925
36,0.0352,0.0351,0.035,0.0349,0.0348,0.0347,0.0346,0.0345,0.0344,0.0343,0.0353,0.0354,0.0355,0.0356,0.0357,0.0358,0.0359,0.036,0.0361,0.0362,2925,43575.7,137782.8,70611.6,42931.5,95126.9,391581.2,10163.6,13605.8,2925,76577.5,117644.2,36821.9,11543.9,13329.5,50205.6,359959.3,4116.7,2925,725.5
37,0.0351,0.035,0.0349,0.0348,0.0347,0.0346,0.0345,0.0344,0.0343,0.0342,0.0353,0.0354,0.0355,0.0356,0.0357,0.0358,0.0359,0.036,0.0361,0.0362,32111,216286.1,83416.9,51729.3,30161.8,35591.4,445545.7,16690.6,4018.2,89158.4,87835.4,117332.3,36821.9,11543.9,41626.3,451859.2,3969.5,3075,2925,725.5
38,0.0351,0.035,0.0349,0.0348,0.0347,0.0346,0.0345,0.0344,0.0343,0.0342,0.0352,0.0353,0.0354,0.0355,0.0356,0.0357,0.0358,0.0359,0.036,0.0361,57416.4,255939.9,82517.1,48958.6,30161.8,36309.7,433962.4,16354.4,2925,88433.8,2925,87742.3,117332.3,36821.9,11543.9,13329.5,480156,3969.5,4116.7,2925
39,0.0351,0.035,0.0349,0.0348,0.0347,0.0346,0.0345,0.0344,0.0343,0.0342,0.0352,0.0353,0.0354,0.0355,0.0356,0.0357,0.0358,0.0359,0.036,0.0361,6119.7,157691.9,188802.2,40111.5,33219.9,16426.8,440114,10184.8,2925,88433.8,63346.6,83034.6,102351.9,36821.9,11543.9,13329.5,480156,3969.5,4116.7,2925
40,0.0351,0.035,0.0349,0.0348,0.0347,0.0346,0.0345,0.0344,0.0343,0.0342,0.0352,0.0353,0.0354,0.0355,0.0356,0.0357,0.0358,0.0359,0.036,0.0361,6119.7,106806.9,259454.4,40105.8,12763.5,16977,364059.4,13269.6,91527.6,2925,65261.4,81165,102351.9,36821.9,11543.9,13329.5,410253,3969.5,4116.7,5864.5
41,0.0351,0.035,0.0349,0.0348,0.0347,0.0346,0.0345,0.0344,0.0343,0.0342,0.0352,0.0353,0.0354,0.0355,0.0356,0.0357,0.0358,0.0359,0.036,0.0362,6119.7,159949.1,240929.3,40105.8,12763.5,13910.1,367135.2,10184.8,94621.4,2925,63841,81165,102351.9,36821.9,11543.9,9758.8,410253,3969.5,7064.4,3650.5
42,0.0351,0.035,0.0349,0.0348,0.0347,0.0346,0.0345,0.0344,0.0343,0.0342,0.0352,0.0353,0.0354,0.0355,0.0356,0.0357,0.0358,0.0359,0.036,0.0362,6119.7,142890.7,260929.3,40105.8,12763.5,13910.1,367135.2,7100,97715.2,2925,120740,59757.2,45614.4,36821.9,11543.9,9758.8,410253,3969.5,7064.4,3650.5
43,0.0351,0.035,0.0349,0.0348,0.0347,0.0346,0.0345,0.0344,0.0343,0.0342,0.0352,0.0353,0.0354,0.0355,0.0356,0.0357,0.0358,0.0359,0.036,0.0362,4239.4,193593.3,213691.3,36489.7,12763.5,13910.1,351027.9,7100,94621.4,6027.8,120392.1,59445.3,45614.4,36821.9,11543.9,9758.8,394145.7,6925.4,4116.7,3650.5
44,0.0351,0.035,0.0349,0.0348,0.0347,0.0346,0.0345,0.0344,0.0343,0.0342,0.0352,0.0353,0.0354,0.0355,0.0356,0.0357,0.0358,0.0359,0.036,0.0361,76566.9,214668.4,171939.5,36339.2,12763.5,16977,355124.8,10184.8,91527.6,2925,1504.6,138213.9,45614.4,36821.9,11543.9,44459.2,369945.8,3969.5,4116.7,2939.5
45,0.0351,0.035,0.0349,0.0348,0.0347,0.0346,0.0345,0.0344,0.0343,0.0342,0.0352,0.0353,0.0354,0.0355,0.0356,0.0357,0.0358,0.0359,0.036,0.0361,46875.6,230398.9,171939.5,36339.2,12763.5,7932.6,358200.6,13269.6,88433.8,2925,54.5,98321.3,102351.9,36821.9,11543.9,44459.2,369945.8,3969.5,4116.7,2939.5
46,0.0351,0.035,0.0349,0.0348,0.0347,0.0346,0.0345,0.0344,0.0343,0.0342,0.0352,0.0353,0.0354,0.0355,0.0356,0.0357,0.0358,0.0359,0.036,0.0362,38610.9,204256.7,193064.5,36339.2,12763.5,16780.6,352049,16354.4,88433.8,2925,4800,81378.2,117332.3,36821.9,11543.9,44459.2,369945.8,3969.5,7064.4,3650.5
47,0.035,0.0349,0.0348,0.0347,0.0346,0.0345,0.0344,0.0343,0.0342,0.0341,0.0351,0.0352,0.0353,0.0354,0.0355,0.0356,0.0357,0.0358,0.0359,0.036,82194.9,294470.5,57525.2,12763.5,13713.7,365556.7,10184.8,9112.6,88433.8,3949.9,2925,66058,61066.3,117332.3,36821.9,11543.9,38055.6,371125.6,3969.5,3075
48,0.035,0.0349,0.0348,0.0347,0.0346,0.0345,0.0344,0.0343,0.0342,0.0341,0.0351,0.0352,0.0353,0.0354,0.0355,0.0356,0.0357,0.0358,0.0359,0.036,82194.9,319041.4,36339.2,12763.5,13713.7,361721,10184.8,10205.8,91536.6,3071.7,4805.3,66128.5,60079.7,117332.3,36821.9,39840.7,25042.9,355849.8,3969.5,3075
49,0.035,0.0349,0.0348,0.0347,0.0346,0.0345,0.0344,0.0343,0.0342,0.0341,0.0351,0.0352,0.0353,0.0354,0.0355,0.0356,0.0357,0.0358,0.0359,0.036,21597.9,159103.1,111829.7,12763.5,13713.7,16198.1,378602.9,10205.8,91536.6,3071.7,64902.5,61108.9,60983.2,102351.9,35918.4,42821.5,390488.6,3972.5,3969.5,3075
50,0.035,0.0349,0.0348,0.0347,0.0346,0.0345,0.0344,0.0343,0.0342,0.0341,0.0351,0.0352,0.0353,0.0354,0.0355,0.0356,0.0357,0.0358,0.0359,0.036,21597.9,225575.1,90644.4,12763.5,13713.7,16198.1,378602.9,10205.8,91536.6,3071.7,63329,61108.9,60983.2,102351.9,35918.4,42821.5,390488.6,3972.5,3969.5,3075
51,0.0349,0.0348,0.0347,0.0346,0.0345,0.0344,0.0343,0.0342,0.0341,0.034,0.035,0.0351,0.0352,0.0353,0.0354,0.0355,0.0356,0.0357,0.0358,0.0359,145389.2,160283.9,18154.9,13713.7,16198.1,385639,10205.8,6027.8,2925,4805.8,2925,69814.8,60797,60983.2,91360.6,35918.4,35256,384705.3,3972.5,3969.5
52,0.0349,0.0348,0.0347,0.0346,0.0345,0.0344,0.0343,0.0342,0.0341,0.034,0.035,0.0351,0.0352,0.0353,0.0354,0.0355,0.0356,0.0357,0.0358,0.0359,100561.6,179969.7,16560,13713.7,16198.1,17220.9,399781.2,7124.3,88433.8,4805.8,4810.7,67308.7,58922,60983.2,91360.6,38907.6,430731.3,3975.5,3972.5,2925
53,0.0349,0.0348,0.0347,0.0346,0.0345,0.0344,0.0343,0.0342,0.0341,0.034,0.0351,0.0352,0.0353,0.0354,0.0355,0.0356,0.0357,0.0358,0.0359,0.036,162272.3,168142.7,34607.7,13713.7,16198.1,17220.9,4018.2,13329.9,88433.8,3925,73085.7,59233.9,60983.2,94358.2,35918.4,44586.9,3975.5,3972.5,2925,3075
54,0.0349,0.0348,0.0347,0.0346,0.0345,0.0344,0.0343,0.0342,0.0341,0.034,0.035,0.0351,0.0352,0.0353,0.0354,0.0355,0.0356,0.0357,0.0358,0.0359,80415.5,164458.7,34607.7,13713.7,19273.9,14136.1,395276.7,13329.9,88433.8,3925,4810.7,56005.5,48953,35033.4,91360.6,38907.6,435845.4,3975.5,3972.5,2925
55,0.0349,0.0348,0.0347,0.0346,0.0345,0.0344,0.0343,0.0342,0.0341,0.034,0.035,0.0351,0.0352,0.0353,0.0354,0.0355,0.0356,0.0357,0.0358,0.0359,39721.4,210763.9,52087.6,13713.7,16198.1,17220.9,426147.8,13329.9,88433.8,3925,4810.7,113542,48641.1,35033.4,34623.1,38907.6,466716.5,3975.5,3972.5,2925
56,0.0349,0.0348,0.0347,0.0346,0.0345,0.0344,0.0343,0.0342,0.0341,0.034,0.035,0.0351,0.0352,0.0353,0.0354,0.0355,0.0356,0.0357,0.0358,0.0359,10208.3,100060.9,140347.4,31710.8,16198.1,15061.7,444238.1,7124.3,91545.7,7046.1,45388.7,93542,48641.1,35033.4,37620.7,30184.1,481713,3975.5,3972.5,2925
57,0.0349,0.0348,0.0347,0.0346,0.0345,0.0344,0.0343,0.0342,0.0341,0.034,0.035,0.0351,0.0352,0.0353,0.0354,0.0355,0.0356,0.0357,0.0358,0.0359,41642.2,142485.1,78357,32100.9,16198.1,18146.5,441144.3,13668.1,91545.7,3925,4810.7,113542,48641.1,35033.4,34623.1,33173.3,481713,3975.5,3972.5,2925
58,0.0349,0.0348,0.0347,0.0346,0.0345,0.0344,0.0343,0.0342,0.0341,0.034,0.035,0.0351,0.0352,0.0353,0.0354,0.0355,0.0356,0.0357,0.0358,0.0359,41642.2,162957.1,78357,31710.8,16198.1,18146.5,441144.3,13668.1,91545.7,3925,4810.7,113542,48641.1,35033.4,34623.1,33173.3,481713,3975.5,3972.5,2925
59,0.0349,0.0348,0.0347,0.0346,0.0345,0.0344,0.0343,0.0342,0.0341,0.034,0.035,0.0351,0.0352,0.0353,0.0354,0.0355,0.0356,0.0357,0.0358,0.0359,6901.4,80843.1,143743.2,31710.8,16198.1,17725.2,452530.9,10565.3,94657.6,3925,51889,93542,48641.1,35033.4,34623.1,33173.3,490005.8,3975.5,3972.5,2925
60,0.0348,0.0347,0.0346,0.0345,0.0344,0.0343,0.0342,0.0341,0.034,0.0339,0.0349,0.035,0.0351,0.0352,0.0353,0.0354,0.0355,0.0356,0.0357,0.0359,78688.2,121893.1,82049.5,16198.1,17725.2,459050.6,14378.3,7136.6,89433.8,2925,2925,58617.1,91349.8,48641.1,38039.5,32672.4,52717.5,461709,3975.5,2925
61,0.0348,0.0347,0.0346,0.0345,0.0344,0.0343,0.0342,0.0341,0.034,0.0339,0.0349,0.035,0.0351,0.0352,0.0353,0.0354,0.0355,0.0356,0.0357,0.0359,16354.8,161615.9,103570.9,16198.1,14640.4,459050.6,11275.5,13360.4,89433.8,2925,45394.1,53597.5,34125.2,33660.7,38039.5,26948.2,65029.2,449397.3,3975.5,2925
62,0.0348,0.0347,0.0346,0.0345,0.0344,0.0343,0.0342,0.0341,0.034,0.0339,0.0349,0.035,0.0351,0.0352,0.0353,0.0354,0.0355,0.0356,0.0357,0.0359,17300.3,179579.9,103570.9,16198.1,11051.3,22189.2,466281.4,13360.4,92554.9,2925,49517.1,38617.1,50009.1,33660.7,37136,26948.2,510826.2,3978.4,3975.5,2925
63,0.0347,0.0346,0.0345,0.0344,0.0343,0.0342,0.0341,0.034,0.0339,0.0338,0.0348,0.0349,0.035,0.0351,0.0352,0.0353,0.0354,0.0355,0.0356,0.0359,123178.7,132694.3,18473.1,20618.4,25353.6,18751.4,446334.3,8149.1,88433.8,3073,2925,130094,38305.2,50009.1,36675.4,34129.9,488218.9,36732.4,3978.4,2925
64,0.0347,0.0346,0.0345,0.0344,0.0343,0.0342,0.0341,0.034,0.0339,0.0338,0.0348,0.0349,0.035,0.0351,0.0352,0.0353,0.0354,0.0355,0.0356,0.0359,94420.9,116999.3,94058.3,11051.3,28447.4,15648.6,446334.3,8149.1,88433.8,3073,4821.5,130094,36419.5,50009.1,36675.4,34129.9,488218.9,36732.4,3978.4,2925
65,0.0347,0.0346,0.0345,0.0344,0.0343,0.0342,0.0341,0.034,0.0339,0.0338,0.0348,0.0349,0.035,0.0351,0.0352,0.0353,0.0354,0.0355,0.0356,0.0359,41673.1,91262.3,146272.5,11051.3,16796.1,23892.9,450809.8,8149.1,88433.8,3073,45399.5,110094,51399.9,35028.7,36675.4,31679.8,489243.3,36732.4,3978.4,2925
66,0.0347,0.0346,0.0345,0.0344,0.0343,0.0342,0.0341,0.034,0.0339,0.0338,0.0348,0.0349,0.035,0.0351,0.0352,0.0353,0.0354,0.0355,0.0356,0.0359,41673.1,87272.7,124905.2,11051.3,16796.1,23892.9,450809.8,8149.1,88433.8,3073,45399.5,110094,51399.9,35028.7,36675.4,31679.8,501555,24420.7,3978.4,2925
67,0.0347,0.0346,0.0345,0.0344,0.0343,0.0342,0.0341,0.034,0.0339,0.0338,0.0348,0.0349,0.035,0.0351,0.0352,0.0353,0.0354,0.0355,0.0356,0.0359,41673.1,157746.6,95031.5,11051.3,16796.1,23892.9,444586,14391.3,88433.8,3073,45399.5,110094,51399.9,35028.7,36675.4,31679.8,489243.3,36732.4,3978.4,2925
68,0.0347,0.0346,0.0345,0.0344,0.0343,0.0342,0.0341,0.034,0.0339,0.0338,0.0348,0.0349,0.035,0.0351,0.0352,0.0353,0.0354,0.0355,0.0356,0.0359,38888.8,99491.3,83008.7,11051.3,34270.9,16083.5,458416.3,11270.2,91564.1,3073,45399.5,110094,51399.9,35028.7,36675.4,31679.8,515385.3,24420.7,3978.4,2925
69,0.0347,0.0346,0.0345,0.0344,0.0343,0.0342,0.0341,0.034,0.0339,0.0338,0.0348,0.0349,0.035,0.0351,0.0352,0.0353,0.0354,0.0355,0.0356,0.0359,23400.1,150864.8,121123.6,11051.3,35458.8,16083.5,458416.3,14391.3,88433.8,3073,45399.5,110094,51399.9,35028.7,36675.4,31679.8,515385.3,24420.7,3978.4,2925
70,0.0347,0.0346,0.0345,0.0344,0.0343,0.0342,0.0341,0.034,0.0339,0.0338,0.0348,0.0349,0.035,0.0351,0.0352,0.0353,0.0354,0.0355,0.0356,0.0359,7867.3,152076.3,135284.9,11051.3,34952,16591.8,458416.3,11270.2,91564.1,3073,45399.5,110094,51399.9,35028.7,36675.4,31679.8,515385.3,24420.7,3978.4,2925
71,0.0347,0.0346,0.0345,0.0344,0.0343,0.0342,0.0341,0.034,0.0339,0.0338,0.0348,0.0349,0.035,0.0351,0.0352,0.0353,0.0354,0.0355,0.0356,0.0359,4018.2,124886.1,151389.4,11051.3,34952,13489,461528.2,11270.2,91564.1,3073,63500.2,110094,51399.9,35028.7,40382.9,56509.7,487088.5,24420.7,3978.4,2925
72,0.0346,0.0345,0.0344,0.0343,0.0342,0.0341,0.034,0.0339,0.0338,0.0337,0.0347,0.0348,0.0349,0.035,0.0351,0.0352,0.0353,0.0354,0.0355,0.0359,105819.5,211076.3,22925.2,25713.4,22754.8,20087,430220.8,4031.2,88433.8,2925,2925,56679.4,107891,51399.9,38052,37368.2,466008.4,39259.9,24420.7,2925
73,0.0346,0.0345,0.0344,0.0343,0.0342,0.0341,0.034,0.0339,0.0338,0.0337,0.0347,0.0348,0.0349,0.035,0.0351,0.0352,0.0353,0.0354,0.0355,0.0359,89318.5,197928.6,14334.1,25713.4,22754.9,20087,425186.9,7161.5,88433.8,2925,2925,56679.4,50502.2,51399.9,38052,37368.2,464095.6,39259.9,24420.7,2925
74,0.0346,0.0345,0.0344,0.0343,0.0342,0.0341,0.034,0.0339,0.0338,0.0337,0.0348,0.0349,0.035,0.0351,0.0352,0.0353,0.0354,0.0355,0.0359,0.036,173698.3,166717.1,32445,35458.9,12980.9,23198.9,440327.9,7161.5,88433.8,2925,114004.3,23102.9,36419.5,38052,36837.8,21882.1,493697.4,24420.7,2925,3075
75,0.0347,0.0346,0.0345,0.0344,0.0343,0.0342,0.0341,0.034,0.0339,0.0338,0.0348,0.0349,0.035,0.0351,0.0352,0.0353,0.0354,0.0355,0.0359,0.036,1902,71631.1,241614.4,32445,38045.9,19186.5,16975.1,440327.9,4031.2,88433.8,134582.3,23102.9,36419.5,35028.7,39852.5,21882.1,493697.4,24420.7,2925,3075
76,0.0346,0.0345,0.0344,0.0343,0.0342,0.0341,0.034,0.0339,0.0338,0.0337,0.0347,0.0348,0.0349,0.035,0.0351,0.0352,0.0353,0.0354,0.0355,0.0359,94236.8,295118,32445,38552.7,16083.7,20087,440327.9,4031.2,88433.8,3813.6,2925,114316.2,23102.9,36419.5,38052,36837.8,21882.1,493697.4,24420.7,2925
77,0.0346,0.0345,0.0344,0.0343,0.0342,0.0341,0.034,0.0339,0.0338,0.0337,0.0347,0.0348,0.0349,0.035,0.0351,0.0352,0.0353,0.0354,0.0355,0.0359,88321.7,279167,53873,35458.9,16083.7,26310.8,437206.8,4031.2,88433.8,2925,2925,114316.2,23102.9,36419.5,38052,35892.3,21882.1,493697.4,24420.7,2925
78,0.0346,0.0345,0.0344,0.0343,0.0342,0.0341,0.034,0.0339,0.0338,0.0337,0.0347,0.0348,0.0349,0.035,0.0351,0.0352,0.0353,0.0354,0.0355,0.0359,70168.8,292479.1,32445,35458.9,16083.7,26310.8,391299.7,4031.2,88433.8,2925,2925,114316.2,23102.9,37323,37148.5,35892.3,436450.6,33221.8,24420.7,2925
79,0.0346,0.0345,0.0344,0.0343,0.0342,0.0341,0.034,0.0339,0.0338,0.0337,0.0347,0.0348,0.0349,0.035,0.0351,0.0352,0.0353,0.0354,0.0355,0.0359,88321.7,314863.8,35337.6,35458.9,16083.7,26310.8,391299.7,4031.2,88433.8,2925,2925,114316.2,23102.9,37323,37148.5,35892.3,408153.8,61518.6,24420.7,2925
80,0.0346,0.0345,0.0344,0.0343,0.0342,0.0341,0.034,0.0339,0.0338,0.0337,0.0347,0.0348,0.0349,0.035,0.0351,0.0352,0.0353,0.0354,0.0355,0.0359,88321.7,316768.8,34359.5,35458.9,16083.7,26310.8,391299.7,4031.2,88433.8,2925,2925,114316.2,23102.9,37323,34125.2,39852.5,408394.4,61518.6,24420.7,2925
81,0.0346,0.0345,0.0344,0.0343,0.0342,0.0341,0.034,0.0339,0.0338,0.0337,0.0347,0.0348,0.0349,0.035,0.0351,0.0352,0.0353,0.0354,0.0355,0.0359,88324.2,335018.8,34359.5,35458.9,19186.5,23198.9,391299.7,4031.2,88433.8,2925,4827,114316.2,23102.9,37323,37148.5,36837.8,408394.4,61518.6,24420.7,2925
82,0.0346,0.0345,0.0344,0.0343,0.0342,0.0341,0.034,0.0339,0.0338,0.0337,0.0347,0.0348,0.0349,0.035,0.0351,0.0352,0.0353,0.0354,0.0355,0.0359,88325.7,326413.6,34359.5,16115,27769,23198.9,391720.8,4031.2,85508.8,2925,24827,94316.2,23102.9,37323,37148.5,36837.8,437112.3,33221.8,24420.7,2925
83,0.0346,0.0345,0.0344,0.0343,0.0342,0.0341,0.034,0.0339,0.0338,0.0337,0.0347,0.0348,0.0349,0.035,0.0351,0.0352,0.0353,0.0354,0.0355,0.0359,88325.7,258409,48272.9,34271.7,19186.5,20087,394841.9,4031.2,85508.8,2925,24827,94316.2,23102.9,37323,37148.5,35892.3,436871.7,33221.8,24420.7,2925
84,0.0346,0.0345,0.0344,0.0343,0.0342,0.0341,0.034,0.0339,0.0338,0.0337,0.0347,0.0348,0.0349,0.035,0.0351,0.0352,0.0353,0.0354,0.0355,0.0359,107672.7,308709.3,60204.7,34271.8,16083.7,23198.9,397058.1,4031.2,85508.8,2925,22925,94399.4,23102.9,37323,34125.2,38907,410791.1,61518.6,24420.7,2925
85,0.0346,0.0345,0.0344,0.0343,0.0342,0.0341,0.034,0.0339,0.0338,0.0337,0.0347,0.0348,0.0349,0.035,0.0351,0.0352,0.0353,0.0354,0.0355,0.0359,107672.7,333021.1,60204.7,25861.2,12980.9,26310.8,397058.1,4031.2,85508.8,2925,2925,114399.4,23102.9,37323,34125.2,38907,410791.1,61518.6,24420.7,2925
86,0.0346,0.0345,0.0344,0.0343,0.0342,0.0341,0.034,0.0339,0.0338,0.0337,0.0347,0.0348,0.0349,0.035,0.0351,0.0352,0.0353,0.0354,0.0355,0.0359,106027.6,311247,64187,35459.7,12980.9,29422.7,355640.3,4031.2,85508.8,2925,2925,114399.4,23102.9,37323,34125.2,38907,373680.5,61518.6,24420.7,2925
87,0.0346,0.0345,0.0344,0.0343,0.0342,0.0341,0.034,0.0339,0.0338,0.0337,0.0347,0.0348,0.0349,0.035,0.0351,0.0352,0.0353,0.0354,0.0355,0.0359,106027.6,270600,84187,25861.1,12980.9,29422.7,385522.3,4031.2,85508.8,2925,24827,94399.5,23102.9,37323,34125.2,38907,403562.5,61518.6,24420.7,2925
88,0.0346,0.0345,0.0344,0.0343,0.0342,0.0341,0.034,0.0339,0.0338,0.0337,0.0347,0.0348,0.0349,0.035,0.0351,0.0352,0.0353,0.0354,0.0355,0.0359,106027.6,303930.2,64187,35461.2,12980.9,26310.8,388643.4,4031.2,85508.8,2925,24827,94399.5,23102.9,37323,34125.2,38907,403562.5,61518.6,24420.7,2925
89,0.0346,0.0345,0.0344,0.0343,0.0342,0.0341,0.034,0.0339,0.0338,0.0337,0.0347,0.0348,0.0349,0.035,0.0351,0.0352,0.0353,0.0354,0.0355,0.0359,106027.6,288886.7,62195,35463.1,12980.9,26310.8,398292.8,4031.2,85508.8,2925,24827,94399.5,23102.9,37323,34125.2,38907,413211.9,61518.6,24420.7,2925
90,0.0346,0.0345,0.0344,0.0343,0.0342,0.0341,0.034,0.0339,0.0338,0.0337,0.0347,0.0348,0.0349,0.035,0.0351,0.0352,0.0353,0.0354,0.0355,0.0359,106027.6,322359.3,64250.6,35463.1,12980.9,26310.8,398292.8,4031.2,85508.8,2925,2925,114399.5,23102.9,37323,34125.2,38907,413211.9,61518.6,24420.7,2925
91,0.0346,0.0345,0.0344,0.0343,0.0342,0.0341,0.034,0.0339,0.0338,0.0337,0.0347,0.0348,0.0349,0.035,0.0351,0.0352,0.0353,0.0354,0.0355,0.0359,106027.6,325950.3,64250.6,35463.1,12980.9,29422.7,395171.7,4031.2,85508.8,2925,22925,94399.5,23102.9,37323,34125.2,38907,413211.9,61518.6,24420.7,2925
92,0.0347,0.0346,0.0345,0.0344,0.0343,0.0342,0.0341,0.034,0.0339,0.0338,0.0348,0.0349,0.035,0.0351,0.0352,0.0353,0.0354,0.0355,0.0359,0.036,4668.3,93149.6,333473,73552.1,26634,15648.6,321189.2,8149.1,4031.2,85508.8,76945.6,80968.7,37323,34125.2,36837.8,25128.8,366235.5,24420.7,2925,3075
93,0.0347,0.0346,0.0345,0.0344,0.0343,0.0342,0.0341,0.034,0.0339,0.0338,0.0348,0.0349,0.035,0.0351,0.0352,0.0353,0.0354,0.0355,0.0359,0.036,1902,88390.9,298074,73552.1,26634,21854.2,319669.8,8149.1,4031.2,88433.8,137420.5,80656.8,37323,34125.2,36837.8,30855.1,370939.9,24420.7,2925,3075
94,0.0346,0.0345,0.0344,0.0343,0.0342,0.0341,0.034,0.0339,0.0338,0.0337,0.0347,0.0348,0.0349,0.035,0.0351,0.0352,0.0353,0.0354,0.0355,0.0359,132345.6,338573.5,82087.4,18073.8,18751.4,19076.3,331875.8,4031.2,88433.8,27713.6,6814.3,56367.6,80656.8,37323,34125.2,36837.8,27849,388242.9,24420.7,2925
95,0.0347,0.0346,0.0345,0.0344,0.0343,0.0342,0.0341,0.034,0.0339,0.0338,0.0348,0.0349,0.035,0.0351,0.0352,0.0353,0.0354,0.0355,0.0359,0.036,104512.4,188223.3,137577.1,56078.3,25446.2,21854.2,346040.4,5028,4031.2,88433.8,5015.6,87879.4,37323,49105.6,36494,33321.7,379168.6,36732.4,2925,3075
96,0.0347,0.0346,0.0345,0.0344,0.0343,0.0342,0.0341,0.034,0.0339,0.0338,0.0348,0.0349,0.035,0.0351,0.0352,0.0353,0.0354,0.0355,0.0359,0.036,104512.4,189870.8,173492.2,55401.7,26127.2,24957,371879.9,5028,4031.2,88433.8,25015.6,67879.4,37323,49105.6,36494,33321.7,408120,36732.4,2925,3075
97,0.0347,0.0346,0.0345,0.0344,0.0343,0.0342,0.0341,0.034,0.0339,0.0338,0.0348,0.0349,0.035,0.0351,0.0352,0.0353,0.0354,0.0355,0.0359,0.036,104512.4,189529.7,173492.2,55401.7,26127.2,18751.4,378103.7,5028,4031.2,88433.8,25015.6,67879.4,37323,49105.6,36494,33321.7,408120,36732.4,2925,3075
98,0.0347,0.0346,0.0345,0.0344,0.0343,0.0342,0.0341,0.034,0.0339,0.0338,0.0348,0.0349,0.035,0.0351,0.0352,0.0353,0.0354,0.0355,0.0359,0.036,28805.6,290013,122783.1,38595.7,26127.2,18751.4,379013.6,5028,4031.2,88433.8,25015.6,67879.4,37323,49105.6,36494,33321.7,409029.9,36732.4,2925,3075
99,0.0346,0.0345,0.0344,0.0343,0.0342,0.0341,0.034,0.0339,0.0338,0.0337,0.0347,0.0348,0.0349,0.035,0.0351,0.0352,0.0353,0.0354,0.0355,0.0359,106119.9,276250.8,59665.1,35465.7,12980.9,387104.5,5028,4031.2,88433.8,3813.6,4827,80267.7,97854.4,47768.1,34125.2,39508.7,27608.4,419871.9,24420.7,2925
100,0.0346,0.0345,0.0344,0.0343,0.0342,0.0341,0.034,0.0339,0.0338,0.0337,0.0347,0.0348,0.0349,0.035,0.0351,0.0352,0.0353,0.0354,0.0355,0.0359,105941.3,297886.3,38239.1,35465.7,12980.9,383992.6,8149.1,4031.2,88433.8,2925,4827,80267.7,97854.4,47768.1,34125.2,39508.7,55905.2,391575.1,24420.7,2925
101,0.0346,0.0345,0.0344,0.0343,0.0342,0.0341,0.034,0.0339,0.0338,0.0337,0.0347,0.0348,0.0349,0.035,0.0351,0.0352,0.0353,0.0354,0.0355,0.0359,105941.3,327179.7,38400.3,35465.9,12980.9,383992.6,8149.1,4031.2,88433.8,2925,4827,80267.7,100375.8,47768.1,34125.2,37571.7,55905.2,391575.1,24420.7,2925
102,0.0347,0.0346,0.0345,0.0344,0.0343,0.0342,0.0341,0.034,0.0339,0.0337,0.0348,0.0349,0.035,0.0351,0.0352,0.0353,0.0354,0.0355,0.0359,0.036,23171.1,243183.9,184236.4,30601.3,35465.9,16083.7,329385.9,5028,89540,2925,31115.1,85707.3,62748.5,45340.4,34557,30652.1,365265.2,24420.7,2925,3075
103,0.0347,0.0346,0.0345,0.0344,0.0343,0.0342,0.0341,0.034,0.0339,0.0337,0.0348,0.0349,0.035,0.0351,0.0352,0.0353,0.0354,0.0355,0.0359,0.036,23171.1,278121.9,184192.6,30601.3,41654.1,16083.7,336395.3,5028,89540,2925,11115.1,105707.3,62748.5,45340.4,34557,30652.1,378498.4,24420.7,2925,3075
104,0.0348,0.0347,0.0346,0.0345,0.0344,0.0343,0.0342,0.0341,0.034,0.0339,0.0349,0.035,0.0351,0.0352,0.0353,0.0354,0.0355,0.0359,0.036,0.0362,2925,97319.3,180867,183973.8,30601.3,44747.9,11710.6,7475.8,5028,89540,117552.1,120302.4,45340.4,34316.4,35805.9,70111.6,24420.7,2925,3075,3650.5
105,0.0347,0.0346,0.0345,0.0344,0.0343,0.0342,0.0341,0.034,0.0339,0.0337,0.0348,0.0349,0.035,0.0351,0.0352,0.0353,0.0354,0.0355,0.0356,0.0359,86441.8,239776.7,187773,31630.5,32052,20101.8,267688.8,5028,88433.8,3813.6,4821.5,78473,120302.4,45340.4,34316.4,35805.9,57799.9,300396.5,1053.4,2925
106,0.0347,0.0346,0.0345,0.0344,0.0343,0.0342,0.0341,0.034,0.0339,0.0337,0.0349,0.035,0.0351,0.0352,0.0353,0.0354,0.0355,0.0356,0.0358,0.0359,195115.2,116868.6,184044.6,44290,32823.3,16999,266304,5028,88433.8,3813.6,40977.5,124730.4,60320.8,45908,35805.9,67114,286700,3978.4,2964.1,2925
107,0.0347,0.0346,0.0345,0.0344,0.0343,0.0342,0.0341,0.034,0.0339,0.0337,0.0348,0.0349,0.035,0.0351,0.0352,0.0353,0.0354,0.0355,0.0356,0.0359,78170.4,193236,166453.4,44290,35917.1,13896.2,280234.5,5028,88433.8,3813.6,2925,79026.2,119710.8,45684.2,34876.1,35805.9,57799.9,312942.2,3978.4,2925
108,0.0348,0.0347,0.0346,0.0345,0.0344,0.0343,0.0342,0.0341,0.034,0.0339,0.0349,0.035,0.0351,0.0352,0.0353,0.0354,0.0355,0.0356,0.0359,0.036,24763.1,123780.2,183624,127899.8,41205.2,24261.5,343177.8,7136.6,5028,88433.8,29783.4,123876.4,45684.2,45564.2,35805.9,26505.5,382621.2,6959.2,2925,3075
109,0.0348,0.0347,0.0346,0.0345,0.0344,0.0343,0.0342,0.0341,0.034,0.0339,0.0349,0.035,0.0351,0.0352,0.0353,0.0354,0.0355,0.0356,0.0359,0.036,24763.1,198763,168091.3,55797.3,44290,24261.5,356607.6,4024.7,5028,88433.8,29783.4,123876.4,45684.2,45564.2,35805.9,26505.5,396051,6959.2,2925,3075
110,0.0348,0.0347,0.0346,0.0345,0.0344,0.0343,0.0342,0.0341,0.034,0.0339,0.0349,0.035,0.0351,0.0352,0.0353,0.0354,0.0355,0.0356,0.0359,0.036,24763.1,239494.9,98757.5,66318.7,44290,14909.6,369624.5,4024.7,5028,88433.8,8866.3,141925.7,45684.2,44962.5,35805.9,26505.5,405965.1,6959.2,2925,3075
111,0.0349,0.0348,0.0347,0.0346,0.0345,0.0344,0.0343,0.0342,0.0341,0.034,0.035,0.0351,0.0352,0.0353,0.0354,0.0355,0.0356,0.0357,0.0359,0.036,1891.1,64409.9,224943.9,87630,37644.4,41205.2,354571.1,19524.1,89533.5,3925,114354.5,118053.4,44962.5,45599.4,32809,63953.7,359884.4,3975.5,5880.9,3075
112,0.0348,0.0347,0.0346,0.0345,0.0344,0.0343,0.0342,0.0341,0.034,0.0339,0.0349,0.035,0.0351,0.0352,0.0353,0.0354,0.0355,0.0356,0.0357,0.0358,51567.1,290937.3,68958.5,37644.4,37800.1,348383.5,19524.1,4024.7,3925,3808.4,2925,127993.6,120004.1,44962.5,35805.9,32809,58226,359884.4,3975.5,2964.1
113,0.0348,0.0347,0.0346,0.0345,0.0344,0.0343,0.0342,0.0341,0.034,0.0339,0.0349,0.035,0.0351,0.0352,0.0353,0.0354,0.0355,0.0356,0.0357,0.0359,33570,319910.4,43563,35009.8,37800.1,360143.7,8172.7,4024.7,89433.8,3808.4,4816.1,83788.1,120004.1,44962.5,35805.9,34701.7,71139.4,347572.7,6947.9,2925
114,0.0349,0.0348,0.0347,0.0346,0.0345,0.0344,0.0343,0.0342,0.0341,0.034,0.035,0.0351,0.0352,0.0353,0.0354,0.0355,0.0356,0.0357,0.0359,0.036,1891.1,81971.4,329615.2,52750,18101.7,24449.2,22018.4,330918.3,4024.7,89433.8,116098.1,118053.4,44962.5,46164.4,34701.7,71139.4,323621.2,3975.5,2925,6022.7
115,0.0349,0.0348,0.0347,0.0346,0.0345,0.0344,0.0343,0.0342,0.0341,0.034,0.035,0.0351,0.0352,0.0353,0.0354,0.0355,0.0356,0.0357,0.0359,0.036,1891.1,81971.4,330957.4,52750,18101.7,24449.2,12684.6,330918.3,4024.7,89433.8,61648.9,124169.7,45274.4,46164.4,34701.7,64463.9,335932.9,3975.5,2925,6022.7
116,0.0348,0.0347,0.0346,0.0345,0.0344,0.0343,0.0342,0.0341,0.034,0.0339,0.0349,0.035,0.0351,0.0352,0.0353,0.0354,0.0355,0.0356,0.0357,0.0359,53064.5,262815.1,56736.6,23759.9,20305.7,21247.4,348439.5,4024.7,89433.8,2925,4816.1,78021.9,120004.1,44962.5,35805.9,35062.8,407701.7,3978.4,6947.9,2925
117,0.0348,0.0347,0.0346,0.0345,0.0344,0.0343,0.0342,0.0341,0.034,0.0339,0.035,0.0351,0.0352,0.0353,0.0354,0.0355,0.0356,0.0357,0.0359,0.036,145406.7,217969.2,56736.6,16461.8,20305.7,24341.2,325299.4,4024.7,89433.8,2925,83971.5,120004.1,45274.4,35805.9,35062.8,387664.4,3978.4,6947.9,2925,3075
118,0.0349,0.0348,0.0347,0.0346,0.0345,0.0344,0.0343,0.0342,0.0341,0.034,0.035,0.0351,0.0352,0.0353,0.0354,0.0355,0.0356,0.0357,0.0359,0.036,49524.5,259626.1,161123.7,38409.3,16461.8,23390.5,361039.2,8172.7,4024.7,89433.8,6140.9,129430.8,61077.5,46272.1,35062.8,76848.4,349342.8,3975.5,2925,6022.7
119,0.035,0.0349,0.0348,0.0347,0.0346,0.0345,0.0344,0.0343,0.0342,0.0341,0.0351,0.0352,0.0353,0.0354,0.0355,0.0356,0.0357,0.0359,0.036,0.0362,4810.7,67914.1,208032,103717.7,38409.3,19273.9,13269.6,361039.2,93681.5,2925,68906.8,119556.6,35805.9,43867.2,36239.9,399918.9,3975.5,2925,3075,6581.9
120,0.035,0.0349,0.0348,0.0347,0.0346,0.0345,0.0344,0.0343,0.0342,0.0341,0.0351,0.0352,0.0353,0.0354,0.0355,0.0356,0.0357,0.0358,0.0359,0.036,31563.1,155354.7,246455.5,52641.1,36181.2,15995.3,361669.6,15674.8,93681.5,2925,4337.2,143877.6,46574.7,43867.2,36239.9,54554.5,355460.3,1047.5,2925,3075
121,0.0351,0.035,0.0349,0.0348,0.0347,0.0346,0.0345,0.0344,0.0343,0.0342,0.0352,0.0353,0.0354,0.0355,0.0356,0.0357,0.0358,0.0359,0.036,0.0362,4805.3,116965.3,124128.1,84193,52641.1,35727.3,16315.2,328177.4,16012,89144,64939.8,50971.4,60063,52524.4,42242.8,23467.5,322124.9,3969.5,3075,3650.5
122,0.0351,0.035,0.0349,0.0348,0.0347,0.0346,0.0345,0.0344,0.0343,0.0342,0.0352,0.0353,0.0354,0.0355,0.0356,0.0357,0.0358,0.0359,0.036,0.0362,36785.2,121420.9,132031.8,33316.9,34540.4,42162.5,400091.4,7100,16012,89144,5865.4,72522.5,60645.1,52836.3,42242.8,24069.2,399743.4,3969.5,3075,3650.5
123,0.0351,0.035,0.0349,0.0348,0.0347,0.0346,0.0345,0.0344,0.0343,0.0342,0.0352,0.0353,0.0354,0.0355,0.0356,0.0357,0.0358,0.0359,0.036,0.0362,131020.2,89418.9,169733.2,33316.9,34540.4,42162.5,420488,4015.2,16012,89144,3990.4,128605.4,60957,52524.4,42242.8,24069.2,417064.2,3969.5,3075,3650.5
124,0.0351,0.035,0.0349,0.0348,0.0347,0.0346,0.0345,0.0344,0.0343,0.0342,0.0352,0.0353,0.0354,0.0355,0.0356,0.0357,0.0358,0.0359,0.036,0.0362,36478.5,105696.1,214152.7,33316.9,31813,36028.7,426639.6,4015.2,7449.2,89144,5865.4,128605.4,60645.1,52524.4,42242.8,24069.2,417064.2,3969.5,3075,3650.5
125,0.0351,0.035,0.0349,0.0348,0.0347,0.0346,0.0345,0.0344,0.0343,0.0342,0.0352,0.0353,0.0354,0.0355,0.0356,0.0357,0.0358,0.0359,0.036,0.0362,36478.5,154092.8,195272.1,33316.9,31813,32961.8,429406.9,4015.2,7757.7,89144,6444.8,128605.4,61246.8,52524.4,42242.8,23708.1,417064.2,3969.5,3075,3650.5
126,0.0351,0.035,0.0349,0.0348,0.0347,0.0346,0.0345,0.0344,0.0343,0.0342,0.0352,0.0353,0.0354,0.0355,0.0356,0.0357,0.0358,0.0359,0.036,0.0362,36478.5,104621.8,195262.3,33316.9,31813,36028.7,378974.3,4015.2,7757.7,89144,4569.8,128605.4,61246.8,36239.9,13946,52004.9,369707.4,3969.5,3075,3650.5
127,0.0351,0.035,0.0349,0.0348,0.0347,0.0346,0.0345,0.0344,0.0343,0.0342,0.0352,0.0353,0.0354,0.0355,0.0356,0.0357,0.0358,0.0359,0.036,0.0362,43223.6,224990.8,122477.1,33316.9,34871.1,36532.5,369855.8,4015.2,3233.5,89144,9.8,105072.2,61246.8,36239.9,13946,39693.2,382128,3969.5,4116.7,3650.5
128,0.0351,0.035,0.0349,0.0348,0.0347,0.0346,0.0345,0.0344,0.0343,0.0342,0.0352,0.0353,0.0354,0.0355,0.0356,0.0357,0.0358,0.0359,0.036,0.0362,38116.4,231465.8,125509.4,33316.9,34871.1,39443.6,379470.7,4015.2,2925,89144,9.8,102550.8,61159.4,37143.4,13946,41974,391742.9,3969.5,4116.7,3650.5
129,0.0351,0.035,0.0349,0.0348,0.0347,0.0346,0.0345,0.0344,0.0343,0.0342,0.0352,0.0353,0.0354,0.0355,0.0356,0.0357,0.0358,0.0359,0.036,0.0362,5873.7,144849.4,178833.9,33316.9,22236.1,36376.7,379470.7,4015.2,88433.8,3635.2,23512.8,135686.5,61389.4,37143.4,13946,41974,391742.9,3969.5,4116.7,3650.5
130,0.035,0.0349,0.0348,0.0347,0.0346,0.0345,0.0344,0.0343,0.0342,0.0341,0.0351,0.0352,0.0353,0.0354,0.0355,0.0356,0.0357,0.0358,0.0359,0.036,106414.6,275978.2,39704.2,23982.4,26340.2,393007.1,15639,4018.2,89144,2925,4805.3,87355.8,112655.5,60024.8,37143.4,13946,47105.4,386816,3969.5,3075
131,0.035,0.0349,0.0348,0.0347,0.0346,0.0345,0.0344,0.0343,0.0342,0.0341,0.0351,0.0352,0.0353,0.0354,0.0355,0.0356,0.0357,0.0358,0.0359,0.036,90779.3,294225.2,39526.3,41928.1,21355.1,405251.4,4015.2,4018.2,89144,2925,4805.3,89877.2,112967.4,60024.8,37143.4,13946,44824.6,386816,3969.5,3075
132,0.035,0.0349,0.0348,0.0347,0.0346,0.0345,0.0344,0.0343,0.0342,0.0341,0.0351,0.0352,0.0353,0.0354,0.0355,0.0356,0.0357,0.0358,0.0359,0.036,90779.3,317221.2,41479.4,39832.5,19319.5,19332.1,316646,4018.2,117707.1,2925,4805.3,89877.2,112967.4,60024.8,37143.4,13946,354370.6,3972.5,3969.5,3075
133,0.035,0.0349,0.0348,0.0347,0.0346,0.0345,0.0344,0.0343,0.0342,0.0341,0.0351,0.0352,0.0353,0.0354,0.0355,0.0356,0.0357,0.0358,0.0359,0.036,90779.3,302968.2,41479.4,39832.5,19319.5,22407.9,318752.4,4018.2,117707.1,2925,4805.3,125863.9,60234,60024.8,37143.4,13946,359561.8,3972.5,3969.5,3075
134,0.035,0.0349,0.0348,0.0347,0.0346,0.0345,0.0344,0.0343,0.0342,0.0341,0.0351,0.0352,0.0353,0.0354,0.0355,0.0356,0.0357,0.0358,0.0359,0.036,90763.4,242518.2,41479.4,39832.5,15911.3,19332.1,347800.6,4018.2,117707.1,2925,4805.3,130029.5,47138.3,59423.1,37143.4,14186.6,382199.8,3972.5,3969.5,6022.7
135,0.035,0.0349,0.0348,0.0347,0.0346,0.0345,0.0344,0.0343,0.0342,0.0341,0.0351,0.0352,0.0353,0.0354,0.0355,0.0356,0.0357,0.0358,0.0359,0.036,89819.1,273249.8,41556.9,39832.5,15911.3,13180.5,369050.8,12582.1,117707.1,2925,4805.3,125863.9,50992,59423.1,37143.4,14186.6,397280.4,3972.5,3969.5,6022.7
136,0.035,0.0349,0.0348,0.0347,0.0346,0.0345,0.0344,0.0343,0.0342,0.0341,0.0351,0.0352,0.0353,0.0354,0.0355,0.0356,0.0357,0.0358,0.0359,0.036,90390.6,292374.8,42219.6,39832.5,15911.3,13180.5,369117.8,7112,117707.1,2925,4805.3,125863.9,50992,59423.1,37143.4,14186.6,400432.2,3972.5,3969.5,6022.7
137,0.035,0.0349,0.0348,0.0347,0.0346,0.0345,0.0344,0.0343,0.0342,0.0341,0.0351,0.0352,0.0353,0.0354,0.0355,0.0356,0.0357,0.0358,0.0359,0.036,89819.1,253582.8,41556.9,39832.5,15911.3,13180.5,366033,10205.8,117707.1,2925,4805.3,125863.9,50992,59423.1,37143.4,42242.8,372135.4,3972.5,3969.5,6022.7
138,0.0349,0.0348,0.0347,0.0346,0.0345,0.0344,0.0343,0.0342,0.0341,0.034,0.035,0.0351,0.0352,0.0353,0.0354,0.0355,0.0356,0.0357,0.0358,0.0359,139270.8,179793.7,39832.5,15911.3,18888.2,371500.2,18769.7,4731.7,116996.9,4805.8,2925,86469.3,105863.9,62710.3,33625.1,36239.9,47567.7,359823.7,3972.5,2925
139,0.0349,0.0348,0.0347,0.0346,0.0345,0.0344,0.0343,0.0342,0.0341,0.034,0.035,0.0351,0.0352,0.0353,0.0354,0.0355,0.0356,0.0357,0.0358,0.0359,119270.8,201843.2,39832.5,15911.3,15812.4,15652,339971.7,7834.5,116996.9,3925,2925,86781.2,105863.9,62710.3,33625.1,36239.9,368769.7,3975.5,3972.5,2925
140,0.0349,0.0348,0.0347,0.0346,0.0345,0.0344,0.0343,0.0342,0.0341,0.034,0.035,0.0351,0.0352,0.0353,0.0354,0.0355,0.0356,0.0357,0.0358,0.0359,119270.8,243092.2,39832.5,15911.3,15812.4,24191,369356.5,7834.5,116996.9,3925,2925,89302.6,103934.4,62108.6,33625.1,36480.5,403286.4,3975.5,3972.5,2925
141,0.0349,0.0348,0.0347,0.0346,0.0345,0.0344,0.0343,0.0342,0.0341,0.034,0.035,0.0351,0.0352,0.0353,0.0354,0.0355,0.0356,0.0357,0.0358,0.0359,119270.8,240094.2,39832.5,15911.3,15812.4,24191,373926.9,7834.5,116996.9,3925,2925,89302.6,103934.4,60239,33625.1,36480.5,407856.8,3975.5,3972.5,2925
142,0.0349,0.0348,0.0347,0.0346,0.0345,0.0344,0.0343,0.0342,0.0341,0.034,0.035,0.0351,0.0352,0.0353,0.0354,0.0355,0.0356,0.0357,0.0358,0.0359,119270.8,200677.2,39832.5,15911.3,15812.4,15652,391329.8,10937.3,116996.9,3925,4810.7,89302.6,103934.4,60239,33625.1,36480.5,419789.6,3975.5,3972.5,2925
143,0.0349,0.0348,0.0347,0.0346,0.0345,0.0344,0.0343,0.0342,0.0341,0.034,0.035,0.0351,0.0352,0.0353,0.0354,0.0355,0.0356,0.0357,0.0358,0.0359,31368.9,172530.2,165237.8,15911.3,15812.4,24191,393662.9,10937.3,120108.8,3925,102613.3,55324.1,61251.8,45258.6,33625.1,32450.6,433780.4,3975.5,3972.5,2925
144,0.0349,0.0348,0.0347,0.0346,0.0345,0.0344,0.0343,0.0342,0.0341,0.034,0.035,0.0351,0.0352,0.0353,0.0354,0.0355,0.0356,0.0357,0.0358,0.0359,62195.2,163026.2,208917.8,15911.3,15812.4,24191,396756.7,7834.5,120108.8,3925,4810.7,132548.7,61251.8,45258.6,33625.1,38738,421468.7,16287.2,3972.5,2925
145,0.0349,0.0348,0.0347,0.0346,0.0345,0.0344,0.0343,0.0342,0.0341,0.034,0.035,0.0351,0.0352,0.0353,0.0354,0.0355,0.0356,0.0357,0.0358,0.0359,49898.7,179077.6,189347,15911.3,15812.4,24191,353078.9,7834.5,116996.9,3925,4810.7,132548.7,61251.8,45258.6,33625.1,38738,374697.1,16287.2,3972.5,2925
146,0.0349,0.0348,0.0347,0.0346,0.0345,0.0344,0.0343,0.0342,0.0341,0.034,0.035,0.0351,0.0352,0.0353,0.0354,0.0355,0.0356,0.0357,0.0358,0.0359,49898.7,197551.5,206055.8,15911.3,15812.4,24191,349985.1,10937.3,116996.9,3925,4810.7,132548.7,61251.8,45258.6,33625.1,39339.7,374697.1,16287.2,3972.5,2925
147,0.0349,0.0348,0.0347,0.0346,0.0345,0.0344,0.0343,0.0342,0.0341,0.034,0.035,0.0351,0.0352,0.0353,0.0354,0.0355,0.0356,0.0357,0.0358,0.0359,49898.7,215367.5,153867.8,15911.3,15812.4,24191,346891.3,10937.3,120108.8,3925,4810.7,132548.7,61251.8,45258.6,33625.1,39339.7,371716.3,19259.6,3972.5,2925
148,0.0349,0.0348,0.0347,0.0346,0.0345,0.0344,0.0343,0.0342,0.0341,0.034,0.035,0.0351,0.0352,0.0353,0.0354,0.0355,0.0356,0.0357,0.0358,0.0359,49898.7,234115.5,175106.8,15911.3,15812.4,24191,360199.2,10937.3,116996.9,3925,4810.7,132548.7,61251.8,45258.6,33625.1,39339.7,381930.4,19259.6,3972.5,2925
149,0.0349,0.0348,0.0347,0.0346,0.0345,0.0344,0.0343,0.0342,0.0341,0.034,0.035,0.0351,0.0352,0.0353,0.0354,0.0355,0.0356,0.0357,0.0358,0.0359,49898.7,193385.5,175106.8,15911.3,15812.4,24191,360199.2,10937.3,116996.9,3925,4810.7,132548.7,61251.8,45258.6,33625.1,39339.7,381930.4,19259.6,3972.5,2925
150,0.0349,0.0348,0.0347,0.0346,0.0345,0.0344,0.0343,0.0342,0.0341,0.034,0.035,0.0351,0.0352,0.0353,0.0354,0.0355,0.0356,0.0357,0.0358,0.0359,49898.7,225892.6,177312,15911.3,15812.4,24191,357105.4,14040.1,116996.9,3925,4810.7,132548.7,61251.8,45258.6,33625.1,39339.7,394242.1,6947.9,3972.5,2925
151,0.0349,0.0348,0.0347,0.0346,0.0345,0.0344,0.0343,0.0342,0.0341,0.034,0.035,0.0351,0.0352,0.0353,0.0354,0.0355,0.0356,0.0357,0.0358,0.0359,49898.7,249503.6,156074,15911.3,15812.4,24191,362143.6,10937.3,116996.9,3925,4810.7,132548.7,61251.8,45258.6,33625.1,39339.7,396186.5,6947.9,3972.5,2925
152,0.0349,0.0348,0.0347,0.0346,0.0345,0.0344,0.0343,0.0342,0.0341,0.034,0.035,0.0351,0.0352,0.0353,0.0354,0.0355,0.0356,0.0357,0.0358,0.0359,49898.7,228102.6,156074,15911.3,15812.4,24191,362143.6,10937.3,116996.9,3925,4810.7,132548.7,61251.8,45258.6,33625.1,39339.7,383874.8,19259.6,3972.5,2925
153,0.0349,0.0348,0.0347,0.0346,0.0345,0.0344,0.0343,0.0342,0.0341,0.034,0.035,0.0351,0.0352,0.0353,0.0354,0.0355,0.0356,0.0357,0.0358,0.0359,49898.7,288594.5,98849.4,15911.3,15812.4,24191,365237.4,7834.5,116996.9,3925,2925,132548.7,61251.8,45258.6,33625.1,39339.7,383874.8,19259.6,3972.5,2925
154,0.0349,0.0348,0.0347,0.0346,0.0345,0.0344,0.0343,0.0342,0.0341,0.034,0.035,0.0351,0.0352,0.0353,0.0354,0.0355,0.0356,0.0357,0.0358,0.0359,85301.7,291498.8,98849.4,15911.3,15812.4,24191,321323.3,10937.3,116996.9,3925,4810.7,132548.7,61251.8,45258.6,33625.1,39339.7,355366.2,6947.9,3972.5,2925
155,0.0349,0.0348,0.0347,0.0346,0.0345,0.0344,0.0343,0.0342,0.0341,0.034,0.035,0.0351,0.0352,0.0353,0.0354,0.0355,0.0356,0.0357,0.0358,0.0359,66419,218637.6,109087.4,23480.3,25356.7,24191,341818.8,10937.3,116996.9,3925,24810.7,112548.7,61251.8,45258.6,33625.1,67636.5,350545.7,3975.5,3972.5,2925
156,0.0349,0.0348,0.0347,0.0346,0.0345,0.0344,0.0343,0.0342,0.0341,0.034,0.035,0.0351,0.0352,0.0353,0.0354,0.0355,0.0356,0.0357,0.0358,0.0359,28672.6,139246.7,210033,24451.9,25356.7,18021.4,336716,11276.6,126332.6,3925,24810.7,108077,61251.8,45258.6,33625.1,61349.1,348874.9,3975.5,3972.5,2925
157,0.0349,0.0348,0.0347,0.0346,0.0345,0.0344,0.0343,0.0342,0.0341,0.034,0.035,0.0351,0.0352,0.0353,0.0354,0.0355,0.0356,0.0357,0.0358,0.0359,3999.5,97877.7,288583.9,24451.9,25356.7,27162.4,349527,11276.6,126332.6,3925,53109.8,108077,61251.8,45258.6,33625.1,55840.6,364779.7,3975.5,3972.5,2925
158,0.0348,0.0347,0.0346,0.0345,0.0344,0.0343,0.0342,0.0341,0.034,0.0339,0.0349,0.035,0.0351,0.0352,0.0353,0.0354,0.0355,0.0356,0.0357,0.0359,111508.1,346550.4,25121.4,32543.9,24077.6,7112,335683.9,13360.4,117996.9,3808.4,2925,78691.2,123561.6,46271.4,35393.3,39170.3,377124.8,16290.1,3975.5,2925
159,0.0348,0.0347,0.0346,0.0345,0.0344,0.0343,0.0342,0.0341,0.034,0.0339,0.0349,0.035,0.0351,0.0352,0.0353,0.0354,0.0355,0.0356,0.0357,0.0359,111508.1,313758.3,32876.9,32543.9,24077.6,334323.2,11276.6,13360.4,117996.9,2925,2925,76454.5,123873.5,44396.4,35393.3,39170.3,52717.5,343501.3,3975.5,2925
160,0.0348,0.0347,0.0346,0.0345,0.0344,0.0343,0.0342,0.0341,0.034,0.0339,0.0349,0.035,0.0351,0.0352,0.0353,0.0354,0.0355,0.0356,0.0357,0.0359,97331.4,368792,32876.9,32543.9,24077.6,334323.2,11276.6,10248.5,121118,2925,4816.1,76766.4,123561.6,44396.4,35393.3,39170.3,52717.5,343501.3,3975.5,2925
161,0.0348,0.0347,0.0346,0.0345,0.0344,0.0343,0.0342,0.0341,0.034,0.0339,0.0349,0.035,0.0351,0.0352,0.0353,0.0354,0.0355,0.0356,0.0357,0.0359,111508.1,350015.7,36768.9,32543.9,24077.6,334323.2,11276.6,10248.5,121118,2925,4816.1,76766.4,123561.6,44396.4,35393.3,38929.7,52717.5,343501.3,3975.5,2925
162,0.0348,0.0347,0.0346,0.0345,0.0344,0.0343,0.0342,0.0341,0.034,0.0339,0.0349,0.035,0.0351,0.0352,0.0353,0.0354,0.0355,0.0356,0.0357,0.0359,97331.4,357903.2,54736.2,32543.9,24077.6,7112,291584.3,13360.4,117996.9,2925,4816.1,76766.4,123561.6,44396.4,35393.3,38929.7,333025.2,16290.1,3975.5,2925
163,0.0348,0.0347,0.0346,0.0345,0.0344,0.0343,0.0342,0.0341,0.034,0.0339,0.0349,0.035,0.0351,0.0352,0.0353,0.0354,0.0355,0.0356,0.0357,0.0359,97331.4,365045.8,69276.1,25356.7,15538.6,15675.9,320192.7,13360.4,117996.9,2925,4816.1,76766.4,123561.6,44396.4,35393.3,38929.7,361633.6,16290.1,3975.5,2925
164,0.0349,0.0348,0.0347,0.0346,0.0345,0.0344,0.0343,0.0342,0.0341,0.034,0.035,0.0351,0.0352,0.0353,0.0354,0.0355,0.0356,0.0357,0.0359,0.036,4816.1,127799.1,313439.3,61707.1,25356.7,15538.6,306280.6,11276.6,13360.4,117996.9,72178.4,123873.5,44396.4,47013.8,35932.1,52717.5,309875.6,3975.5,2925,3075
165,0.0349,0.0348,0.0347,0.0346,0.0345,0.0344,0.0343,0.0342,0.0341,0.034,0.035,0.0351,0.0352,0.0353,0.0354,0.0355,0.0356,0.0357,0.0359,0.036,4816.1,191868.1,245530.6,61707.1,25356.7,15538.6,314973.8,8173.8,16472.3,117996.9,72178.4,123873.5,44396.4,47013.8,35932.1,52717.5,318568.8,3975.5,2925,3075
166,0.0349,0.0348,0.0347,0.0346,0.0345,0.0344,0.0343,0.0342,0.0341,0.034,0.035,0.0351,0.0352,0.0353,0.0354,0.0355,0.0356,0.0357,0.0359,0.036,1891.1,127113.1,291392.1,61707.1,25356.7,12567.2,12582.1,290400.4,13360.4,121118,64457.3,108893.1,59376.8,47013.8,35932.1,73933.2,289185.8,3975.5,2925,3075
167,0.0348,0.0347,0.0346,0.0345,0.0344,0.0343,0.0342,0.0341,0.034,0.0339,0.0349,0.035,0.0351,0.0352,0.0353,0.0354,0.0355,0.0356,0.0357,0.0359,97331.4,330589.2,61707.1,15812.4,14878.6,7112,334237.3,13360.4,121118,2925,2925,51850.7,111136.8,33450,38399.4,35932.1,386186.4,3978.4,3975.5,2925
168,0.0348,0.0347,0.0346,0.0345,0.0344,0.0343,0.0342,0.0341,0.034,0.0339,0.0349,0.035,0.0351,0.0352,0.0353,0.0354,0.0355,0.0356,0.0357,0.0359,86682.4,248710.6,47167.2,15812.4,14878.6,12795.5,376064.2,10248.5,10167.2,2925,2925,51850.7,111136.8,33450,38399.4,35932.1,428013.3,3978.4,3975.5,2925
169,0.0349,0.0348,0.0347,0.0346,0.0345,0.0344,0.0343,0.0342,0.0341,0.034,0.035,0.0351,0.0352,0.0353,0.0354,0.0355,0.0356,0.0357,0.0359,0.036,24270.1,51677.2,228710.6,38449.2,15812.4,9482.4,7112,405174.7,10248.5,121118,25882.2,111136.8,33450,35393.3,35932.1,468588.8,3978.4,3975.5,2925,3075
170,0.0349,0.0348,0.0347,0.0346,0.0345,0.0344,0.0343,0.0342,0.0341,0.034,0.035,0.0351,0.0352,0.0353,0.0354,0.0355,0.0356,0.0357,0.0359,0.036,47717.9,71644.2,228587.6,28939.9,15812.4,9482.4,406129.9,13321.2,7136.6,121118,5882.2,118348.6,48430.4,35393.3,35932.1,76494.7,402996.3,3975.5,2925,3075
171,0.0349,0.0348,0.0347,0.0346,0.0345,0.0344,0.0343,0.0342,0.0341,0.034,0.035,0.0351,0.0352,0.0353,0.0354,0.0355,0.0356,0.0357,0.0359,0.036,29720.8,105054.2,171277.6,28939.9,15812.4,9482.4,408351.1,13321.2,10248.5,117996.9,5882.2,118348.6,48430.4,35393.3,35932.1,76494.7,405217.5,3975.5,2925,3075
172,0.0349,0.0348,0.0347,0.0346,0.0345,0.0344,0.0343,0.0342,0.0341,0.034,0.035,0.0351,0.0352,0.0353,0.0354,0.0355,0.0356,0.0357,0.0359,0.036,47717.9,105054.2,191808.6,28939.9,15812.4,9482.4,420282.6,13321.2,10248.5,117996.9,5882.2,118348.6,48430.4,35393.3,35932.1,76494.7,417149,3975.5,2925,3075
173,0.0349,0.0348,0.0347,0.0346,0.0345,0.0344,0.0343,0.0342,0.0341,0.034,0.035,0.0351,0.0352,0.0353,0.0354,0.0355,0.0356,0.0357,0.0359,0.036,47717.9,125081.2,184809.6,28939.9,15812.4,9482.4,420282.6,13321.2,10248.5,117996.9,1071.5,117532.5,48430.4,35393.3,35932.1,73505.5,420129.8,3975.5,2925,3075
174,0.0349,0.0348,0.0347,0.0346,0.0345,0.0344,0.0343,0.0342,0.0341,0.034,0.035,0.0351,0.0352,0.0353,0.0354,0.0355,0.0356,0.0357,0.0359,0.036,47717.9,165358.2,165314.5,59326.4,15812.4,9482.4,428847,7834.5,7136.6,121118,3996.5,117532.5,48430.4,35393.3,35932.1,73505.5,417149,6947.9,2925,3075
175,0.0349,0.0348,0.0347,0.0346,0.0345,0.0344,0.0343,0.0342,0.0341,0.034,0.035,0.0351,0.0352,0.0353,0.0354,0.0355,0.0356,0.0357,0.0359,0.036,47717.9,184989.2,165348.3,59326,15812.4,22140.7,360179.8,4731.7,10248.5,117996.9,5882.2,117532.5,48430.4,35393.3,35932.1,73505.5,354556.4,3975.5,2925,3075
176,0.0349,0.0348,0.0347,0.0346,0.0345,0.0344,0.0343,0.0342,0.0341,0.034,0.035,0.0351,0.0352,0.0353,0.0354,0.0355,0.0356,0.0357,0.0359,0.036,104942.5,162736.2,111325.2,55434,15812.4,22506.4,388776.9,4731.7,10248.5,117996.9,5882.2,117532.5,48430.4,35393.3,35932.1,73505.5,383153.5,3975.5,2925,3075
177,0.0349,0.0348,0.0347,0.0346,0.0345,0.0344,0.0343,0.0342,0.0341,0.034,0.035,0.0351,0.0352,0.0353,0.0354,0.0355,0.0356,0.0357,0.0359,0.036,29720.8,149425.8,109603.5,55431.6,15812.4,19421.6,384043.2,13321.2,10248.5,117996.9,5882.2,118348.6,48430.4,35393.3,35932.1,73505.5,383890.4,3975.5,2925,3075
178,0.0349,0.0348,0.0347,0.0346,0.0345,0.0344,0.0343,0.0342,0.0341,0.034,0.035,0.0351,0.0352,0.0353,0.0354,0.0355,0.0356,0.0357,0.0359,0.036,4816.1,105128.2,208502.4,55595.6,15812.4,16215.3,392671.6,13321.2,10248.5,117996.9,59925.4,109163.4,33450,35393.3,35932.1,65029.2,392518.8,3975.5,2925,3075
179,0.0349,0.0348,0.0347,0.0346,0.0345,0.0344,0.0343,0.0342,0.0341,0.034,0.035,0.0351,0.0352,0.0353,0.0354,0.0355,0.0356,0.0357,0.0359,0.036,1401.8,51677.2,241477.1,55596.9,15812.4,16169.6,392671.6,13321.2,121208.5,13288.3,76592.3,109163.4,33450,35393.3,35932.1,68018.4,389538,3975.5,2925,3075
180,0.0349,0.0348,0.0347,0.0346,0.0345,0.0344,0.0343,0.0342,0.0341,0.034,0.035,0.0351,0.0352,0.0353,0.0354,0.0355,0.0356,0.0357,0.0359,0.036,3292.9,113434.9,240417.6,55596.9,15812.4,16169.6,392671.6,13322.4,124320.4,10167.2,76592.3,109163.4,33450,35393.3,35932.1,65029.2,392518.8,3975.5,2925,3075
181,0.0349,0.0348,0.0347,0.0346,0.0345,0.0344,0.0343,0.0342,0.0341,0.034,0.035,0.0351,0.0352,0.0353,0.0354,0.0355,0.0356,0.0357,0.0359,0.036,1401.8,114863.7,183193,39751.1,15812.4,25740.7,392671.6,13322.4,124320.4,10167.2,72426.7,56104.4,33450,35393.3,35932.1,65029.2,392518.8,3975.5,2925,3075
182,0.0349,0.0348,0.0347,0.0346,0.0345,0.0344,0.0343,0.0342,0.0341,0.034,0.035,0.0351,0.0352,0.0353,0.0354,0.0355,0.0356,0.0357,0.0359,0.036,1401.8,161237.8,129780,39751.1,15812.4,25730.1,444854.2,13322.4,121208.5,13288.3,72426.7,56104.4,33450,35393.3,36172.7,65029.2,444701.4,3975.5,2925,3075
183,0.0349,0.0348,0.0347,0.0346,0.0345,0.0344,0.0343,0.0342,0.0341,0.034,0.035,0.0351,0.0352,0.0353,0.0354,0.0355,0.0356,0.0357,0.0359,0.036,65505.8,72611.2,219138.6,39585.8,15812.4,19362.9,444854.2,13322.4,121208.5,13288.3,30047.8,50810.8,33761.9,35393.3,36172.7,77639.6,441720.6,3975.5,2925,3075
184,0.0349,0.0348,0.0347,0.0346,0.0345,0.0344,0.0343,0.0342,0.0341,0.034,0.035,0.0351,0.0352,0.0353,0.0354,0.0355,0.0356,0.0357,0.0359,0.036,62943.8,91741.2,219171.2,39585.8,15812.4,19362.9,453419.9,4731.7,127432.3,7046.1,25882.2,113327.3,33450,35393.3,36172.7,74650.4,441720.6,6947.9,2925,3075
185,0.0349,0.0348,0.0347,0.0346,0.0345,0.0344,0.0343,0.0342,0.0341,0.034,0.035,0.0351,0.0352,0.0353,0.0354,0.0355,0.0356,0.0357,0.0359,0.036,25530.9,129521.2,219205,39585.8,15812.4,19340,453419.9,4731.7,124320.4,10167.2,25882.2,113327.3,33450,35393.3,35932.1,74650.4,441720.6,6947.9,2925,3075
186,0.0349,0.0348,0.0347,0.0346,0.0345,0.0344,0.0343,0.0342,0.0341,0.034,0.035,0.0351,0.0352,0.0353,0.0354,0.0355,0.0356,0.0357,0.0359,0.036,25530.9,107155.2,240435.4,39585.8,15812.4,19340,403906.3,4731.7,130544.2,3925,25882.2,112512.9,33450,35393.3,35932.1,74650.4,392207,6947.9,2925,3075
187,0.0349,0.0348,0.0347,0.0346,0.0345,0.0344,0.0343,0.0342,0.0341,0.034,0.035,0.0351,0.0352,0.0353,0.0354,0.0355,0.0356,0.0357,0.0359,0.036,25530.9,158568.2,187186.8,39585.8,15812.4,19340,403906.3,4731.7,130544.2,3925,25882.2,112512.9,33450,35393.3,35932.1,74650.4,392207,6947.9,2925,3075
188,0.0349,0.0348,0.0347,0.0346,0.0345,0.0344,0.0343,0.0342,0.0341,0.034,0.035,0.0351,0.0352,0.0353,0.0354,0.0355,0.0356,0.0357,0.0359,0.036,25530.9,158568.2,188135.3,55429.7,25356.3,9757,403906.3,10937.3,124320.4,3925,25882.2,112201,33761.9,35393.3,35932.1,74650.4,392207,6947.9,2925,3075
189,0.0349,0.0348,0.0347,0.0346,0.0345,0.0344,0.0343,0.0342,0.0341,0.034,0.035,0.0351,0.0352,0.0353,0.0354,0.0355,0.0356,0.0357,0.0359,0.036,25530.9,159014.2,203161.5,39586.3,25356.3,9757,403904.9,10937.3,124320.4,3925,25882.2,112512.9,33450,35393.3,35932.1,74650.4,392207,6947.9,2925,3075
190,0.0349,0.0348,0.0347,0.0346,0.0345,0.0344,0.0343,0.0342,0.0341,0.034,0.035,0.0351,0.0352,0.0353,0.0354,0.0355,0.0356,0.0357,0.0359,0.036,25530.9,186954.2,182695.8,39586.3,25356.3,12841.8,371581.6,14040.1,121208.5,3925,25882.2,112512.9,33450,35393.3,35932.1,74650.4,362977.5,6947.9,2925,3075
191,0.0349,0.0348,0.0347,0.0346,0.0345,0.0344,0.0343,0.0342,0.0341,0.034,0.035,0.0351,0.0352,0.0353,0.0354,0.0355,0.0356,0.0357,0.0359,0.036,25530.9,185157.2,181057.7,39586.3,25356.3,12841.8,389588.6,14040.1,121208.5,3925,25882.2,112201,33761.9,35393.3,35932.1,74650.4,380984.5,6947.9,2925,3075
192,0.0349,0.0348,0.0347,0.0346,0.0345,0.0344,0.0343,0.0342,0.0341,0.034,0.035,0.0351,0.0352,0.0353,0.0354,0.0355,0.0356,0.0357,0.0359,0.036,25530.9,185874.2,182711.9,39586.3,25356.3,13521.2,392682.4,10937.3,121208.5,3925,25882.2,112201,33450,35393.3,35932.1,74650.4,380984.5,6947.9,2925,3075
193,0.0349,0.0348,0.0347,0.0346,0.0345,0.0344,0.0343,0.0342,0.0341,0.034,0.035,0.0351,0.0352,0.0353,0.0354,0.0355,0.0356,0.0357,0.0359,0.036,82755.5,109532.2,109700.1,39586.3,25356.3,10436.4,423812.2,10937.3,121208.5,3925,25882.2,112512.9,33450,35393.3,35932.1,74650.4,409020.5,6947.9,2925,3075
194,0.0349,0.0348,0.0347,0.0346,0.0345,0.0344,0.0343,0.0342,0.0341,0.034,0.035,0.0351,0.0352,0.0353,0.0354,0.0355,0.0356,0.0357,0.0359,0.036,3292.9,51677.2,148563.6,41006.3,25356.3,19888.4,448009.4,4731.7,118096.6,3925,77294.4,108347.3,33450,35393.3,35932.1,65029.2,427030.1,6947.9,2925,3075
195,0.0349,0.0348,0.0347,0.0346,0.0345,0.0344,0.0343,0.0342,0.0341,0.034,0.035,0.0351,0.0352,0.0353,0.0354,0.0355,0.0356,0.0357,0.0359,0.036,1891.1,105100.2,207870.8,25220,15812.4,16124.2,432226.3,7834.5,118096.6,3925,77294.4,108035.4,33450,35393.3,35932.1,65029.2,411247,6947.9,2925,3075
196,0.0348,0.0347,0.0346,0.0345,0.0344,0.0343,0.0342,0.0341,0.034,0.0339,0.0349,0.035,0.0351,0.0352,0.0353,0.0354,0.0355,0.0356,0.0357,0.0359,5899.1,86705.9,198467,15812.4,22293.8,431445.2,13321,4024.7,117996.9,3808.4,71112.2,52008.7,91174.7,33450,35393.3,32626.2,65029.2,411247,3975.5,2925
197,0.0348,0.0347,0.0346,0.0345,0.0344,0.0343,0.0342,0.0341,0.034,0.0339,0.0349,0.035,0.0351,0.0352,0.0353,0.0354,0.0355,0.0356,0.0357,0.0359,2974.1,144930.6,198467.5,15812.4,18934.4,428351.4,16423.8,7136.6,117996.9,2925,73633.6,51696.8,91174.7,33450,34489.8,30345.4,65029.2,411247,3975.5,2925
198,0.0348,0.0347,0.0346,0.0345,0.0344,0.0343,0.0342,0.0341,0.034,0.0339,0.0349,0.035,0.0351,0.0352,0.0353,0.0354,0.0355,0.0356,0.0357,0.0359,2974.1,165896.2,177171.8,15812.4,15849.6,24176.6,387536.7,7136.6,117996.9,2925,73633.6,51696.8,91174.7,33450,34489.8,27347.8,439131.3,3978.4,3975.5,2925
199,0.0348,0.0347,0.0346,0.0345,0.0344,0.0343,0.0342,0.0341,0.034,0.0339,0.0349,0.035,0.0351,0.0352,0.0353,0.0354,0.0355,0.0356,0.0357,0.0359,2974.1,220048.4,123618.8,15812.4,15849.6,32740.9,393127.9,7136.6,117996.9,2925,73633.6,51696.8,92078.2,33450,34489.8,27347.8,453311.8,3978.4,3975.5,2925
200,0.0348,0.0347,0.0346,0.0345,0.0344,0.0343,0.0342,0.0341,0.034,0.0339,0.0349,0.035,0.0351,0.0352,0.0353,0.0354,0.0355,0.0356,0.0357,0.0359,2974.1,218195.7,123618.8,15812.4,15849.6,32740.9,412465.3,7136.6,117996.9,2925,73633.6,52008.7,92078.2,33450,34489.8,27107.2,472649.2,3978.4,3975.5,2925
201,0.0348,0.0347,0.0346,0.0345,0.0344,0.0343,0.0342,0.0341,0.034,0.0339,0.0349,0.035,0.0351,0.0352,0.0353,0.0354,0.0355,0.0356,0.0357,0.0359,5899.1,219833.9,130856.9,15812.4,18934.4,32740.9,412465.3,4024.7,117996.9,2925,73633.6,52008.7,92078.2,33450,34489.8,27107.2,472649.2,3978.4,3975.5,2925
202,0.0348,0.0347,0.0346,0.0345,0.0344,0.0343,0.0342,0.0341,0.034,0.0339,0.0349,0.035,0.0351,0.0352,0.0353,0.0354,0.0355,0.0356,0.0357,0.0359,84097.2,185415.4,138107.5,25347.3,22019.2,27275.5,409362.5,4024.7,117996.9,2925,5446.4,71696.8,92390.1,33450,34489.8,27107.2,472649.2,3978.4,3975.5,2925
203,0.0348,0.0347,0.0346,0.0345,0.0344,0.0343,0.0342,0.0341,0.034,0.0339,0.0349,0.035,0.0351,0.0352,0.0353,0.0354,0.0355,0.0356,0.0357,0.0359,65359.2,191302.3,151995.4,25347.3,25104,24181.7,374923.2,4024.7,117996.9,2925,4816.1,72008.7,92078.2,33450,34489.8,29628.6,425898.2,16290.1,3975.5,2925
204,0.0348,0.0347,0.0346,0.0345,0.0344,0.0343,0.0342,0.0341,0.034,0.0339,0.0349,0.035,0.0351,0.0352,0.0353,0.0354,0.0355,0.0356,0.0357,0.0359,65359.2,131595.3,173291.4,28423.1,22019.2,24181.7,374979.7,4024.7,117996.9,2925,2925,129397.5,34853.6,33450,34489.8,29628.6,425954.7,16290.1,3975.5,2925
205,0.0348,0.0347,0.0346,0.0345,0.0344,0.0343,0.0342,0.0341,0.034,0.0339,0.0349,0.035,0.0351,0.0352,0.0353,0.0354,0.0355,0.0356,0.0357,0.0359,65359.2,131595.3,151976.6,25347.3,22019.2,27275.5,406389.5,4024.7,117996.9,2925,4816.1,129397.5,34853.6,33450,34489.8,29628.6,457364.5,16290.1,3975.5,2925
206,0.0348,0.0347,0.0346,0.0345,0.0344,0.0343,0.0342,0.0341,0.034,0.0339,0.0349,0.035,0.0351,0.0352,0.0353,0.0354,0.0355,0.0356,0.0357,0.0359,65359.2,126978.6,103097.1,25347.3,18934.4,30369.3,424840.1,4024.7,117996.9,2925,5156.5,129397.5,34853.6,33450,34489.8,29026.9,472825.9,19270.9,3975.5,2925
207,0.0348,0.0347,0.0346,0.0345,0.0344,0.0343,0.0342,0.0341,0.034,0.0339,0.0349,0.035,0.0351,0.0352,0.0353,0.0354,0.0355,0.0356,0.0357,0.0359,65359.2,185653.6,119280.1,25347.3,15849.6,27275.5,431045.7,5124.4,117996.9,2925,5156.5,129397.5,34853.6,33450,34489.8,29026.9,472825.9,19270.9,3975.5,2925
208,0.0348,0.0347,0.0346,0.0345,0.0344,0.0343,0.0342,0.0341,0.034,0.0339,0.0349,0.035,0.0351,0.0352,0.0353,0.0354,0.0355,0.0356,0.0357,0.0359,65359.2,185653.6,97969.7,25347.3,15849.6,33463.1,424840.1,4024.7,117996.9,2925,5156.5,129397.5,34853.6,33450,34489.8,29026.9,485137.6,6959.2,3975.5,2925
209,0.0349,0.0348,0.0347,0.0346,0.0345,0.0344,0.0343,0.0342,0.0341,0.034,0.035,0.0351,0.0352,0.0353,0.0354,0.0355,0.0356,0.0357,0.0358,0.0359,2925,55873.9,204933.1,99958.6,25347.3,15849.6,419925.4,4731.7,4024.7,117996.9,92274.8,92390.1,33450,34489.8,34517.6,65029.2,395852.3,3975.5,2964.1,2925
210,0.0348,0.0347,0.0346,0.0345,0.0344,0.0343,0.0342,0.0341,0.034,0.0339,0.0349,0.035,0.0351,0.0352,0.0353,0.0354,0.0355,0.0356,0.0357,0.0359,74301.9,204835.1,99987.4,25347.3,18934.4,21863.9,379624.4,4024.7,117996.9,2925,2925,80777.7,92390.1,33450,34489.8,34517.6,65029.2,375768.3,3975.5,5880.9
211,0.0348,0.0347,0.0346,0.0345,0.0344,0.0343,0.0342,0.0341,0.034,0.0339,0.035,0.0351,0.0352,0.0353,0.0354,0.0355,0.0356,0.0357,0.0359,0.036,74301.9,264613.6,76814,15812.4,30558.6,13299.6,376521.6,4024.7,117996.9,2925,80777.7,92078.2,33450,34489.8,34517.6,52717.5,388080,3975.5,5880.9,3075
212,0.0348,0.0347,0.0346,0.0345,0.0344,0.0343,0.0342,0.0341,0.034,0.0339,0.0349,0.035,0.0351,0.0352,0.0353,0.0354,0.0355,0.0356,0.0357,0.0359,107332.9,279654.1,76837.2,29098.2,30558.6,7112,383066.5,4024.7,117996.9,2925,2925,76612.1,96243.8,33450,34489.8,34517.6,53559.8,391060.8,3975.5,2925
213,0.0349,0.0348,0.0347,0.0346,0.0345,0.0344,0.0343,0.0342,0.0341,0.034,0.035,0.0351,0.0352,0.0353,0.0354,0.0355,0.0356,0.0357,0.0358,0.0359,1891.1,150041.9,227484.6,79906.9,32677.1,31324.7,7450.2,317983.8,4024.7,117996.9,101355.7,92078.2,33761.9,34489.8,34517.6,53559.8,329542.2,3975.5,2964.1,2925
214,0.0349,0.0348,0.0347,0.0346,0.0345,0.0344,0.0343,0.0342,0.0341,0.034,0.035,0.0351,0.0352,0.0353,0.0354,0.0355,0.0356,0.0357,0.0359,0.036,4816.1,150041.9,202237.4,56422.7,20067.1,34409.5,353335.2,4731.7,4024.7,117996.9,92274.8,92390.1,33450,34489.8,34517.6,53559.8,359081.3,3975.5,5880.9,3075
215,0.0349,0.0348,0.0347,0.0346,0.0345,0.0344,0.0343,0.0342,0.0341,0.034,0.035,0.0351,0.0352,0.0353,0.0354,0.0355,0.0356,0.0357,0.0359,0.036,53177.8,188319.9,181105.9,56250.7,20067.1,28042.3,349903.2,4731.7,4024.7,117996.9,2097.8,121858.4,48430.4,35393.3,34517.6,32898.2,387378.1,3975.5,5880.9,3075
216,0.0349,0.0348,0.0347,0.0346,0.0345,0.0344,0.0343,0.0342,0.0341,0.034,0.035,0.0351,0.0352,0.0353,0.0354,0.0355,0.0356,0.0357,0.0359,0.036,2925,67061.9,217994.7,46919.4,29601.3,37494.3,369665.5,8173.8,118096.6,3925,76749.3,112673.2,33450,35393.3,34517.6,53319.2,381937.4,3975.5,5880.9,3075
217,0.0349,0.0348,0.0347,0.0346,0.0345,0.0344,0.0343,0.0342,0.0341,0.034,0.035,0.0351,0.0352,0.0353,0.0354,0.0355,0.0356,0.0357,0.0359,0.036,2925,67061.9,259383.4,46924.9,26525.5,36620.2,370774,11276.6,118096.6,3925,73545.5,112679.5,33450,35393.3,34517.6,59325.3,383045.9,3975.5,5880.9,3075
218,0.0349,0.0348,0.0347,0.0346,0.0345,0.0344,0.0343,0.0342,0.0341,0.034,0.035,0.0351,0.0352,0.0353,0.0354,0.0355,0.0356,0.0357,0.0358,0.0359,2078.8,67061.9,269484.2,37298.9,26525.5,30450.6,376961.6,11276.6,118096.6,3925,77869.3,108347.3,33450,35393.3,35359.9,58723.6,383045.9,3975.5,2964.1,2925
219,0.0348,0.0347,0.0346,0.0345,0.0344,0.0343,0.0342,0.0341,0.034,0.0339,0.0349,0.035,0.0351,0.0352,0.0353,0.0354,0.0355,0.0356,0.0357,0.0359,178618.9,243680.8,74807,25346.6,31632.9,10205.8,343878.9,4024.7,117996.9,3808.4,2925,106108.4,54976.4,33450,35393.3,35359.9,397631.5,6959.2,3975.5,2925
220,0.0348,0.0347,0.0346,0.0345,0.0344,0.0343,0.0342,0.0341,0.034,0.0339,0.0349,0.035,0.0351,0.0352,0.0353,0.0354,0.0355,0.0356,0.0357,0.0359,176987.5,243680.8,74807,25346.6,31632.9,13299.6,331937.3,4024.7,117996.9,2925,4816.1,110746.9,54976.4,33450,35393.3,35359.9,388792.7,6959.2,3975.5,2925
221,0.0349,0.0348,0.0347,0.0346,0.0345,0.0344,0.0343,0.0342,0.0341,0.034,0.035,0.0351,0.0352,0.0353,0.0354,0.0355,0.0356,0.0357,0.0359,0.036,28204.8,103513.8,301988.4,32794,32677.1,27365.8,10205.8,356072.3,4024.7,117996.9,10804.8,133410.9,33450,35393.3,35119.3,52717.5,367630.7,3975.5,2925,6022.7
222,0.0349,0.0348,0.0347,0.0346,0.0345,0.0344,0.0343,0.0342,0.0341,0.034,0.035,0.0351,0.0352,0.0353,0.0354,0.0355,0.0356,0.0357,0.0359,0.036,29270.9,103255.8,261088.3,40587.7,16990.6,34211.9,7450.2,356072.3,4024.7,117996.9,15133,133410.9,33450,35393.3,35119.3,58109.7,367630.7,3975.5,5880.9,3075
223,0.0349,0.0348,0.0347,0.0346,0.0345,0.0344,0.0343,0.0342,0.0341,0.034,0.035,0.0351,0.0352,0.0353,0.0354,0.0355,0.0356,0.0357,0.0359,0.036,46212.1,139606.8,261110.6,40587.7,32418.3,18736.8,7450.2,356072.3,4024.7,117996.9,15133,133099,33450,35393.3,35119.3,29812.9,395927.5,3975.5,5880.9,3075
224,0.0349,0.0348,0.0347,0.0346,0.0345,0.0344,0.0343,0.0342,0.0341,0.034,0.035,0.0351,0.0352,0.0353,0.0354,0.0355,0.0356,0.0357,0.0359,0.036,53131.5,169087.8,218365.6,38558.6,35494.1,15652,328766.6,4731.7,4024.7,117996.9,1071.5,136922.6,33450,35393.3,34517.6,35791.6,365903.3,3975.5,5880.9,3075
225,0.035,0.0349,0.0348,0.0347,0.0346,0.0345,0.0344,0.0343,0.0342,0.0341,0.0351,0.0352,0.0353,0.0354,0.0355,0.0356,0.0357,0.0358,0.0359,0.036,22734.4,55244.9,171767.4,161498.6,38558.6,23173.3,369308.7,4018.2,118803.6,2925,10852.7,114676.9,50373.7,34517.6,35791.6,40293.8,364493.2,3972.5,2925,3075
226,0.035,0.0349,0.0348,0.0347,0.0346,0.0345,0.0344,0.0343,0.0342,0.0341,0.0351,0.0352,0.0353,0.0354,0.0355,0.0356,0.0357,0.0358,0.0359,0.036,21830,56354.9,201336.3,131682.8,26992,23173.3,369308.7,4018.2,118803.6,2925,15018.3,163348.2,50373.7,34517.6,35791.6,37677.2,364493.2,3972.5,2925,3075
227,0.0349,0.0348,0.0347,0.0346,0.0345,0.0344,0.0343,0.0342,0.0341,0.034,0.0351,0.0352,0.0353,0.0354,0.0355,0.0356,0.0357,0.0358,0.0359,0.036,52083.3,290321.3,132198.4,26992,29005,369308.7,4018.2,4731.7,116996.9,3925,39387,178016.7,35393.3,34517.6,35791.6,45188.6,352181.5,3972.5,5880.9,3075
228,0.035,0.0349,0.0348,0.0347,0.0346,0.0345,0.0344,0.0343,0.0342,0.0341,0.0351,0.0352,0.0353,0.0354,0.0355,0.0356,0.0357,0.0358,0.0359,0.036,2121,55165.8,288523.6,73789.6,26992,28239.6,21102.7,280194.3,4731.7,116996.9,58839.6,178328.6,35393.3,34517.6,35791.6,32876.9,292463.3,3972.5,2925,3075
229,0.035,0.0349,0.0348,0.0347,0.0346,0.0345,0.0344,0.0343,0.0342,0.0341,0.0351,0.0352,0.0353,0.0354,0.0355,0.0356,0.0357,0.0358,0.0359,0.036,25602.9,77038.8,267358.7,73789.6,42326.5,10104.7,317857.2,4018.2,4731.7,116996.9,4225.9,182944.2,35393.3,34517.6,35791.6,42387.5,316126.5,3972.5,2925,3075
230,0.035,0.0349,0.0348,0.0347,0.0346,0.0345,0.0344,0.0343,0.0342,0.0341,0.0351,0.0352,0.0353,0.0354,0.0355,0.0356,0.0357,0.0358,0.0359,0.036,24700.5,55165.8,250011.1,65273.8,42326.5,10104.7,321299.4,4018.2,4731.7,116996.9,8391.5,178778.6,55868.3,34517.6,35791.6,41785.8,319568.7,3972.5,2925,3075
231,0.035,0.0349,0.0348,0.0347,0.0346,0.0345,0.0344,0.0343,0.0342,0.0341,0.0351,0.0352,0.0353,0.0354,0.0355,0.0356,0.0357,0.0358,0.0359,0.036,28841.7,112932.8,235780.9,65273.8,36192.7,16256.3,322404.5,4018.2,4731.7,116996.9,8391.5,198987.6,35649.8,34517.6,35791.6,41785.8,320673.8,3972.5,2925,3075
232,0.035,0.0349,0.0348,0.0347,0.0346,0.0345,0.0344,0.0343,0.0342,0.0341,0.0351,0.0352,0.0353,0.0354,0.0355,0.0356,0.0357,0.0358,0.0359,0.036,27843,145192.1,213395.9,50820.8,43501.2,19380.8,316271.9,4018.2,4731.7,116996.9,8391.5,197583.6,35649.8,34517.6,35791.6,41785.8,323076.7,3972.5,2925,3075
233,0.035,0.0349,0.0348,0.0347,0.0346,0.0345,0.0344,0.0343,0.0342,0.0341,0.0351,0.0352,0.0353,0.0354,0.0355,0.0356,0.0357,0.0358,0.0359,0.036,28940,183423,231983.1,50691.9,30927.6,21691.2,316271.9,4018.2,4731.7,116996.9,4225.9,182938.2,35649.8,34517.6,35791.6,41785.8,323076.7,3972.5,2925,3075
234,0.035,0.0349,0.0348,0.0347,0.0346,0.0345,0.0344,0.0343,0.0342,0.0341,0.0351,0.0352,0.0353,0.0354,0.0355,0.0356,0.0357,0.0358,0.0359,0.036,28230.1,207686.5,191764.5,47953.1,34757.7,18615.4,316271.9,4018.2,4731.7,116996.9,4225.9,203843.2,35649.8,34517.6,35791.6,41785.8,323076.7,3972.5,2925,3075
235,0.035,0.0349,0.0348,0.0347,0.0346,0.0345,0.0344,0.0343,0.0342,0.0341,0.0351,0.0352,0.0353,0.0354,0.0355,0.0356,0.0357,0.0358,0.0359,0.036,28230.1,136677.8,204234.4,38473.8,43501.2,18615.4,305960.1,4018.2,4731.7,116996.9,8391.5,201111.6,35649.8,34517.6,35791.6,41785.8,312764.9,3972.5,2925,3075
236,0.035,0.0349,0.0348,0.0347,0.0346,0.0345,0.0344,0.0343,0.0342,0.0341,0.0351,0.0352,0.0353,0.0354,0.0355,0.0356,0.0357,0.0358,0.0359,0.036,28230.1,171995.3,194131.5,38473.8,38793.2,22079.2,316171.2,4018.2,4731.7,116996.9,8391.5,201113.6,35649.8,34517.6,35791.6,41785.8,322976,3972.5,2925,3075
237,0.035,0.0349,0.0348,0.0347,0.0346,0.0345,0.0344,0.0343,0.0342,0.0341,0.0351,0.0352,0.0353,0.0354,0.0355,0.0356,0.0357,0.0358,0.0359,0.036,35661.1,206810.3,138798.2,35478.8,38793.2,22844.6,333125.6,4018.2,118803.6,2925,4225.9,184792.2,35649.8,35577,35791.6,41785.8,339930.4,3972.5,2925,3075
238,0.035,0.0349,0.0348,0.0347,0.0346,0.0345,0.0344,0.0343,0.0342,0.0341,0.0351,0.0352,0.0353,0.0354,0.0355,0.0356,0.0357,0.0358,0.0359,0.036,35661.1,245250,138798.2,36559.5,41860.1,19768.8,333125.6,4018.2,118803.6,2925,4225.9,184787.2,35649.8,34517.6,35791.6,41785.8,339930.4,3972.5,2925,3075
239,0.035,0.0349,0.0348,0.0347,0.0346,0.0345,0.0344,0.0343,0.0342,0.0341,0.0351,0.0352,0.0353,0.0354,0.0355,0.0356,0.0357,0.0358,0.0359,0.036,35661.1,245253.7,140877.6,33468.9,38793.2,22787.5,333125.6,4018.2,118803.6,2925,4225.9,185603.3,35649.8,34517.6,35791.6,41785.8,339930.4,3972.5,2925,3075
240,0.035,0.0349,0.0348,0.0347,0.0346,0.0345,0.0344,0.0343,0.0342,0.0341,0.0351,0.0352,0.0353,0.0354,0.0355,0.0356,0.0357,0.0358,0.0359,0.036,35661.1,249963.7,140865,33468.9,38793.2,22787.5,333125.6,4018.2,118803.6,2925,4225.9,185603.3,35649.8,34517.6,35791.6,41785.8,339930.4,3972.5,2925,3075
241,0.035,0.0349,0.0348,0.0347,0.0346,0.0345,0.0344,0.0343,0.0342,0.0341,0.0351,0.0352,0.0353,0.0354,0.0355,0.0356,0.0357,0.0358,0.0359,0.036,43090.1,194064.2,140565.1,33468.9,41860.1,10547.3,303313.5,4018.2,118803.6,2925,4041.2,148390,35649.8,34517.6,35791.6,13489,338415.1,3972.5,2925,3075
242,0.035,0.0349,0.0348,0.0347,0.0346,0.0345,0.0344,0.0343,0.0342,0.0341,0.0351,0.0352,0.0353,0.0354,0.0355,0.0356,0.0357,0.0358,0.0359,0.036,43090.1,179052.8,139575.5,33468.9,41860.1,10216.4,360286,4018.2,118803.6,2925,4041.2,148390,35649.8,34517.6,35791.6,13489,395387.6,3972.5,2925,3075
243,0.035,0.0349,0.0348,0.0347,0.0346,0.0345,0.0344,0.0343,0.0342,0.0341,0.0351,0.0352,0.0353,0.0354,0.0355,0.0356,0.0357,0.0358,0.0359,0.036,100151.4,149657.8,139575.5,33468.9,41186.3,9451,368285.8,4018.2,118803.6,2925,6326.5,201285.7,35649.8,34517.6,35791.6,13489,403387.4,3972.5,2925,3075
244,0.035,0.0349,0.0348,0.0347,0.0346,0.0345,0.0344,0.0343,0.0342,0.0341,0.0351,0.0352,0.0353,0.0354,0.0355,0.0356,0.0357,0.0358,0.0359,0.036,101564.6,132738.8,139575.5,33468.9,41186.3,9451,376821.3,4018.2,118803.6,2925,8206.8,200391.7,35649.8,34517.6,35791.6,13489,403387.4,3972.5,2925,3075
245,0.035,0.0349,0.0348,0.0347,0.0346,0.0345,0.0344,0.0343,0.0342,0.0341,0.0351,0.0352,0.0353,0.0354,0.0355,0.0356,0.0357,0.0358,0.0359,0.036,88961.6,152207.9,139575.5,33468.9,37618.5,12526.8,376821.3,4018.2,118803.6,2925,8206.8,200629.7,35649.8,34517.6,35791.6,13489,403387.4,3972.5,2925,3075
246,0.035,0.0349,0.0348,0.0347,0.0346,0.0345,0.0344,0.0343,0.0342,0.0341,0.0351,0.0352,0.0353,0.0354,0.0355,0.0356,0.0357,0.0358,0.0359,0.036,25485.9,133390.1,215842.1,33468.9,34551.6,15602.6,340623.7,4018.2,118803.6,2925,14041.5,200587.8,35649.8,34517.6,35791.6,9561.2,367189.8,3972.5,2925,6022.7
247,0.035,0.0349,0.0348,0.0347,0.0346,0.0345,0.0344,0.0343,0.0342,0.0341,0.0351,0.0352,0.0353,0.0354,0.0355,0.0356,0.0357,0.0358,0.0359,0.036,25485.9,133390.1,194731.9,33468.9,21977.1,18678.4,356721.2,4018.2,118803.6,2925,14041.5,181522.7,35649.8,34517.6,35791.6,9561.2,383287.3,3972.5,2925,3075
248,0.035,0.0349,0.0348,0.0347,0.0346,0.0345,0.0344,0.0343,0.0342,0.0341,0.0351,0.0352,0.0353,0.0354,0.0355,0.0356,0.0357,0.0358,0.0359,0.036,25485.9,133047.8,194837.9,33468.9,21977.1,15933,364643.4,4018.2,118803.6,2925,14041.5,181522.7,35649.8,34517.6,35791.6,9561.2,388124.7,3972.5,2925,3075
249,0.035,0.0349,0.0348,0.0347,0.0346,0.0345,0.0344,0.0343,0.0342,0.0341,0.0351,0.0352,0.0353,0.0354,0.0355,0.0356,0.0357,0.0358,0.0359,0.036,25485.9,149926.8,194803.8,33468.9,21977.1,12857.2,367583.7,4018.2,118803.6,2925,14041.5,201066.7,35649.8,34517.6,35791.6,9561.2,387980.2,3972.5,2925,3075
250,0.035,0.0349,0.0348,0.0347,0.0346,0.0345,0.0344,0.0343,0.0342,0.0341,0.0351,0.0352,0.0353,0.0354,0.0355,0.0356,0.0357,0.0358,0.0359,0.036,25485.9,169679.8,194801,33468.9,21977.1,12857.2,367583.7,4018.2,118803.6,2925,14041.5,200726.8,35961.7,34517.6,35791.6,9561.2,387980.2,3972.5,2925,3075
251,0.035,0.0349,0.0348,0.0347,0.0346,0.0345,0.0344,0.0343,0.0342,0.0341,0.0351,0.0352,0.0353,0.0354,0.0355,0.0356,0.0357,0.0358,0.0359,0.036,25485.9,108870.2,193038.4,33468.9,18910.2,12857.7,370668.5,4018.2,118803.6,2925,14041.5,181494.7,35649.8,34517.6,35791.6,9561.2,387980.2,3972.5,2925,3075
252,0.035,0.0349,0.0348,0.0347,0.0346,0.0345,0.0344,0.0343,0.0342,0.0341,0.0351,0.0352,0.0353,0.0354,0.0355,0.0356,0.0357,0.0358,0.0359,0.036,25485.9,168210.2,186539,33468.9,18910.2,12857.7,383574.7,4018.2,118803.6,2925,14041.5,200686.7,35649.8,34517.6,35791.6,9561.2,400886.4,3972.5,2925,3075
253,0.035,0.0349,0.0348,0.0347,0.0346,0.0345,0.0344,0.0343,0.0342,0.0341,0.0351,0.0352,0.0353,0.0354,0.0355,0.0356,0.0357,0.0358,0.0359,0.036,25485.9,130697,115066.2,33468.9,15843.3,12857.7,387919.6,4018.2,118803.6,2925,14041.5,143370.4,35649.8,34517.6,35791.6,9561.2,402146.5,3972.5,2925,3075
254,0.0349,0.0348,0.0347,0.0346,0.0345,0.0344,0.0343,0.0342,0.0341,0.034,0.035,0.0351,0.0352,0.0353,0.0354,0.0355,0.0356,0.0357,0.0358,0.0359,79644.3,276332,56438.4,25350.9,18750.1,21102.7,431860.4,4731.7,116996.9,4805.8,2925,93198.8,104095.5,35649.8,34517.6,36393.3,450836,19259.6,3972.5,2925
255,0.0349,0.0348,0.0347,0.0346,0.0345,0.0344,0.0343,0.0342,0.0341,0.034,0.035,0.0351,0.0352,0.0353,0.0354,0.0355,0.0356,0.0357,0.0358,0.0359,77304.7,262958.3,74328.9,25350.9,18750.1,21102.7,428766.6,7834.5,116996.9,3925,4810.7,152285.4,104095.5,35649.8,34517.6,36393.3,463147.7,6947.9,3972.5,2925
256,0.0349,0.0348,0.0347,0.0346,0.0345,0.0344,0.0343,0.0342,0.0341,0.034,0.035,0.0351,0.0352,0.0353,0.0354,0.0355,0.0356,0.0357,0.0358,0.0359,77304.7,302096.3,74328.9,25350.9,18750.1,21102.7,425672.8,10937.3,116996.9,3925,4810.7,168727.4,69439.5,35649.8,34517.6,36393.3,463147.7,6947.9,3972.5,2925
257,0.0349,0.0348,0.0347,0.0346,0.0345,0.0344,0.0343,0.0342,0.0341,0.034,0.035,0.0351,0.0352,0.0353,0.0354,0.0355,0.0356,0.0357,0.0358,0.0359,77304.7,320455.2,88469.7,25350.9,18750.1,21102.7,298957.8,7834.5,120108.8,3925,4810.7,168727.4,71170.5,35649.8,34517.6,36393.3,336432.7,6947.9,3972.5,2925
258,0.0349,0.0348,0.0347,0.0346,0.0345,0.0344,0.0343,0.0342,0.0341,0.034,0.035,0.0351,0.0352,0.0353,0.0354,0.0355,0.0356,0.0357,0.0358,0.0359,82504.4,301785.8,88469.7,15843.3,18750.1,12567.2,337576.8,10937.3,116996.9,3925,4810.7,168727.4,51121.5,35649.8,34517.6,36393.3,366491.3,6947.9,3972.5,2925
259,0.0349,0.0348,0.0347,0.0346,0.0345,0.0344,0.0343,0.0342,0.0341,0.034,0.035,0.0351,0.0352,0.0353,0.0354,0.0355,0.0356,0.0357,0.0358,0.0359,82523.9,234910.9,88469.7,15843.3,15674.3,15652,354075.2,10937.3,116996.9,3925,4810.7,168845.4,51121.5,35649.8,34517.6,36393.3,382989.7,6947.9,3972.5,2925
260,0.0349,0.0348,0.0347,0.0346,0.0345,0.0344,0.0343,0.0342,0.0341,0.034,0.035,0.0351,0.0352,0.0353,0.0354,0.0355,0.0356,0.0357,0.0358,0.0359,78749.4,273746.9,79953.2,15843.3,15674.3,24187.5,345514.8,7834.5,120108.8,3925,4810.7,168845.4,51121.5,35649.8,34517.6,36393.3,382989.7,6947.9,3972.5,2925
261,0.0349,0.0348,0.0347,0.0346,0.0345,0.0344,0.0343,0.0342,0.0341,0.034,0.035,0.0351,0.0352,0.0353,0.0354,0.0355,0.0356,0.0357,0.0358,0.0359,78749.4,255379,79953.2,15843.3,18750.1,21102.7,349763.2,10937.3,116996.9,3925,4810.7,168845.4,51121.5,35649.8,34517.6,36393.3,387238.1,6947.9,3972.5,2925
262,0.0349,0.0348,0.0347,0.0346,0.0345,0.0344,0.0343,0.0342,0.0341,0.034,0.035,0.0351,0.0352,0.0353,0.0354,0.0355,0.0356,0.0357,0.0358,0.0359,78749.4,269842,79953.2,15843.3,18750.1,21102.7,349763.2,10937.3,116996.9,3925,4810.7,188255.4,51121.5,35649.8,34517.6,36393.3,387238.1,6947.9,3972.5,2925
263,0.0349,0.0348,0.0347,0.0346,0.0345,0.0344,0.0343,0.0342,0.0341,0.034,0.035,0.0351,0.0352,0.0353,0.0354,0.0355,0.0356,0.0357,0.0358,0.0359,76783.9,215238.1,95447.4,15843.3,15674.3,15652,365006.3,7834.5,120108.8,3925,4810.7,168604.5,51121.5,35649.8,34517.6,36393.3,393920.8,6947.9,3972.5,2925
264,0.0348,0.0347,0.0346,0.0345,0.0344,0.0343,0.0342,0.0341,0.034,0.0339,0.0349,0.035,0.0351,0.0352,0.0353,0.0354,0.0355,0.0356,0.0357,0.0359,57438.2,203463.3,30499.9,15674.3,21318.6,15672.3,400484.9,6036.9,117996.9,3808.4,4816.1,74236.3,144750.8,36141.1,35649.8,34517.6,417672.8,44586.9,6947.9,2925
265,0.0347,0.0346,0.0345,0.0344,0.0343,0.0342,0.0341,0.034,0.0339,0.0338,0.0348,0.0349,0.035,0.0351,0.0352,0.0353,0.0354,0.0355,0.0356,0.0359,104717,132433.1,40004.1,24973.7,25629.8,13607.9,416120.6,11270.2,120127.2,148,2925,60188,161615.9,33853.3,37798.7,34489.8,473024,25022.4,3978.4,2925
266,0.0347,0.0346,0.0345,0.0344,0.0343,0.0342,0.0341,0.034,0.0339,0.0338,0.0348,0.0349,0.035,0.0351,0.0352,0.0353,0.0354,0.0355,0.0356,0.0359,112413.1,132433.1,41134.1,24973.7,24950.2,14379.9,413554.8,14391.3,120127.2,148,3341.1,60092,161615.9,32876.5,37798.7,37853.5,471048.7,24420.7,3978.4,2925
267,0.0348,0.0347,0.0346,0.0345,0.0344,0.0343,0.0342,0.0341,0.034,0.0339,0.0349,0.035,0.0351,0.0352,0.0353,0.0354,0.0355,0.0356,0.0359,0.036,13196.5,107002.7,188738,42332.3,24973.7,20057.3,7834.5,413993.3,11270.2,120127.2,15127.5,181615.9,32876.5,34784,40859.6,67458,431277.4,3978.4,2925,3075
268,0.0348,0.0347,0.0346,0.0345,0.0344,0.0343,0.0342,0.0341,0.034,0.0339,0.0349,0.035,0.0351,0.0352,0.0353,0.0354,0.0355,0.0356,0.0359,0.036,13196.5,176001.1,144935.9,19226.6,24973.7,23415.1,4731.7,410881.4,14391.3,120127.2,12036.4,132280.5,32876.5,34784,37853.5,58143.9,443589.1,3978.4,2925,3075
269,0.0348,0.0347,0.0346,0.0345,0.0344,0.0343,0.0342,0.0341,0.034,0.0339,0.0349,0.035,0.0351,0.0352,0.0353,0.0354,0.0355,0.0356,0.0359,0.036,13196.5,161554.4,144734,33763.4,24973.7,23920.1,395949.3,4024.7,11270.2,123257.5,12036.4,132592.4,32876.5,34784,37853.5,70455.6,415638.3,3978.4,2925,3075
270,0.0348,0.0347,0.0346,0.0345,0.0344,0.0343,0.0342,0.0341,0.034,0.0339,0.0349,0.035,0.0351,0.0352,0.0353,0.0354,0.0355,0.0356,0.0359,0.036,13196.5,193133.3,146577.6,19226.6,24973.7,23920.1,399031.9,4024.7,14391.3,120127.2,16202,181925.8,32876.5,34784,37853.5,70455.6,418720.9,3978.4,2925,3075
271,0.0348,0.0347,0.0346,0.0345,0.0344,0.0343,0.0342,0.0341,0.034,0.0339,0.0349,0.035,0.0351,0.0352,0.0353,0.0354,0.0355,0.0356,0.0359,0.036,13196.5,192327.2,146580,19226.6,25650.9,23240.9,399031.9,4024.7,17512.4,116996.9,16202,181613.9,32876.5,34784,37853.5,58143.9,431032.6,3978.4,2925,3075
272,0.0348,0.0347,0.0346,0.0345,0.0344,0.0343,0.0342,0.0341,0.034,0.0339,0.0349,0.035,0.0351,0.0352,0.0353,0.0354,0.0355,0.0356,0.0359,0.036,13196.5,191142.5,146770.6,19226.6,26154.5,22735.9,399031.9,4024.7,17512.4,116996.9,16202,181613.9,32876.5,34784,37612.9,55146.3,434021.8,3978.4,2925,3075
273,0.0348,0.0347,0.0346,0.0345,0.0344,0.0343,0.0342,0.0341,0.034,0.0339,0.0349,0.035,0.0351,0.0352,0.0353,0.0354,0.0355,0.0356,0.0359,0.036,13196.5,178678.8,159281.1,19226.6,26154.5,22735.9,372806.9,4024.7,17512.4,116996.9,16202,181646.9,32876.5,34784,37612.9,55146.3,407796.8,3978.4,2925,3075
274,0.0348,0.0347,0.0346,0.0345,0.0344,0.0343,0.0342,0.0341,0.034,0.0339,0.0349,0.035,0.0351,0.0352,0.0353,0.0354,0.0355,0.0356,0.0359,0.036,13196.5,215462.5,156357.4,16301.6,22725.9,20316,380301.9,1099.7,14587.4,114071.9,9111.4,182887.5,31784,31859,37612.9,53215.8,418216.8,3978.4,2925,3075
275,0.0348,0.0347,0.0346,0.0345,0.0344,0.0343,0.0342,0.0341,0.034,0.0338,0.0349,0.035,0.0351,0.0352,0.0353,0.0354,0.0355,0.0356,0.0359,0.036,27839.5,164006.1,156352.3,16301.6,23229.5,19810.3,380301.9,4211.6,125538.2,1034,13277,178721.9,31784,31859,37612.9,53215.8,418216.8,3978.4,2925,3075
276,0.0348,0.0347,0.0346,0.0345,0.0344,0.0343,0.0342,0.0341,0.034,0.0338,0.0349,0.035,0.0351,0.0352,0.0353,0.0354,0.0355,0.0356,0.0359,0.036,27839.5,206635.5,156352.3,16301.6,23229.5,19810.3,387846.9,4211.6,125538.2,1034,7220.3,182953.5,31784,31859,37612.9,53215.8,425761.8,3978.4,2925,3075
277,0.0348,0.0347,0.0346,0.0345,0.0344,0.0343,0.0342,0.0341,0.034,0.0338,0.0349,0.035,0.0351,0.0352,0.0353,0.0354,0.0355,0.0356,0.0359,0.036,85228.3,206020.1,98963.5,16301.6,23229.5,19810.3,387846.9,7323.5,122417.1,1034,7220.3,183265.4,31784,31859,37612.9,53215.8,425761.8,3978.4,2925,3075
278,0.0348,0.0347,0.0346,0.0345,0.0344,0.0343,0.0342,0.0341,0.034,0.0338,0.0349,0.035,0.0351,0.0352,0.0353,0.0354,0.0355,0.0356,0.0359,0.036,85228.3,166952.1,99128,16100.6,22725.9,20315.4,387846.9,4211.6,125538.2,1034,13277,179099.8,31784,31859,37612.9,53215.8,425761.8,3978.4,2925,3075
279,0.0348,0.0347,0.0346,0.0345,0.0344,0.0343,0.0342,0.0341,0.034,0.0338,0.0349,0.035,0.0351,0.0352,0.0353,0.0354,0.0355,0.0356,0.0359,0.036,85228.3,192416.9,112707.9,16100.6,22725.9,20315.4,368197.6,4211.6,125538.2,1034,13277,199611.8,31784,31859,37612.9,53215.8,406112.5,3978.4,2925,3075
280,0.0348,0.0347,0.0346,0.0345,0.0344,0.0343,0.0342,0.0341,0.034,0.0338,0.0349,0.035,0.0351,0.0352,0.0353,0.0354,0.0355,0.0356,0.0359,0.036,27839.5,206220.8,115349.6,16100.6,22048.7,20994.6,368343.3,4211.6,125538.2,1034,33277,178869.8,31784,31859,37612.9,53215.8,406258.2,3978.4,2925,3075
281,0.0348,0.0347,0.0346,0.0345,0.0344,0.0343,0.0342,0.0341,0.034,0.0338,0.0349,0.035,0.0351,0.0352,0.0353,0.0354,0.0355,0.0356,0.036,0.0363,27839.5,131261.5,170045.9,14970.6,22725.9,20315.5,387429.7,1099.7,128659.3,1034,33277,159172.8,31784,31859,34687.9,53215.8,422419.6,1053.4,150,1000
282,0.0348,0.0347,0.0346,0.0345,0.0344,0.0343,0.0342,0.0341,0.034,0.0338,0.0349,0.035,0.0351,0.0352,0.0353,0.0354,0.0355,0.0356,0.036,0.0363,27839.5,172162.5,170045.9,14970.6,22725.9,20315.6,390353.4,7323.5,122417.1,1034,33277,178891.8,31784,31859,34687.9,53215.8,422354.1,4034.2,150,1000
283,0.0348,0.0347,0.0346,0.0345,0.0344,0.0343,0.0342,0.0341,0.034,0.0338,0.0349,0.035,0.0351,0.0352,0.0353,0.0354,0.0355,0.0356,0.036,0.0363,27839.5,172501.2,170050,14970.6,22725.9,20315.6,390353.4,10435.4,119296,1034,33277,179128.8,31784,31859,34687.9,53215.8,422354.1,4034.2,150,1000
284,0.0348,0.0347,0.0346,0.0345,0.0344,0.0343,0.0342,0.0341,0.034,0.0338,0.0349,0.035,0.0351,0.0352,0.0353,0.0354,0.0355,0.0356,0.036,0.0363,27839.5,205153.2,116376,14970.6,22725.9,20315.6,390353.4,7323.5,122417.1,1034,33277,179067.9,31784,31859,34687.9,53215.8,422354.1,4034.2,150,1000
285,0.0348,0.0347,0.0346,0.0345,0.0344,0.0343,0.0342,0.0341,0.034,0.0338,0.0349,0.035,0.0351,0.0352,0.0353,0.0354,0.0355,0.0356,0.036,0.0363,24599.5,206191.2,116376,14970.6,22047.1,20994.8,366501,7323.5,122417.1,1034,33277,159153.8,31784,31859,34687.9,53215.8,398501.7,4034.2,150,1000
286,0.0348,0.0347,0.0346,0.0345,0.0344,0.0343,0.0342,0.0341,0.034,0.0338,0.0349,0.035,0.0351,0.0352,0.0353,0.0354,0.0355,0.0356,0.036,0.0363,24599.5,203900.9,116376,14970.6,22724.5,20315.6,371924.7,10435.4,119296,1034,13277,178841.9,31784,31859,34687.9,53215.8,403925.4,4034.2,150,1000
287,0.0348,0.0347,0.0346,0.0345,0.0344,0.0343,0.0342,0.0341,0.034,0.0338,0.0349,0.035,0.0351,0.0352,0.0353,0.0354,0.0355,0.0356,0.036,0.0363,24599.5,224820.5,116376.5,14970.6,23228.4,19810.6,371782.7,10435.4,119296,1034,13277,197792.9,31784,31859,34687.9,53215.8,403783.4,4034.2,150,1000
288,0.0348,0.0347,0.0346,0.0345,0.0344,0.0343,0.0342,0.0341,0.034,0.0338,0.0349,0.035,0.0351,0.0352,0.0353,0.0354,0.0355,0.0356,0.036,0.0363,24599.5,224975.3,116576.1,14970.6,22725.3,20315.9,371840.5,10435.4,119296,1034,13277,197938.8,31784,31859,34687.9,53215.8,403841.2,4034.2,150,1000
289,0.0348,0.0347,0.0346,0.0345,0.0344,0.0343,0.0342,0.0341,0.034,0.0338,0.0349,0.035,0.0351,0.0352,0.0353,0.0354,0.0355,0.0356,0.036,0.0363,24599.5,225090.5,116749,14970.6,22725.3,20315.9,381259.3,10435.4,119296,1034,13277,179151.8,31784,31859,34687.9,53215.8,413260,4034.2,150,1000
290,0.0348,0.0347,0.0346,0.0345,0.0344,0.0343,0.0342,0.0341,0.034,0.0338,0.0349,0.035,0.0351,0.0352,0.0353,0.0354,0.0355,0.0356,0.036,0.0363,24599.5,172015.5,108035.8,23535.7,22048.1,20995.1,381259.3,10435.4,119296,1034,13277,198556.8,31784,31859,34687.9,65527.5,400948.3,4034.2,150,1000
291,0.0348,0.0347,0.0346,0.0345,0.0344,0.0343,0.0342,0.0341,0.034,0.0338,0.0349,0.035,0.0351,0.0352,0.0353,0.0354,0.0355,0.0356,0.036,0.0363,42648.2,206074.5,116574.8,14970.6,22048.1,20995.2,395281.8,10435.4,116174.9,1034,13277,178902.9,31784,31859,34687.9,65527.5,411868,4034.2,150,1000
292,0.0348,0.0347,0.0346,0.0345,0.0344,0.0343,0.0342,0.0341,0.034,0.0338,0.0349,0.035,0.0351,0.0352,0.0353,0.0354,0.0355,0.0356,0.036,0.0363,24401.7,209892.4,122177.6,23535.7,22048.1,20996.1,395281.8,10435.4,116174.9,1034,13277,214958.9,31784,31859,34687.9,65527.5,411868,4034.2,150,1000
293,0.0348,0.0347,0.0346,0.0345,0.0344,0.0343,0.0342,0.0341,0.034,0.0338,0.0349,0.035,0.0351,0.0352,0.0353,0.0354,0.0355,0.0356,0.036,0.0363,1698.7,113145.6,122177.6,23535.7,22048.1,20996.1,398384.6,7323.5,116174.9,1034,35808.4,182809.4,31784,31859,34687.9,65527.5,411868,4034.2,150,1000
294,0.0347,0.0346,0.0345,0.0344,0.0343,0.0342,0.0341,0.034,0.0339,0.0338,0.0349,0.035,0.0351,0.0352,0.0353,0.0354,0.0355,0.0356,0.036,0.0363,47758.2,232839.4,81894.8,22048.1,26379.5,4909.5,381836.5,2103,114071.9,148,83862.9,158905.9,31784,31859,34687.9,59588.1,392896.8,4034.2,150,1000
295,0.0347,0.0346,0.0345,0.0344,0.0343,0.0342,0.0341,0.034,0.0339,0.0338,0.0349,0.035,0.0351,0.0352,0.0353,0.0354,0.0355,0.0356,0.036,0.0363,29812.5,230197.6,81865.8,22048.1,26379.5,8012.3,378724.6,2103,114071.9,148,121803.3,121945.7,31784,31859,34687.9,59588.1,395886,1053.4,150,1000
296,0.0347,0.0346,0.0345,0.0344,0.0343,0.0342,0.0341,0.034,0.0339,0.0338,0.0349,0.035,0.0351,0.0352,0.0353,0.0354,0.0355,0.0356,0.036,0.0363,34017.8,200261.5,133056.8,22048.1,25610.6,13048.2,381836.5,2103,114071.9,148,131366.9,107467.5,31784,31859,62984.7,31531.9,395886,1053.4,150,1000
297,0.0347,0.0346,0.0345,0.0344,0.0343,0.0342,0.0341,0.034,0.0339,0.0338,0.0348,0.0349,0.035,0.0351,0.0352,0.0353,0.0354,0.0355,0.0356,0.036,64410.5,178315.2,133349.2,22048.1,22516.8,16151,366903.7,2103,114071.9,148,1896.5,185426.8,32820.7,31784,31859,62984.7,390997.8,21495.7,1053.4,150
298,0.0347,0.0346,0.0345,0.0344,0.0343,0.0342,0.0341,0.034,0.0339,0.0338,0.0348,0.0349,0.035,0.0351,0.0352,0.0353,0.0354,0.0355,0.0356,0.036,64410.5,178315.2,134126.6,22048.1,22516.6,16151,353899.4,5224.1,114071.9,148,1896.5,185426.8,32820.7,31784,31859,62984.7,381105.4,21495.7,1053.4,150
299,0.0347,0.0346,0.0345,0.0344,0.0343,0.0342,0.0341,0.034,0.0339,0.0338,0.0348,0.0349,0.035,0.0351,0.0352,0.0353,0.0354,0.0355,0.0356,0.036,64410.5,156965.2,134126.7,23414.7,22516.7,15426.9,363436.1,5224.1,114071.9,148,6062.1,181261.2,32820.7,31784,34380.4,60463.3,390401.5,21495.7,1053.4,150
300,0.0347,0.0346,0.0345,0.0344,0.0343,0.0342,0.0341,0.034,0.0339,0.0338,0.0348,0.0349,0.035,0.0351,0.0352,0.0353,0.0354,0.0355,0.0356,0.036,64410.5,176756.1,135795,13855.1,32104.2,16198.1,372201.8,5224.1,114071.9,148,6062.1,201217.2,32820.7,31784,34380.4,60463.3,399167.2,21495.7,1053.4,150
301,0.0347,0.0346,0.0345,0.0344,0.0343,0.0342,0.0341,0.034,0.0339,0.0338,0.0348,0.0349,0.035,0.0351,0.0352,0.0353,0.0354,0.0355,0.0356,0.036,64410.5,163239,52191.8,23414.7,13955.4,24013.2,392935.9,5224.1,114071.9,148,5231.1,143727.1,32820.7,31784,34380.4,32166.5,448198.1,21495.7,1053.4,150
302,0.0347,0.0346,0.0345,0.0344,0.0343,0.0342,0.0341,0.034,0.0339,0.0338,0.0348,0.0349,0.035,0.0351,0.0352,0.0353,0.0354,0.0355,0.0356,0.036,64755.3,128688.7,100051.4,23414.7,13955.4,23644.9,442780.4,2103,114071.9,148,1065.5,146867.6,32820.7,31784,34380.4,31564.8,494930.7,21495.7,1053.4,150
303,0.0347,0.0346,0.0345,0.0344,0.0343,0.0342,0.0341,0.034,0.0339,0.0338,0.0348,0.0349,0.035,0.0351,0.0352,0.0353,0.0354,0.0355,0.0356,0.036,64755.3,153979.4,112927.4,23414.7,12770.6,23644.9,439668.5,5224.1,114071.9,148,6062.1,213451.4,32820.7,31784,34380.4,31564.8,494930.7,21495.7,1053.4,150
304,0.0347,0.0346,0.0345,0.0344,0.0343,0.0342,0.0341,0.034,0.0339,0.0338,0.0349,0.035,0.0351,0.0352,0.0353,0.0354,0.0355,0.0356,0.0357,0.036,67704.9,204625.9,112927.4,23414.7,12770.6,25022.7,385290.6,5224.1,114071.9,148,183883.1,32820.7,31784,34380.4,31564.8,59588.1,402574.7,1053.4,2972.4,150
305,0.0347,0.0346,0.0345,0.0344,0.0343,0.0342,0.0341,0.034,0.0339,0.0338,0.0348,0.0349,0.035,0.0351,0.0352,0.0353,0.0354,0.0355,0.0356,0.036,67360.1,274051.1,59096.6,23414.7,24425.7,19861,382178.7,2103,114071.9,148,4165.6,200403.7,32820.7,31784,34380.4,31564.8,60430.4,405563.9,1053.4,150
306,0.0347,0.0346,0.0345,0.0344,0.0343,0.0342,0.0341,0.034,0.0339,0.0338,0.0348,0.0349,0.035,0.0351,0.0352,0.0353,0.0354,0.0355,0.0356,0.036,69579.1,178138.6,112961.6,23414.7,22516.7,16758.2,388402.5,2103,114071.9,148,4165.6,179978.4,32820.7,31784,34380.4,31564.8,60430.4,405563.9,1053.4,150
307,0.0348,0.0347,0.0346,0.0345,0.0344,0.0343,0.0342,0.0341,0.034,0.0339,0.0349,0.035,0.0351,0.0352,0.0353,0.0354,0.0355,0.0356,0.036,0.0363,12877,147634.3,226293.4,50335.1,24596,25194.9,385133,1099.7,2103,114071.9,9111.4,177974.1,57026.9,43802.5,31564.8,53651.1,407389.9,1053.4,150,1000
308,0.0348,0.0347,0.0346,0.0345,0.0344,0.0343,0.0342,0.0341,0.034,0.0339,0.0349,0.035,0.0351,0.0352,0.0353,0.0354,0.0355,0.0356,0.0358,0.036,14773.5,141554.7,217052.4,63076.1,30765.6,28622.4,375502.8,1099.7,2103,114071.9,9111.4,177974.1,57026.9,43802.5,31564.8,53410.5,404400.7,1053.4,2964.1,150
309,0.0347,0.0346,0.0345,0.0344,0.0343,0.0342,0.0341,0.034,0.0339,0.0338,0.0349,0.035,0.0351,0.0352,0.0353,0.0354,0.0355,0.0356,0.0359,0.036,118858.2,217052.2,63076.1,30765.6,28622.4,4909.5,326448.4,2103,114071.9,1034,92276.1,125013.8,95773.5,43802.5,31564.8,53410.5,359156.1,1053.4,2955.9,150
310,0.0348,0.0347,0.0346,0.0345,0.0344,0.0343,0.0342,0.0341,0.034,0.0339,0.0349,0.035,0.0351,0.0352,0.0353,0.0354,0.0355,0.0356,0.0359,0.036,14438.5,132707.6,205480.6,71438.8,20024.7,25564,327406.1,1099.7,2103,114071.9,6823.4,188269.8,42046.5,43802.5,31564.8,25113.7,387703.6,1053.4,2955.9,150
311,0.0348,0.0347,0.0346,0.0345,0.0344,0.0343,0.0342,0.0341,0.034,0.0339,0.0349,0.035,0.0351,0.0352,0.0353,0.0354,0.0355,0.0356,0.0359,0.036,14438.5,118635.4,208094,68684.8,16939.9,25563.5,352549.5,1099.7,2103,114071.9,6823.4,188269.8,42046.5,43802.5,31564.8,24512,409744.2,1053.4,2955.9,150
312,0.0348,0.0347,0.0346,0.0345,0.0344,0.0343,0.0342,0.0341,0.034,0.0338,0.0349,0.035,0.0351,0.0352,0.0353,0.0354,0.0355,0.0356,0.0359,0.036,14438.5,171985.5,142053.5,67615,16939.9,25563.5,352718.5,1099.7,116942.5,1034,6823.4,188267.8,42046.5,43802.5,31564.8,24512,409913.2,1053.4,2955.9,150
313,0.0348,0.0347,0.0346,0.0345,0.0344,0.0343,0.0342,0.0341,0.034,0.0338,0.0349,0.035,0.0351,0.0352,0.0353,0.0354,0.0355,0.0356,0.0359,0.036,71827.3,152110.7,101920.1,58083.1,16939.9,22469.7,362603.7,1099.7,116942.5,1034,6823.4,188267.8,42046.5,43802.5,31564.8,24512,416695.6,1053.4,2955.9,150
314,0.0347,0.0346,0.0345,0.0344,0.0343,0.0342,0.0341,0.034,0.0339,0.0338,0.0349,0.035,0.0351,0.0352,0.0353,0.0354,0.0355,0.0356,0.0358,0.036,176893.4,181896.4,58083.1,27682.5,22325.5,14217.9,362797.4,2103,114839.5,1034,88215.8,168267.8,42046.5,43802.5,31564.8,47517,395505.1,1053.4,2964.1,150
315,0.0348,0.0347,0.0346,0.0345,0.0344,0.0343,0.0342,0.0341,0.034,0.0339,0.0349,0.035,0.0351,0.0352,0.0353,0.0354,0.0355,0.0356,0.0359,0.036,41210.7,123619.4,221611,40034.4,27682.5,17051.3,14217.9,362797.4,2103,114839.5,6823.4,188242.8,42046.5,43802.5,31564.8,54955.8,395505.1,1053.4,2955.9,150
316,0.0348,0.0347,0.0346,0.0345,0.0344,0.0343,0.0342,0.0341,0.034,0.0339,0.0349,0.035,0.0351,0.0352,0.0353,0.0354,0.0355,0.0356,0.0359,0.036,41210.7,123619.4,223186.8,38366.3,24598,20145.1,11115.1,365909.3,2103,114839.5,6823.4,188242.8,42046.5,43802.5,31564.8,54955.8,395505.1,1053.4,2955.9,150
317,0.0348,0.0347,0.0346,0.0345,0.0344,0.0343,0.0342,0.0341,0.034,0.0339,0.0349,0.035,0.0351,0.0352,0.0353,0.0354,0.0355,0.0356,0.0359,0.036,41210.7,118876.3,223186.1,38366.3,24598,22906.1,345712.8,4211.6,2103,114839.5,6823.4,188160.4,42046.5,43802.5,32166.5,54715.2,371507.9,1053.4,2955.9,150
318,0.0348,0.0347,0.0346,0.0345,0.0344,0.0343,0.0342,0.0341,0.034,0.0339,0.035,0.0351,0.0352,0.0353,0.0354,0.0355,0.0356,0.0357,0.036,0.0363,149005.5,81589.6,124665,50975.9,16939.9,9655,345080.9,1099.7,1000,114839.5,90898.6,133512.2,44706,40052.4,26418.4,49792.5,347330.9,1050.5,150,3923.3
319,0.0349,0.0348,0.0347,0.0346,0.0345,0.0344,0.0343,0.0342,0.0341,0.034,0.035,0.0351,0.0352,0.0353,0.0354,0.0355,0.0356,0.0357,0.036,0.0363,29358.1,189408.4,80611.3,147669.3,38099.9,16939.9,15844.3,340317.7,1099.7,1000,8765.2,186868.2,44706,40052.4,26418.4,67367.8,336461.6,1050.5,150,3923.3
320,0.0349,0.0348,0.0347,0.0346,0.0345,0.0344,0.0343,0.0342,0.0341,0.034,0.035,0.0351,0.0352,0.0353,0.0354,0.0355,0.0356,0.0357,0.036,0.0363,29358.1,196826.3,97136.3,147669.3,35024.1,16939.9,18938.1,340317.7,1099.7,1000,8765.2,187180.1,44706,40052.4,26418.4,67608.4,336461.6,1050.5,150,3923.3
321,0.0348,0.0347,0.0346,0.0345,0.0344,0.0343,0.0342,0.0341,0.034,0.0339,0.035,0.0351,0.0352,0.0353,0.0354,0.0355,0.0356,0.0357,0.036,0.0363,140905.3,112601,147830.9,22283.1,16939.9,18938.1,340317.7,1099.7,1000,115722.9,89644,166868.2,44706,40052.4,26418.4,62344.8,336461.6,1050.5,150,3923.3
322,0.0348,0.0347,0.0346,0.0345,0.0344,0.0343,0.0342,0.0341,0.034,0.0339,0.035,0.0351,0.0352,0.0353,0.0354,0.0355,0.0356,0.0357,0.036,0.0363,89012.6,176150.8,133346.7,25358.9,23109.5,12750.5,317565.4,1099.7,1000,114839.5,91742.7,166936.2,44706,40052.4,26418.4,62344.8,316812.1,1050.5,150,3923.3
323,0.0348,0.0347,0.0346,0.0345,0.0344,0.0343,0.0342,0.0341,0.034,0.0339,0.035,0.0351,0.0352,0.0353,0.0354,0.0355,0.0356,0.0357,0.036,0.0362,89012.6,168532.8,133406.7,25358.9,23109.5,12750.5,313505.4,1099.7,1000,114839.5,145157.7,113512.2,44706,40052.4,26418.4,62344.8,312752.1,1050.5,150,2931.4
324,0.0348,0.0347,0.0346,0.0345,0.0344,0.0343,0.0342,0.0341,0.034,0.0338,0.035,0.0351,0.0352,0.0353,0.0354,0.0355,0.0356,0.0357,0.036,0.0362,89012.6,225839.3,76019,25358.9,23109.5,12750.5,313546.6,1099.7,115839.5,1034,145157.7,113512.2,44706,40052.4,26418.4,62344.8,312793.3,1050.5,150,2931.4
325,0.0348,0.0347,0.0346,0.0345,0.0344,0.0343,0.0342,0.0341,0.034,0.0338,0.035,0.0351,0.0352,0.0353,0.0354,0.0355,0.0356,0.0357,0.036,0.0362,95398.6,219175.3,76019,25358.9,20024.7,15844.3,315088.4,1099.7,115839.5,1034,143059,113512.2,44706,40052.4,26418.4,62344.8,314335.1,1050.5,150,2931.4
326,0.0348,0.0347,0.0346,0.0345,0.0344,0.0343,0.0342,0.0341,0.034,0.0338,0.035,0.0351,0.0352,0.0353,0.0354,0.0355,0.0356,0.0357,0.036,0.0362,95398.6,203661.4,76071.6,25358.9,23109.5,12750.5,324033.7,1099.7,115839.5,1034,143083,113512.2,44706,40052.4,26418.4,62344.8,323280.4,1050.5,150,2931.4
327,0.0348,0.0347,0.0346,0.0345,0.0344,0.0343,0.0342,0.0341,0.034,0.0338,0.035,0.0351,0.0352,0.0353,0.0354,0.0355,0.0356,0.0357,0.036,0.0362,95398.6,203661.4,76132.1,25358.9,20024.7,15844.3,324510.6,1099.7,115839.5,1034,143083,113512.2,44706,40052.4,26418.4,62344.8,323757.3,1050.5,150,2931.4
328,0.0348,0.0347,0.0346,0.0345,0.0344,0.0343,0.0342,0.0341,0.034,0.0338,0.035,0.0351,0.0352,0.0353,0.0354,0.0355,0.0356,0.0357,0.036,0.0361,95398.7,203661.4,76132.1,25358.9,20024.7,15842.3,334761.4,1099.7,115839.5,1034,178879.2,56123.4,44706,40052.4,26418.4,62344.8,334008.1,1050.5,150,2939.5
329,0.0348,0.0347,0.0346,0.0345,0.0344,0.0343,0.0342,0.0341,0.034,0.0338,0.035,0.0351,0.0352,0.0353,0.0354,0.0355,0.0356,0.0357,0.036,0.0362,95398.7,202662.4,76132.1,25358.9,23109.5,12748.5,335260.9,1099.7,115839.5,1034,178864.2,56123.4,44706,40052.4,26418.4,62344.8,334507.6,1050.5,150,2931.4
330,0.0349,0.0348,0.0347,0.0346,0.0345,0.0344,0.0343,0.0342,0.0341,0.034,0.035,0.0351,0.0352,0.0353,0.0354,0.0355,0.0356,0.0357,0.036,0.0362,20623,194099.6,172978.2,78401.3,25358.9,23109.5,15223.5,335260.9,3574.7,118314.5,11240.2,187149.8,41673.5,40052.4,28893.4,72155.3,334507.6,3525.5,150,2931.4
331,0.0349,0.0348,0.0347,0.0346,0.0345,0.0344,0.0343,0.0342,0.0341,0.034,0.035,0.0351,0.0352,0.0353,0.0354,0.0355,0.0356,0.0357,0.036,0.0362,20623,176710.2,237424.3,68257.5,25358.9,34729.5,3568.2,335260.9,3574.7,118314.5,11240.2,187742.8,41673.5,40052.4,28893.4,59843.6,346819.3,3525.5,150,2931.4
332,0.0349,0.0348,0.0347,0.0346,0.0345,0.0344,0.0343,0.0342,0.0341,0.034,0.035,0.0351,0.0352,0.0353,0.0354,0.0355,0.0356,0.0357,0.036,0.0362,20623,176710.2,223203.5,68257.5,25358.9,31644.7,294425.4,1806.7,3574.7,118314.5,11240.2,187430.9,41673.5,40052.4,28893.4,59843.6,301128.5,3525.5,150,2931.4
333,0.0349,0.0348,0.0347,0.0346,0.0345,0.0344,0.0343,0.0342,0.0341,0.034,0.035,0.0351,0.0352,0.0353,0.0354,0.0355,0.0356,0.0357,0.036,0.0362,20623,190876.5,224656.7,68257.5,25358.9,31644.7,294425.4,1806.7,3574.7,118314.5,11240.2,187744.8,41673.5,40052.4,28893.4,59843.6,301128.5,3525.5,150,2931.4
334,0.0349,0.0348,0.0347,0.0346,0.0345,0.0344,0.0343,0.0342,0.0341,0.034,0.035,0.0351,0.0352,0.0353,0.0354,0.0355,0.0356,0.0357,0.036,0.0362,81393,189488.7,167350.2,68275.7,28434.7,28559.9,294425.4,1806.7,118414.2,3475,5102.7,187744.8,41673.5,40052.4,28893.4,59843.6,301128.5,3525.5,150,2931.4
335,0.0349,0.0348,0.0347,0.0346,0.0345,0.0344,0.0343,0.0342,0.0341,0.034,0.035,0.0351,0.0352,0.0353,0.0354,0.0355,0.0356,0.0357,0.036,0.0361,3541.4,109276.8,228752.4,68434.7,22283.1,34119.7,323252.5,4909.5,118414.2,3475,51847.2,167432.9,41673.5,40052.4,31992.8,59603,329955.6,3525.5,150,2939.5
336,0.0349,0.0348,0.0347,0.0346,0.0345,0.0344,0.0343,0.0342,0.0341,0.034,0.035,0.0351,0.0352,0.0353,0.0354,0.0355,0.0356,0.0357,0.036,0.0361,3541.4,163721.8,160292.4,68442.3,22283.1,31034.9,326898.5,4909.5,118414.2,3475,69844.3,167385.9,41673.5,40052.4,28893.4,59603,330507.8,3525.5,150,2939.5
337,0.0349,0.0348,0.0347,0.0346,0.0345,0.0344,0.0343,0.0342,0.0341,0.034,0.035,0.0351,0.0352,0.0353,0.0354,0.0355,0.0356,0.0357,0.036,0.0361,3541.4,167602.5,144831.1,68442.3,22283.1,31034.9,332270.9,4909.5,118414.2,3475,71794.6,167385.9,41673.5,40052.4,28893.4,59603,335880.2,3525.5,150,2939.5
338,0.0349,0.0348,0.0347,0.0346,0.0345,0.0344,0.0343,0.0342,0.0341,0.034,0.035,0.0351,0.0352,0.0353,0.0354,0.0355,0.0356,0.0357,0.036,0.0363,1066.4,153414.6,130385.2,68442.3,22283.1,37204.5,331897.2,4909.5,118414.2,3475,69844.3,167385.9,41673.5,40052.4,28893.4,59603,341694.1,3525.5,3097.7,1000
