timestamp,bid_price_0,bid_price_1,bid_price_2,bid_price_3,bid_price_4,bid_price_5,bid_price_6,bid_price_7,bid_price_8,bid_price_9,ask_price_0,ask_price_1,ask_price_2,ask_price_3,ask_price_4,ask_price_5,ask_price_6,ask_price_7,ask_price_8,ask_price_9,bid_size_0,bid_size_1,bid_size_2,bid_size_3,bid_size_4,bid_size_5,bid_size_6,bid_size_7,bid_size_8,bid_size_9,ask_size_0,ask_size_1,ask_size_2,ask_size_3,ask_size_4,ask_size_5,ask_size_6,ask_size_7,ask_size_8,ask_size_9
0,0.0348,0.0347,0.0346,0.0345,0.0344,0.0343,0.0342,0.0341,0.034,0.0339,0.0349,0.035,0.0351,0.0352,0.0353,0.0354,0.0355,0.0356,0.0359,0.036,10036.3,338227.7,250309.2,242833.2,26755.9,22545.3,154250.7,10248.5,92322.1,2925,137992.7,40578.5,42016.8,34505.4,16313,9028,205367.4,3978.4,2925,3075
1,0.0348,0.0347,0.0346,0.0345,0.0344,0.0343,0.0342,0.0341,0.034,0.0339,0.0349,0.035,0.0351,0.0352,0.0353,0.0354,0.0355,0.0356,0.0359,0.036,10036.3,299670.7,213537.7,242833.2,26755.9,22545.3,16901.7,7136.6,95443.2,2925,137742.1,40578.5,42016.8,34505.4,16313,9028,55706.7,16290.1,2925,3075
2,0.0348,0.0347,0.0346,0.0345,0.0344,0.0343,0.0342,0.0341,0.034,0.0339,0.0349,0.035,0.0351,0.0352,0.0353,0.0354,0.0355,0.0356,0.0359,0.036,15944,310148.2,226323.1,242833.2,26249.8,22545.3,194714.5,7136.6,92322.1,2925,137742.1,40578.5,42016.8,34505.4,16313,9028,199130.7,47567.7,2925,3075
3,0.0348,0.0347,0.0346,0.0345,0.0344,0.0343,0.0342,0.0341,0.034,0.0339,0.0349,0.035,0.0351,0.0352,0.0353,0.0354,0.0355,0.0356,0.0359,0.036,60149.7,360080.7,193392,242833.2,29334.6,16790.3,191037.5,4024.7,92322.1,2925,5640,119095.3,42016.8,34505.4,16313,14823.1,195453.7,47567.7,2925,3075
4,0.0348,0.0347,0.0346,0.0345,0.0344,0.0343,0.0342,0.0341,0.034,0.0339,0.0349,0.035,0.0351,0.0352,0.0353,0.0354,0.0355,0.0356,0.0359,0.036,36100,264264.5,290016.9,224058.1,29334.6,13696.5,214138.1,7136.6,92322.1,2925,25640,99095.3,42016.8,34505.4,16313,14823.1,246851.1,19270.9,2925,3075
5,0.0348,0.0347,0.0346,0.0345,0.0344,0.0343,0.0342,0.0341,0.034,0.0339,0.0349,0.035,0.0351,0.0352,0.0353,0.0354,0.0355,0.0356,0.0359,0.036,36680,243828,311326.9,224058.1,26249.8,22793,214138.1,7136.6,92322.1,2925,31793.8,99554.9,42016.8,34505.4,16313,9028,246851.1,19270.9,2925,3075
6,0.0348,0.0347,0.0346,0.0345,0.0344,0.0343,0.0342,0.0341,0.034,0.0339,0.0349,0.035,0.0351,0.0352,0.0353,0.0354,0.0355,0.0356,0.0359,0.036,36680,242988,311326.9,224058.1,26249.8,22793,204223.2,7136.6,92322.1,2925,31793.8,99554.9,42016.8,34505.4,16313,9028,236936.2,19270.9,2925,3075
7,0.0347,0.0346,0.0345,0.0344,0.0343,0.0342,0.0341,0.034,0.0339,0.0338,0.0348,0.0349,0.035,0.0351,0.0352,0.0353,0.0354,0.0355,0.0356,0.0359,263135.9,339140.4,278784.8,27012.9,23561.7,20004.5,193340,5028,90219.1,3811,2925,83925.7,98783.4,42016.8,34505.4,16313,226525.8,36732.4,3978.4,2925
8,0.0347,0.0346,0.0345,0.0344,0.0343,0.0342,0.0341,0.034,0.0339,0.0338,0.0348,0.0349,0.035,0.0351,0.0352,0.0353,0.0354,0.0355,0.0356,0.0359,253461.2,351645.1,257492.5,34868.2,20812,23445.5,193340,5028,90219.1,3811,24821.5,63925.7,98783.4,42016.8,34505.4,19319.1,235839.9,24420.7,3978.4,2925
9,0.0347,0.0346,0.0345,0.0344,0.0343,0.0342,0.0341,0.034,0.0339,0.0338,0.0348,0.0349,0.035,0.0351,0.0352,0.0353,0.0354,0.0355,0.0356,0.0359,253461.2,349095.1,256646.2,34362.1,21319.6,17239.9,199563.8,5028,90219.1,2925,24821.5,63925.7,98783.4,42016.8,34505.4,19319.1,235839.9,24420.7,3978.4,2925
10,0.0347,0.0346,0.0345,0.0344,0.0343,0.0342,0.0341,0.034,0.0339,0.0338,0.0348,0.0349,0.035,0.0351,0.0352,0.0353,0.0354,0.0355,0.0356,0.0359,100433.1,347151.3,73388,34362.1,18225.8,20342.7,318647.7,5028,90219.1,2925,24821.5,63925.7,98783.4,42016.8,34505.4,19319.1,354923.8,24420.7,3978.4,2925
11,0.0347,0.0346,0.0345,0.0344,0.0343,0.0342,0.0341,0.034,0.0339,0.0338,0.0348,0.0349,0.035,0.0351,0.0352,0.0353,0.0354,0.0355,0.0356,0.0359,77177,200142.8,207998.7,24799.6,27043,21115.8,348708.7,8149.1,90219.1,2925,4821.5,83979.6,104296.3,27939.9,33601.9,19241.3,388096.7,24420.7,3978.4,2925
12,0.0347,0.0346,0.0345,0.0344,0.0343,0.0342,0.0341,0.034,0.0339,0.0338,0.0348,0.0349,0.035,0.0351,0.0352,0.0353,0.0354,0.0355,0.0356,0.0359,77177,248183.4,187405.6,34359.8,17455.2,21116,351820.6,5028,90219.1,2925,24821.5,63258.1,104296.3,27939.9,33601.9,19241.3,388096.7,24420.7,3978.4,2925
13,0.0347,0.0346,0.0345,0.0344,0.0343,0.0342,0.0341,0.034,0.0339,0.0338,0.0348,0.0349,0.035,0.0351,0.0352,0.0353,0.0354,0.0355,0.0356,0.0359,77177,217472.8,185951.8,34359.8,17455.2,21116,351820.6,5028,90219.1,2925,4821.5,128060,46907.5,27939.9,33601.9,19241.3,388096.7,24420.7,3978.4,2925
14,0.0348,0.0347,0.0346,0.0345,0.0344,0.0343,0.0342,0.0341,0.034,0.0339,0.0349,0.035,0.0351,0.0352,0.0353,0.0354,0.0355,0.0356,0.0359,0.036,4631.6,178475.7,206761.8,103643.1,34359.8,18225.6,334019.9,10248.5,8149.1,90219.1,78637.9,104608.2,27939.9,33601.9,16235.2,9028,381695.6,3978.4,2925,3075
15,0.0348,0.0347,0.0346,0.0345,0.0344,0.0343,0.0342,0.0341,0.034,0.0339,0.0349,0.035,0.0351,0.0352,0.0353,0.0354,0.0355,0.0356,0.0359,0.036,6528.1,178909.7,222537.7,89074.6,35545.1,20130.8,356424.6,7136.6,5028,90219.1,54239.4,104608.2,27939.9,33601.9,16235.2,9028,400997.5,3978.4,2925,3075
16,0.0348,0.0347,0.0346,0.0345,0.0344,0.0343,0.0342,0.0341,0.034,0.0339,0.0349,0.035,0.0351,0.0352,0.0353,0.0354,0.0355,0.0356,0.0359,0.036,27932.3,123026.9,257693.7,80220,35545.1,26840.5,340007.8,4024.7,5028,90219.1,25640,99364.1,42920.3,33601.9,16235.2,15016.8,391238.1,6959.2,2925,3075
17,0.0348,0.0347,0.0346,0.0345,0.0344,0.0343,0.0342,0.0341,0.034,0.0339,0.0349,0.035,0.0351,0.0352,0.0353,0.0354,0.0355,0.0356,0.0359,0.036,45981,157106.9,221711.6,80220,38124.2,23746,359206,4024.7,92322.1,2925,3999.5,121249.8,42920.3,33601.9,16235.2,14752.2,410436.3,6959.2,2925,3075
18,0.0348,0.0347,0.0346,0.0345,0.0344,0.0343,0.0342,0.0341,0.034,0.0339,0.0349,0.035,0.0351,0.0352,0.0353,0.0354,0.0355,0.0356,0.0359,0.036,46526.7,155449.9,256843.6,98260,27474.5,16788.1,359206,4024.7,92322.1,2925,5890.6,121249.8,42920.3,33601.9,16235.2,14752.2,410436.3,6959.2,2925,3075
19,0.0349,0.0348,0.0347,0.0346,0.0345,0.0344,0.0343,0.0342,0.0341,0.034,0.035,0.0351,0.0352,0.0353,0.0354,0.0355,0.0356,0.0357,0.0358,0.0359,4816.1,129317.4,119684.2,141873.5,89754.8,32416.1,343910.4,11217.7,4024.7,91219.1,74833.4,102397.7,33601.9,16235.2,14752.2,31665.6,371709.2,3975.5,2964.1,2925
20,0.0348,0.0347,0.0346,0.0345,0.0344,0.0343,0.0342,0.0341,0.034,0.0339,0.035,0.0351,0.0352,0.0353,0.0354,0.0355,0.0356,0.0357,0.0359,0.036,110945.4,218285.4,104748.4,89754.8,34822,13694.3,334125,4024.7,91219.1,3808.4,81532,102085.8,33601.9,16235.2,14752.2,30184.1,367494.2,3975.5,5880.9,3075
21,0.0349,0.0348,0.0347,0.0346,0.0345,0.0344,0.0343,0.0342,0.0341,0.034,0.035,0.0351,0.0352,0.0353,0.0354,0.0355,0.0356,0.0357,0.0359,0.036,62583.2,136255,211276.8,59588.6,36457.4,31854.7,13694.3,327919.4,4024.7,91219.1,6403.2,121899.7,34736.5,17138.7,14752.2,35918.4,367494.2,3975.5,5880.9,3075
22,0.035,0.0349,0.0348,0.0347,0.0346,0.0345,0.0344,0.0343,0.0342,0.0341,0.0351,0.0352,0.0353,0.0354,0.0355,0.0356,0.0357,0.0358,0.0359,0.036,26488,128534.1,181695.3,122961.5,51050.8,34550.1,337225.4,4018.2,92040.2,2925,12147.1,138916.7,35084.4,25473.8,35918.4,39840.7,330622,3972.5,2925,3075
23,0.035,0.0349,0.0348,0.0347,0.0346,0.0345,0.0344,0.0343,0.0342,0.0341,0.0352,0.0353,0.0354,0.0355,0.0356,0.0357,0.0358,0.0359,0.036,0.0361,126897.8,102230.6,94131.7,104860.8,57184.6,25146.5,338976.5,4018.2,90943.7,2925,123671.2,91983.4,25785.7,47810.8,39840.7,16287.2,332428,3969.5,3075,2925
24,0.0351,0.035,0.0349,0.0348,0.0347,0.0346,0.0345,0.0344,0.0343,0.0342,0.0352,0.0353,0.0354,0.0355,0.0356,0.0357,0.0358,0.0359,0.036,0.0361,21353,125967.3,173272.2,65164.2,96347.6,70264.5,21393.7,338976.5,4018.2,89158.4,5865.4,123611.6,58374.4,35918.4,11543.9,41626.3,344739.7,3969.5,3075,2925
25,0.0351,0.035,0.0349,0.0348,0.0347,0.0346,0.0345,0.0344,0.0343,0.0342,0.0352,0.0353,0.0354,0.0355,0.0356,0.0357,0.0358,0.0359,0.036,0.0361,22183.5,125053.4,172397.7,65164.2,95126.9,70264.5,373031.9,10521,4018.2,89158.4,5865.4,127491.7,58374.4,36821.9,11543.9,41626.3,367922.4,3969.5,3075,2925
26,0.0351,0.035,0.0349,0.0348,0.0347,0.0346,0.0345,0.0344,0.0343,0.0342,0.0352,0.0353,0.0354,0.0355,0.0356,0.0357,0.0358,0.0359,0.036,0.0361,29854.3,186006.5,109697.1,26743.4,98185,45253,437883.5,7100,2925,89158.4,2925,90496.9,117332.3,36821.9,11543.9,13329.5,44581,428966.8,4116.7,2925
27,0.0351,0.035,0.0349,0.0348,0.0347,0.0346,0.0345,0.0344,0.0343,0.0342,0.0352,0.0353,0.0354,0.0355,0.0356,0.0357,0.0358,0.0359,0.036,0.0361,21376.7,122861.8,73405.1,61174.8,98185,50953.6,446391,10521,2925,89158.4,4800,86757.7,117332.3,36821.9,11543.9,41626.3,16284.2,428966.8,4116.7,2925
28,0.0351,0.035,0.0349,0.0348,0.0347,0.0346,0.0345,0.0344,0.0343,0.0342,0.0352,0.0353,0.0354,0.0355,0.0356,0.0357,0.0358,0.0359,0.036,0.0361,21376.7,153602.5,94531.1,61174.8,95126.9,47886.7,449466.8,13605.8,2925,89158.4,4800,87069.6,117332.3,36821.9,11543.9,41626.3,16284.2,428966.8,4116.7,2925
29,0.0351,0.035,0.0349,0.0348,0.0347,0.0346,0.0345,0.0344,0.0343,0.0342,0.0352,0.0353,0.0354,0.0355,0.0356,0.0357,0.0358,0.0359,0.036,0.0361,20711.1,192677.5,78594.5,61174.8,95126.9,41292,443668.4,13605.8,2925,89158.4,4800,87069.6,117332.3,36821.9,11543.9,41626.3,16284.2,428966.8,4116.7,2925
30,0.0352,0.0351,0.035,0.0349,0.0348,0.0347,0.0346,0.0345,0.0344,0.0343,0.0353,0.0354,0.0355,0.0356,0.0357,0.0358,0.0359,0.036,0.0361,0.0362,2925,43575.7,137782.8,70611.6,42931.5,95126.9,391581.2,10163.6,13605.8,2925,76577.5,117644.2,36821.9,11543.9,13329.5,50205.6,359959.3,4116.7,2925,725.5
31,0.0351,0.035,0.0349,0.0348,0.0347,0.0346,0.0345,0.0344,0.0343,0.0342,0.0352,0.0353,0.0354,0.0355,0.0356,0.0357,0.0358,0.0359,0.036,0.0361,32111,216286.1,83416.9,51729.3,30161.8,35591.4,445545.7,16690.6,4018.2,89158.4,3990.4,87835.4,117332.3,36821.9,11543.9,41626.3,451859.2,3969.5,3075,2925
32,0.0351,0.035,0.0349,0.0348,0.0347,0.0346,0.0345,0.0344,0.0343,0.0342,0.0352,0.0353,0.0354,0.0355,0.0356,0.0357,0.0358,0.0359,0.036,0.0361,57416.4,255939.9,82517.1,48958.6,30161.8,36309.7,433962.4,16354.4,2925,88433.8,2925,87742.3,117332.3,36821.9,11543.9,13329.5,480156,3969.5,4116.7,2925
33,0.0351,0.035,0.0349,0.0348,0.0347,0.0346,0.0345,0.0344,0.0343,0.0342,0.0352,0.0353,0.0354,0.0355,0.0356,0.0357,0.0358,0.0359,0.036,0.0361,6119.7,157691.9,188802.2,40111.5,33219.9,16426.8,440114,10184.8,2925,88433.8,63346.6,83034.6,102351.9,36821.9,11543.9,13329.5,480156,3969.5,4116.7,2925
34,0.0351,0.035,0.0349,0.0348,0.0347,0.0346,0.0345,0.0344,0.0343,0.0342,0.0352,0.0353,0.0354,0.0355,0.0356,0.0357,0.0358,0.0359,0.036,0.0361,6119.7,106806.9,259454.4,40105.8,12763.5,16977,364059.4,13269.6,91527.6,2925,65261.4,81165,102351.9,36821.9,11543.9,13329.5,410253,3969.5,4116.7,5864.5
35,0.0351,0.035,0.0349,0.0348,0.0347,0.0346,0.0345,0.0344,0.0343,0.0342,0.0352,0.0353,0.0354,0.0355,0.0356,0.0357,0.0358,0.0359,0.036,0.0362,6119.7,142227.7,240929.3,40105.8,12763.5,13910.1,367135.2,10184.8,94621.4,2925,63841,81165,102351.9,36821.9,11543.9,9758.8,410253,3969.5,7064.4,3650.5
36,0.0351,0.035,0.0349,0.0348,0.0347,0.0346,0.0345,0.0344,0.0343,0.0342,0.0352,0.0353,0.0354,0.0355,0.0356,0.0357,0.0358,0.0359,0.036,0.0362,6119.7,142890.7,260929.3,40105.8,12763.5,13910.1,367135.2,7100,97715.2,2925,120740,59757.2,45614.4,36821.9,11543.9,9758.8,410253,3969.5,7064.4,3650.5
37,0.0351,0.035,0.0349,0.0348,0.0347,0.0346,0.0345,0.0344,0.0343,0.0342,0.0352,0.0353,0.0354,0.0355,0.0356,0.0357,0.0358,0.0359,0.036,0.0362,4239.4,193593.3,213691.3,36489.7,12763.5,13910.1,351027.9,7100,94621.4,6027.8,120392.1,59445.3,45614.4,36821.9,11543.9,9758.8,394145.7,6925.4,4116.7,3650.5
38,0.0351,0.035,0.0349,0.0348,0.0347,0.0346,0.0345,0.0344,0.0343,0.0342,0.0352,0.0353,0.0354,0.0355,0.0356,0.0357,0.0358,0.0359,0.036,0.0361,76566.9,214668.4,171939.5,36339.2,12763.5,16977,355124.8,10184.8,91527.6,2925,1504.6,138213.9,45614.4,36821.9,11543.9,44459.2,369945.8,3969.5,4116.7,2939.5
39,0.0351,0.035,0.0349,0.0348,0.0347,0.0346,0.0345,0.0344,0.0343,0.0342,0.0352,0.0353,0.0354,0.0355,0.0356,0.0357,0.0358,0.0359,0.036,0.0361,46875.6,230398.9,171939.5,36339.2,12763.5,7932.6,358200.6,13269.6,88433.8,2925,54.5,98321.3,102351.9,36821.9,11543.9,44459.2,369945.8,3969.5,4116.7,2939.5
40,0.0351,0.035,0.0349,0.0348,0.0347,0.0346,0.0345,0.0344,0.0343,0.0342,0.0352,0.0353,0.0354,0.0355,0.0356,0.0357,0.0358,0.0359,0.036,0.0362,38610.9,204256.7,193064.5,36339.2,12763.5,16780.6,352049,16354.4,88433.8,2925,4800,81378.2,117332.3,36821.9,11543.9,44459.2,369945.8,3969.5,7064.4,3650.5
41,0.035,0.0349,0.0348,0.0347,0.0346,0.0345,0.0344,0.0343,0.0342,0.0341,0.0351,0.0352,0.0353,0.0354,0.0355,0.0356,0.0357,0.0358,0.0359,0.036,82194.9,294470.5,57525.2,12763.5,13713.7,365556.7,10184.8,9112.6,88433.8,3949.9,2925,66058,61066.3,117332.3,36821.9,11543.9,38055.6,371125.6,3969.5,3075
42,0.035,0.0349,0.0348,0.0347,0.0346,0.0345,0.0344,0.0343,0.0342,0.0341,0.0351,0.0352,0.0353,0.0354,0.0355,0.0356,0.0357,0.0358,0.0359,0.036,82194.9,319041.4,36339.2,12763.5,13713.7,361721,10184.8,10205.8,91536.6,3071.7,4805.3,66128.5,60079.7,117332.3,36821.9,39840.7,25042.9,355849.8,3969.5,3075
43,0.035,0.0349,0.0348,0.0347,0.0346,0.0345,0.0344,0.0343,0.0342,0.0341,0.0351,0.0352,0.0353,0.0354,0.0355,0.0356,0.0357,0.0358,0.0359,0.036,21597.9,159103.1,111829.7,12763.5,13713.7,16198.1,378602.9,10205.8,91536.6,3071.7,64902.5,61108.9,60983.2,102351.9,35918.4,42821.5,390488.6,3972.5,3969.5,3075
44,0.035,0.0349,0.0348,0.0347,0.0346,0.0345,0.0344,0.0343,0.0342,0.0341,0.0351,0.0352,0.0353,0.0354,0.0355,0.0356,0.0357,0.0358,0.0359,0.036,21597.9,225575.1,90644.4,12763.5,13713.7,16198.1,378602.9,10205.8,91536.6,3071.7,63329,61108.9,60983.2,102351.9,35918.4,42821.5,390488.6,3972.5,3969.5,3075
45,0.0349,0.0348,0.0347,0.0346,0.0345,0.0344,0.0343,0.0342,0.0341,0.034,0.035,0.0351,0.0352,0.0353,0.0354,0.0355,0.0356,0.0357,0.0358,0.0359,145389.2,160283.9,18154.9,13713.7,16198.1,385639,10205.8,6027.8,2925,4805.8,2925,69814.8,60797,60983.2,91360.6,35918.4,35256,384705.3,3972.5,3969.5
46,0.0349,0.0348,0.0347,0.0346,0.0345,0.0344,0.0343,0.0342,0.0341,0.034,0.035,0.0351,0.0352,0.0353,0.0354,0.0355,0.0356,0.0357,0.0358,0.0359,100561.6,179969.7,16560,13713.7,16198.1,17220.9,399781.2,7124.3,88433.8,4805.8,4810.7,67308.7,58922,60983.2,91360.6,38907.6,430731.3,3975.5,3972.5,2925
47,0.0349,0.0348,0.0347,0.0346,0.0345,0.0344,0.0343,0.0342,0.0341,0.034,0.0351,0.0352,0.0353,0.0354,0.0355,0.0356,0.0357,0.0358,0.0359,0.036,162272.3,168142.7,34607.7,13713.7,16198.1,17220.9,391045.6,13329.9,88433.8,3925,73085.7,59233.9,60983.2,94358.2,35918.4,44586.9,391002.9,3972.5,2925,3075
48,0.0349,0.0348,0.0347,0.0346,0.0345,0.0344,0.0343,0.0342,0.0341,0.034,0.035,0.0351,0.0352,0.0353,0.0354,0.0355,0.0356,0.0357,0.0358,0.0359,80415.5,164458.7,34607.7,13713.7,19273.9,14136.1,395276.7,13329.9,88433.8,3925,4810.7,56005.5,48953,35033.4,91360.6,38907.6,435845.4,3975.5,3972.5,2925
49,0.0349,0.0348,0.0347,0.0346,0.0345,0.0344,0.0343,0.0342,0.0341,0.034,0.035,0.0351,0.0352,0.0353,0.0354,0.0355,0.0356,0.0357,0.0358,0.0359,39721.4,210763.9,52087.6,13713.7,16198.1,17220.9,426147.8,13329.9,88433.8,3925,4810.7,113542,48641.1,35033.4,34623.1,38907.6,466716.5,3975.5,3972.5,2925
50,0.0349,0.0348,0.0347,0.0346,0.0345,0.0344,0.0343,0.0342,0.0341,0.034,0.035,0.0351,0.0352,0.0353,0.0354,0.0355,0.0356,0.0357,0.0358,0.0359,10208.3,129956.7,110443.4,31710.8,16198.1,15061.7,444238.1,7124.3,91545.7,7046.1,45388.7,93542,48641.1,35033.4,37620.7,30184.1,481713,3975.5,3972.5,2925
51,0.0349,0.0348,0.0347,0.0346,0.0345,0.0344,0.0343,0.0342,0.0341,0.034,0.035,0.0351,0.0352,0.0353,0.0354,0.0355,0.0356,0.0357,0.0358,0.0359,41642.2,142485.1,78357,32100.9,16198.1,18146.5,441144.3,13668.1,91545.7,3925,4810.7,113542,48641.1,35033.4,34623.1,33173.3,481713,3975.5,3972.5,2925
52,0.0349,0.0348,0.0347,0.0346,0.0345,0.0344,0.0343,0.0342,0.0341,0.034,0.035,0.0351,0.0352,0.0353,0.0354,0.0355,0.0356,0.0357,0.0358,0.0359,41642.2,162957.1,78357,31710.8,16198.1,18146.5,441144.3,13668.1,91545.7,3925,4810.7,113542,48641.1,35033.4,34623.1,33173.3,481713,3975.5,3972.5,2925
53,0.0349,0.0348,0.0347,0.0346,0.0345,0.0344,0.0343,0.0342,0.0341,0.034,0.035,0.0351,0.0352,0.0353,0.0354,0.0355,0.0356,0.0357,0.0358,0.0359,6901.4,80843.1,143743.2,31710.8,16198.1,17725.2,452530.9,10565.3,94657.6,3925,51889,93542,48641.1,35033.4,34623.1,33173.3,490005.8,3975.5,3972.5,2925
54,0.0348,0.0347,0.0346,0.0345,0.0344,0.0343,0.0342,0.0341,0.034,0.0339,0.0349,0.035,0.0351,0.0352,0.0353,0.0354,0.0355,0.0356,0.0357,0.0359,78688.2,121893.1,82049.5,16198.1,17725.2,459050.6,14378.3,7136.6,89433.8,2925,2925,58617.1,91349.8,48641.1,38039.5,32672.4,52717.5,461709,3975.5,2925
55,0.0348,0.0347,0.0346,0.0345,0.0344,0.0343,0.0342,0.0341,0.034,0.0339,0.0349,0.035,0.0351,0.0352,0.0353,0.0354,0.0355,0.0356,0.0357,0.0359,16354.8,161615.9,103570.9,16198.1,14640.4,459050.6,11275.5,13360.4,89433.8,2925,45394.1,53597.5,34125.2,33660.7,38039.5,26948.2,65029.2,449397.3,3975.5,2925
56,0.0348,0.0347,0.0346,0.0345,0.0344,0.0343,0.0342,0.0341,0.034,0.0339,0.0349,0.035,0.0351,0.0352,0.0353,0.0354,0.0355,0.0356,0.0357,0.0359,17300.3,179579.9,103570.9,16198.1,11051.3,22189.2,466281.4,13360.4,92554.9,2925,49517.1,38617.1,50009.1,33660.7,37136,26948.2,510826.2,3978.4,3975.5,2925
57,0.0347,0.0346,0.0345,0.0344,0.0343,0.0342,0.0341,0.034,0.0339,0.0338,0.0348,0.0349,0.035,0.0351,0.0352,0.0353,0.0354,0.0355,0.0356,0.0359,123178.7,132694.3,18473.1,20618.4,25353.6,18751.4,446334.3,8149.1,88433.8,3073,2925,130094,38305.2,50009.1,36675.4,34129.9,488218.9,36732.4,3978.4,2925
58,0.0347,0.0346,0.0345,0.0344,0.0343,0.0342,0.0341,0.034,0.0339,0.0338,0.0348,0.0349,0.035,0.0351,0.0352,0.0353,0.0354,0.0355,0.0356,0.0359,94420.9,116999.3,94058.3,11051.3,28447.4,15648.6,446334.3,8149.1,88433.8,3073,4821.5,130094,36419.5,50009.1,36675.4,34129.9,488218.9,36732.4,3978.4,2925
59,0.0347,0.0346,0.0345,0.0344,0.0343,0.0342,0.0341,0.034,0.0339,0.0338,0.0348,0.0349,0.035,0.0351,0.0352,0.0353,0.0354,0.0355,0.0356,0.0359,41673.1,91262.3,146272.5,11051.3,16796.1,23892.9,450809.8,8149.1,88433.8,3073,45399.5,110094,51399.9,35028.7,36675.4,31679.8,489243.3,36732.4,3978.4,2925
60,0.0347,0.0346,0.0345,0.0344,0.0343,0.0342,0.0341,0.034,0.0339,0.0338,0.0348,0.0349,0.035,0.0351,0.0352,0.0353,0.0354,0.0355,0.0356,0.0359,41673.1,87272.7,124905.2,11051.3,16796.1,23892.9,450809.8,8149.1,88433.8,3073,45399.5,110094,51399.9,35028.7,36675.4,31679.8,501555,24420.7,3978.4,2925
61,0.0347,0.0346,0.0345,0.0344,0.0343,0.0342,0.0341,0.034,0.0339,0.0338,0.0348,0.0349,0.035,0.0351,0.0352,0.0353,0.0354,0.0355,0.0356,0.0359,41673.1,157746.6,95031.5,11051.3,16796.1,23892.9,444586,14391.3,88433.8,3073,45399.5,110094,51399.9,35028.7,36675.4,31679.8,489243.3,36732.4,3978.4,2925
62,0.0347,0.0346,0.0345,0.0344,0.0343,0.0342,0.0341,0.034,0.0339,0.0338,0.0348,0.0349,0.035,0.0351,0.0352,0.0353,0.0354,0.0355,0.0356,0.0359,38888.8,99491.3,83008.7,11051.3,34270.9,16083.5,458416.3,11270.2,91564.1,3073,45399.5,110094,51399.9,35028.7,36675.4,31679.8,515385.3,24420.7,3978.4,2925
63,0.0347,0.0346,0.0345,0.0344,0.0343,0.0342,0.0341,0.034,0.0339,0.0338,0.0348,0.0349,0.035,0.0351,0.0352,0.0353,0.0354,0.0355,0.0356,0.0359,23400.1,150864.8,121123.6,11051.3,35458.8,16083.5,458416.3,14391.3,88433.8,3073,45399.5,110094,51399.9,35028.7,36675.4,31679.8,515385.3,24420.7,3978.4,2925
64,0.0347,0.0346,0.0345,0.0344,0.0343,0.0342,0.0341,0.034,0.0339,0.0338,0.0348,0.0349,0.035,0.0351,0.0352,0.0353,0.0354,0.0355,0.0356,0.0359,7867.3,152076.3,135284.9,11051.3,34952,16591.8,458416.3,11270.2,91564.1,3073,45399.5,110094,51399.9,35028.7,36675.4,31679.8,515385.3,24420.7,3978.4,2925
65,0.0347,0.0346,0.0345,0.0344,0.0343,0.0342,0.0341,0.034,0.0339,0.0338,0.0348,0.0349,0.035,0.0351,0.0352,0.0353,0.0354,0.0355,0.0356,0.0359,4018.2,124886.1,151389.4,11051.3,34952,13489,461528.2,11270.2,91564.1,3073,63500.2,110094,51399.9,35028.7,40382.9,56509.7,487088.5,24420.7,3978.4,2925
66,0.0346,0.0345,0.0344,0.0343,0.0342,0.0341,0.034,0.0339,0.0338,0.0337,0.0347,0.0348,0.0349,0.035,0.0351,0.0352,0.0353,0.0354,0.0355,0.0359,105819.5,211076.3,22925.2,25713.4,22754.8,20087,430220.8,4031.2,88433.8,2925,2925,56679.4,107891,51399.9,38052,37368.2,466008.4,39259.9,24420.7,2925
67,0.0346,0.0345,0.0344,0.0343,0.0342,0.0341,0.034,0.0339,0.0338,0.0337,0.0347,0.0348,0.0349,0.035,0.0351,0.0352,0.0353,0.0354,0.0355,0.0359,89318.5,197928.6,14334.1,25713.4,22754.9,20087,425186.9,7161.5,88433.8,2925,2925,56679.4,50502.2,51399.9,38052,37368.2,464095.6,39259.9,24420.7,2925
68,0.0346,0.0345,0.0344,0.0343,0.0342,0.0341,0.034,0.0339,0.0338,0.0337,0.0348,0.0349,0.035,0.0351,0.0352,0.0353,0.0354,0.0355,0.0359,0.036,173698.3,166717.1,32445,35458.9,12980.9,23198.9,440327.9,7161.5,88433.8,2925,114004.3,23102.9,36419.5,38052,36837.8,21882.1,493697.4,24420.7,2925,3075
69,0.0347,0.0346,0.0345,0.0344,0.0343,0.0342,0.0341,0.034,0.0339,0.0338,0.0348,0.0349,0.035,0.0351,0.0352,0.0353,0.0354,0.0355,0.0359,0.036,1902,71631.1,241614.4,32445,38045.9,19186.5,16975.1,440327.9,4031.2,88433.8,134582.3,23102.9,36419.5,35028.7,39852.5,21882.1,493697.4,24420.7,2925,3075
70,0.0346,0.0345,0.0344,0.0343,0.0342,0.0341,0.034,0.0339,0.0338,0.0337,0.0347,0.0348,0.0349,0.035,0.0351,0.0352,0.0353,0.0354,0.0355,0.0359,94236.8,295118,32445,38552.7,16083.7,20087,440327.9,4031.2,88433.8,3813.6,2925,114316.2,23102.9,36419.5,38052,36837.8,21882.1,493697.4,24420.7,2925
71,0.0346,0.0345,0.0344,0.0343,0.0342,0.0341,0.034,0.0339,0.0338,0.0337,0.0347,0.0348,0.0349,0.035,0.0351,0.0352,0.0353,0.0354,0.0355,0.0359,88321.7,279167,53873,35458.9,16083.7,26310.8,437206.8,4031.2,88433.8,2925,2925,114316.2,23102.9,36419.5,38052,35892.3,21882.1,493697.4,24420.7,2925
72,0.0346,0.0345,0.0344,0.0343,0.0342,0.0341,0.034,0.0339,0.0338,0.0337,0.0347,0.0348,0.0349,0.035,0.0351,0.0352,0.0353,0.0354,0.0355,0.0359,70168.8,292479.1,32445,35458.9,16083.7,26310.8,391299.7,4031.2,88433.8,2925,2925,114316.2,23102.9,37323,37148.5,35892.3,436450.6,33221.8,24420.7,2925
73,0.0346,0.0345,0.0344,0.0343,0.0342,0.0341,0.034,0.0339,0.0338,0.0337,0.0347,0.0348,0.0349,0.035,0.0351,0.0352,0.0353,0.0354,0.0355,0.0359,88321.7,314863.8,35337.6,35458.9,16083.7,26310.8,391299.7,4031.2,88433.8,2925,2925,114316.2,23102.9,37323,37148.5,35892.3,408153.8,61518.6,24420.7,2925
74,0.0346,0.0345,0.0344,0.0343,0.0342,0.0341,0.034,0.0339,0.0338,0.0337,0.0347,0.0348,0.0349,0.035,0.0351,0.0352,0.0353,0.0354,0.0355,0.0359,88321.7,316768.8,34359.5,35458.9,16083.7,26310.8,391299.7,4031.2,88433.8,2925,2925,114316.2,23102.9,37323,34125.2,39852.5,408394.4,61518.6,24420.7,2925
75,0.0346,0.0345,0.0344,0.0343,0.0342,0.0341,0.034,0.0339,0.0338,0.0337,0.0347,0.0348,0.0349,0.035,0.0351,0.0352,0.0353,0.0354,0.0355,0.0359,88324.2,335018.8,34359.5,35458.9,19186.5,23198.9,391299.7,4031.2,88433.8,2925,4827,114316.2,23102.9,37323,37148.5,36837.8,408394.4,61518.6,24420.7,2925
76,0.0346,0.0345,0.0344,0.0343,0.0342,0.0341,0.034,0.0339,0.0338,0.0337,0.0347,0.0348,0.0349,0.035,0.0351,0.0352,0.0353,0.0354,0.0355,0.0359,88325.7,326413.6,34359.5,16115,27769,23198.9,391720.8,4031.2,85508.8,2925,24827,94316.2,23102.9,37323,37148.5,36837.8,437112.3,33221.8,24420.7,2925
77,0.0346,0.0345,0.0344,0.0343,0.0342,0.0341,0.034,0.0339,0.0338,0.0337,0.0347,0.0348,0.0349,0.035,0.0351,0.0352,0.0353,0.0354,0.0355,0.0359,88325.7,258409,48272.9,34271.7,19186.5,20087,394841.9,4031.2,85508.8,2925,24827,94316.2,23102.9,37323,37148.5,35892.3,436871.7,33221.8,24420.7,2925
78,0.0346,0.0345,0.0344,0.0343,0.0342,0.0341,0.034,0.0339,0.0338,0.0337,0.0347,0.0348,0.0349,0.035,0.0351,0.0352,0.0353,0.0354,0.0355,0.0359,107672.7,308709.3,60204.7,34271.8,16083.7,23198.9,397058.1,4031.2,85508.8,2925,22925,94399.4,23102.9,37323,34125.2,38907,410791.1,61518.6,24420.7,2925
79,0.0346,0.0345,0.0344,0.0343,0.0342,0.0341,0.034,0.0339,0.0338,0.0337,0.0347,0.0348,0.0349,0.035,0.0351,0.0352,0.0353,0.0354,0.0355,0.0359,107672.7,333021.1,60204.7,25861.2,12980.9,26310.8,397058.1,4031.2,85508.8,2925,2925,114399.4,23102.9,37323,34125.2,38907,410791.1,61518.6,24420.7,2925
80,0.0346,0.0345,0.0344,0.0343,0.0342,0.0341,0.034,0.0339,0.0338,0.0337,0.0347,0.0348,0.0349,0.035,0.0351,0.0352,0.0353,0.0354,0.0355,0.0359,106027.6,311247,64187,35459.7,12980.9,29422.7,355640.3,4031.2,85508.8,2925,2925,114399.4,23102.9,37323,34125.2,38907,373680.5,61518.6,24420.7,2925
81,0.0346,0.0345,0.0344,0.0343,0.0342,0.0341,0.034,0.0339,0.0338,0.0337,0.0347,0.0348,0.0349,0.035,0.0351,0.0352,0.0353,0.0354,0.0355,0.0359,106027.6,270600,84187,25861.1,12980.9,29422.7,385522.3,4031.2,85508.8,2925,24827,94399.5,23102.9,37323,34125.2,38907,403562.5,61518.6,24420.7,2925
82,0.0346,0.0345,0.0344,0.0343,0.0342,0.0341,0.034,0.0339,0.0338,0.0337,0.0347,0.0348,0.0349,0.035,0.0351,0.0352,0.0353,0.0354,0.0355,0.0359,106027.6,303930.2,64187,35461.2,12980.9,26310.8,388643.4,4031.2,85508.8,2925,24827,94399.5,23102.9,37323,34125.2,38907,403562.5,61518.6,24420.7,2925
83,0.0346,0.0345,0.0344,0.0343,0.0342,0.0341,0.034,0.0339,0.0338,0.0337,0.0347,0.0348,0.0349,0.035,0.0351,0.0352,0.0353,0.0354,0.0355,0.0359,106027.6,288886.7,62195,35463.1,12980.9,26310.8,398292.8,4031.2,85508.8,2925,24827,94399.5,23102.9,37323,34125.2,38907,413211.9,61518.6,24420.7,2925
84,0.0346,0.0345,0.0344,0.0343,0.0342,0.0341,0.034,0.0339,0.0338,0.0337,0.0347,0.0348,0.0349,0.035,0.0351,0.0352,0.0353,0.0354,0.0355,0.0359,106027.6,303581.3,64250.6,35463.1,12980.9,26310.8,398292.8,4031.2,85508.8,2925,2925,114399.5,23102.9,37323,34125.2,38907,413211.9,61518.6,24420.7,2925
85,0.0346,0.0345,0.0344,0.0343,0.0342,0.0341,0.034,0.0339,0.0338,0.0337,0.0347,0.0348,0.0349,0.035,0.0351,0.0352,0.0353,0.0354,0.0355,0.0359,106027.6,325950.3,64250.6,35463.1,12980.9,29422.7,395171.7,4031.2,85508.8,2925,22925,94399.5,23102.9,37323,34125.2,38907,413211.9,61518.6,24420.7,2925
86,0.0347,0.0346,0.0345,0.0344,0.0343,0.0342,0.0341,0.034,0.0339,0.0338,0.0348,0.0349,0.035,0.0351,0.0352,0.0353,0.0354,0.0355,0.0359,0.036,4668.3,93149.6,333473,73552.1,26634,15648.6,321189.2,8149.1,4031.2,85508.8,76945.6,80968.7,37323,34125.2,36837.8,25128.8,366235.5,24420.7,2925,3075
87,0.0347,0.0346,0.0345,0.0344,0.0343,0.0342,0.0341,0.034,0.0339,0.0338,0.0348,0.0349,0.035,0.0351,0.0352,0.0353,0.0354,0.0355,0.0359,0.036,1902,88390.9,298074,73552.1,26634,21854.2,319669.8,8149.1,4031.2,88433.8,137420.5,80656.8,37323,34125.2,36837.8,30855.1,370939.9,24420.7,2925,3075
88,0.0346,0.0345,0.0344,0.0343,0.0342,0.0341,0.034,0.0339,0.0338,0.0337,0.0347,0.0348,0.0349,0.035,0.0351,0.0352,0.0353,0.0354,0.0355,0.0359,132345.6,338573.5,82087.4,18073.8,18751.4,19076.3,331875.8,4031.2,88433.8,27713.6,6814.3,56367.6,80656.8,37323,34125.2,36837.8,27849,388242.9,24420.7,2925
89,0.0347,0.0346,0.0345,0.0344,0.0343,0.0342,0.0341,0.034,0.0339,0.0338,0.0348,0.0349,0.035,0.0351,0.0352,0.0353,0.0354,0.0355,0.0359,0.036,104512.4,188223.3,137577.1,56078.3,25446.2,21854.2,346040.4,5028,4031.2,88433.8,5015.6,87879.4,37323,49105.6,36494,33321.7,379168.6,36732.4,2925,3075
90,0.0347,0.0346,0.0345,0.0344,0.0343,0.0342,0.0341,0.034,0.0339,0.0338,0.0348,0.0349,0.035,0.0351,0.0352,0.0353,0.0354,0.0355,0.0359,0.036,104512.4,189870.8,173492.2,55401.7,26127.2,24957,371879.9,5028,4031.2,88433.8,25015.6,67879.4,37323,49105.6,36494,33321.7,408120,36732.4,2925,3075
91,0.0347,0.0346,0.0345,0.0344,0.0343,0.0342,0.0341,0.034,0.0339,0.0338,0.0348,0.0349,0.035,0.0351,0.0352,0.0353,0.0354,0.0355,0.0359,0.036,104512.4,189529.7,173492.2,55401.7,26127.2,18751.4,378103.7,5028,4031.2,88433.8,25015.6,67879.4,37323,49105.6,36494,33321.7,408120,36732.4,2925,3075
92,0.0347,0.0346,0.0345,0.0344,0.0343,0.0342,0.0341,0.034,0.0339,0.0338,0.0348,0.0349,0.035,0.0351,0.0352,0.0353,0.0354,0.0355,0.0359,0.036,28805.6,290013,122783.1,38595.7,26127.2,18751.4,379013.6,5028,4031.2,88433.8,25015.6,67879.4,37323,49105.6,36494,33321.7,409029.9,36732.4,2925,3075
93,0.0346,0.0345,0.0344,0.0343,0.0342,0.0341,0.034,0.0339,0.0338,0.0337,0.0347,0.0348,0.0349,0.035,0.0351,0.0352,0.0353,0.0354,0.0355,0.0359,106119.9,276250.8,59665.1,35465.7,12980.9,387104.5,5028,4031.2,88433.8,3813.6,4827,80267.7,97854.4,47768.1,34125.2,39508.7,27608.4,419871.9,24420.7,2925
94,0.0346,0.0345,0.0344,0.0343,0.0342,0.0341,0.034,0.0339,0.0338,0.0337,0.0347,0.0348,0.0349,0.035,0.0351,0.0352,0.0353,0.0354,0.0355,0.0359,105941.3,297886.3,38239.1,26905.5,12980.9,383992.6,8149.1,4031.2,88433.8,2925,4827,80267.7,97854.4,47768.1,34125.2,39508.7,55905.2,391575.1,24420.7,2925
95,0.0346,0.0345,0.0344,0.0343,0.0342,0.0341,0.034,0.0339,0.0338,0.0337,0.0347,0.0348,0.0349,0.035,0.0351,0.0352,0.0353,0.0354,0.0355,0.0359,105941.3,327179.7,38400.3,35465.9,12980.9,383992.6,8149.1,4031.2,88433.8,2925,4827,80267.7,100375.8,47768.1,34125.2,37571.7,55905.2,391575.1,24420.7,2925
96,0.0347,0.0346,0.0345,0.0344,0.0343,0.0342,0.0341,0.034,0.0339,0.0337,0.0348,0.0349,0.035,0.0351,0.0352,0.0353,0.0354,0.0355,0.0359,0.036,23171.1,277339.9,184236.4,30601.3,35465.9,16083.7,329385.9,5028,89540,2925,31115.1,85707.3,62748.5,45340.4,34557,30652.1,365265.2,24420.7,2925,3075
97,0.0347,0.0346,0.0345,0.0344,0.0343,0.0342,0.0341,0.034,0.0339,0.0337,0.0348,0.0349,0.035,0.0351,0.0352,0.0353,0.0354,0.0355,0.0359,0.036,23171.1,278121.9,184192.6,30601.3,41654.1,16083.7,336395.3,5028,89540,2925,11115.1,105707.3,62748.5,45340.4,34557,30652.1,378498.4,24420.7,2925,3075
98,0.0347,0.0346,0.0345,0.0344,0.0343,0.0342,0.0341,0.034,0.0339,0.0337,0.0348,0.0349,0.035,0.0351,0.0352,0.0353,0.0354,0.0355,0.0359,0.036,85380.1,178632.4,183973.8,30601.3,44747.9,19186.5,324455.6,5028,89540,3813.6,2974.1,79565.4,120302.4,45340.4,34316.4,35805.9,381496,24420.7,2925,3075
99,0.0347,0.0346,0.0345,0.0344,0.0343,0.0342,0.0341,0.034,0.0339,0.0337,0.0348,0.0349,0.035,0.0351,0.0352,0.0353,0.0354,0.0355,0.0356,0.0359,86441.8,239776.7,187773,31630.5,32052,20101.8,267688.8,5028,88433.8,3813.6,4821.5,78473,120302.4,45340.4,34316.4,35805.9,57799.9,300396.5,1053.4,2925
100,0.0347,0.0346,0.0345,0.0344,0.0343,0.0342,0.0341,0.034,0.0339,0.0337,0.0349,0.035,0.0351,0.0352,0.0353,0.0354,0.0355,0.0356,0.0358,0.0359,195115.2,116868.6,184044.6,44290,32823.3,16999,266304,5028,88433.8,3813.6,40977.5,124730.4,60320.8,45908,35805.9,67114,286700,3978.4,2964.1,2925
101,0.0347,0.0346,0.0345,0.0344,0.0343,0.0342,0.0341,0.034,0.0339,0.0337,0.0348,0.0349,0.035,0.0351,0.0352,0.0353,0.0354,0.0355,0.0356,0.0359,78170.4,193236,166453.4,44290,35917.1,13896.2,280234.5,5028,88433.8,3813.6,2925,79026.2,119710.8,45684.2,34876.1,35805.9,57799.9,312942.2,3978.4,2925
102,0.0348,0.0347,0.0346,0.0345,0.0344,0.0343,0.0342,0.0341,0.034,0.0339,0.0349,0.035,0.0351,0.0352,0.0353,0.0354,0.0355,0.0356,0.0359,0.036,24763.1,123780.2,183624,127899.8,41205.2,24261.5,343177.8,7136.6,5028,88433.8,29783.4,123876.4,45684.2,45564.2,35805.9,26505.5,382621.2,6959.2,2925,3075
103,0.0348,0.0347,0.0346,0.0345,0.0344,0.0343,0.0342,0.0341,0.034,0.0339,0.0349,0.035,0.0351,0.0352,0.0353,0.0354,0.0355,0.0356,0.0359,0.036,24763.1,198763,168091.3,55797.3,44290,24261.5,356607.6,4024.7,5028,88433.8,29783.4,123876.4,45684.2,45564.2,35805.9,26505.5,396051,6959.2,2925,3075
104,0.0348,0.0347,0.0346,0.0345,0.0344,0.0343,0.0342,0.0341,0.034,0.0339,0.0349,0.035,0.0351,0.0352,0.0353,0.0354,0.0355,0.0356,0.0359,0.036,24763.1,239494.9,98757.5,66318.7,44290,14909.6,369624.5,4024.7,5028,88433.8,8866.3,141925.7,45684.2,44962.5,35805.9,26505.5,405965.1,6959.2,2925,3075
105,0.0349,0.0348,0.0347,0.0346,0.0345,0.0344,0.0343,0.0342,0.0341,0.034,0.035,0.0351,0.0352,0.0353,0.0354,0.0355,0.0356,0.0357,0.0359,0.036,1891.1,64409.9,224943.9,87630,37644.4,41205.2,354571.1,19524.1,89533.5,3925,114354.5,118053.4,44962.5,45599.4,32809,63953.7,359884.4,3975.5,5880.9,3075
