timestamp,bid_price_0,bid_price_1,bid_price_2,bid_price_3,bid_price_4,bid_price_5,bid_price_6,bid_price_7,bid_price_8,bid_price_9,ask_price_0,ask_price_1,ask_price_2,ask_price_3,ask_price_4,ask_price_5,ask_price_6,ask_price_7,ask_price_8,ask_price_9,bid_size_0,bid_size_1,bid_size_2,bid_size_3,bid_size_4,bid_size_5,bid_size_6,bid_size_7,bid_size_8,bid_size_9,ask_size_0,ask_size_1,ask_size_2,ask_size_3,ask_size_4,ask_size_5,ask_size_6,ask_size_7,ask_size_8,ask_size_9
0,0.0341,0.034,0.0339,0.0338,0.0337,0.0336,0.0335,0.0334,0.0333,0.0332,0.0342,0.0343,0.0344,0.0345,0.0346,0.0347,0.0348,0.0349,0.0353,0.0354,1935.4,134491.2,171106.1,151239.9,22248.1,22989.7,327585.6,4047.7,4784.3,91319.5,221038.6,70981.8,42263.3,32620.4,17411.8,10121.9,364348.4,114095.4,42735.6,2925
1,0.034,0.0339,0.0338,0.0337,0.0336,0.0335,0.0334,0.0333,0.0332,0.0331,0.0341,0.0342,0.0343,0.0344,0.0345,0.0346,0.0347,0.0348,0.0349,0.0353,26083.1,162363.8,163198,44380.3,22989.7,336856.6,4047.7,4784.3,91319.5,10176.2,9595,188736.3,76814,37153.5,32620.4,17411.8,13180,367520.8,117136,42735.6
2,0.0341,0.034,0.0339,0.0338,0.0337,0.0336,0.0335,0.0334,0.0333,0.0332,0.0342,0.0343,0.0344,0.0345,0.0346,0.0347,0.0348,0.0349,0.0353,0.0354,2925,77470.3,147904.5,101065.8,22248.1,22989.7,289345.4,4047.7,4784.3,91319.5,201880,87478.9,44275.9,32620.4,17411.8,13180,320363.4,117136,42735.6,2925
3,0.0341,0.034,0.0339,0.0338,0.0337,0.0336,0.0335,0.0334,0.0333,0.0332,0.0342,0.0343,0.0344,0.0345,0.0346,0.0347,0.0348,0.0349,0.0353,0.0354,2925,77470.3,171656.4,100238.7,22248.1,22989.7,378017.1,4047.7,4784.3,91319.5,204803.9,87478.9,43297,32620.4,17411.8,10121.9,413736.5,117136,42735.6,2925
4,0.0341,0.034,0.0339,0.0338,0.0337,0.0336,0.0335,0.0334,0.0333,0.0332,0.0342,0.0343,0.0344,0.0345,0.0346,0.0347,0.0348,0.0349,0.035,0.0353,4860.4,129643.2,149607,100596.5,22248.1,22989.7,378017.1,4047.7,4784.3,91319.5,204803.9,87478.9,43297,32620.4,17411.8,10121.9,416785.8,12528.3,104492.1,42735.6
5,0.034,0.0339,0.0338,0.0337,0.0336,0.0335,0.0334,0.0333,0.0332,0.0331,0.0341,0.0342,0.0343,0.0344,0.0345,0.0346,0.0347,0.0348,0.0349,0.035,54592.4,197191.9,104444.6,30053.2,26147.9,10425.4,354703.5,4784.3,91319.5,10176.2,2925,188365.8,87478.9,43297,32620.4,17411.8,363835.8,49312.5,12528.3,104492.1
6,0.034,0.0339,0.0338,0.0337,0.0336,0.0335,0.0334,0.0333,0.0332,0.0331,0.0342,0.0343,0.0344,0.0345,0.0346,0.0347,0.0348,0.0349,0.035,0.0354,111214.6,260347.9,86211.5,19099.2,26147.9,10425.4,4047.7,4784.3,91319.5,9271.5,192664.2,86937.3,60973,32620.4,17411.8,10121.9,10101.2,53136.8,104492.1,45660.6
7,0.0341,0.034,0.0339,0.0338,0.0337,0.0336,0.0335,0.0334,0.0333,0.0332,0.0342,0.0343,0.0344,0.0345,0.0346,0.0347,0.0348,0.0349,0.035,0.0354,4860.4,111032.1,193601.4,83070.4,22248.1,26147.9,340853.9,4047.7,4784.3,91319.5,192664.2,101922.6,51861.5,32620.4,17411.8,10121.9,337480.4,56177.4,104492.1,45660.6
8,0.0341,0.034,0.0339,0.0338,0.0337,0.0336,0.0335,0.0334,0.0333,0.0332,0.0342,0.0343,0.0344,0.0345,0.0346,0.0347,0.0348,0.0349,0.035,0.0354,4860.4,122670.2,165657.9,88915.7,22248.1,22989.7,345308.9,4047.7,4784.3,91319.5,185301.3,101922.6,51861.5,32620.4,17411.8,16525.2,335718.4,59218,104492.1,45660.6
9,0.0342,0.0341,0.034,0.0339,0.0338,0.0337,0.0336,0.0335,0.0334,0.0333,0.0343,0.0344,0.0345,0.0346,0.0347,0.0348,0.0349,0.035,0.0354,0.0355,4854.8,77243.3,223903.7,145279.6,35833.7,19099.2,331713.7,4044.5,4047.7,92052.6,187390.2,66841.9,32620.4,17411.8,16842,10573.2,371951.4,111627.4,45660.6,23364.3
10,0.0342,0.0341,0.034,0.0339,0.0338,0.0337,0.0336,0.0335,0.0334,0.0333,0.0343,0.0344,0.0345,0.0346,0.0347,0.0348,0.0349,0.035,0.0351,0.0354,4854.8,78601.2,185988.3,145244.5,35833.7,18579.3,383930.5,4044.5,4047.7,92052.6,187390.2,69660.3,32620.4,17411.8,16842,13622.5,418087,111627.4,5948.3,45660.6
11,0.0342,0.0341,0.034,0.0339,0.0338,0.0337,0.0336,0.0335,0.0334,0.0333,0.0343,0.0344,0.0345,0.0346,0.0347,0.0348,0.0349,0.035,0.0351,0.0354,25186.8,193701.1,106638.7,124890.1,35833.7,21728.2,396275.8,4044.5,4047.7,92052.6,38062,138789.8,49470,18315.3,16842,13622.5,428102.3,120156.2,2925,45660.6
12,0.0343,0.0342,0.0341,0.034,0.0339,0.0338,0.0337,0.0336,0.0335,0.0334,0.0344,0.0345,0.0346,0.0347,0.0348,0.0349,0.035,0.0351,0.0354,0.0355,23277.1,122722.2,185108.7,65049.1,92550.7,35833.7,350590.4,7204.3,4044.5,2925,34286.8,144392,38193.1,23072.7,20873.3,20191.9,498331.5,3993.4,45660.6,23364.3
13,0.0343,0.0342,0.0341,0.034,0.0339,0.0338,0.0337,0.0336,0.0335,0.0334,0.0344,0.0345,0.0346,0.0347,0.0348,0.0349,0.035,0.0351,0.0354,0.0355,4849.1,83294,177690,66000.1,84813,32694.2,379357.1,7204.3,4044.5,2925,77771.7,126460.1,38193.1,23072.7,17824,14703.7,529875.1,10040,45660.6,23364.3
14,0.0343,0.0342,0.0341,0.034,0.0339,0.0338,0.0337,0.0336,0.0335,0.0334,0.0344,0.0345,0.0346,0.0347,0.0348,0.0349,0.035,0.0351,0.0352,0.0354,4849.1,137188,183761.9,65997.1,26116.2,32694.2,384723.9,7204.3,4044.5,2925,74864.8,126460.1,38193.1,23072.7,17824,14703.7,535241.9,7016.7,5939.7,45660.6
15,0.0343,0.0342,0.0341,0.034,0.0339,0.0338,0.0337,0.0336,0.0335,0.0334,0.0344,0.0345,0.0346,0.0347,0.0348,0.0349,0.035,0.0351,0.0352,0.0354,4849.1,137188,159804.7,51573.7,24825.9,33091.2,384383.8,7204.3,4044.5,2925,74544.1,126460.1,38193.1,23072.7,17824,23232.5,514401.4,19328.4,5939.7,45660.6
16,0.0343,0.0342,0.0341,0.034,0.0339,0.0338,0.0337,0.0336,0.0335,0.0334,0.0344,0.0345,0.0346,0.0347,0.0348,0.0349,0.035,0.0351,0.0352,0.0354,1924.1,137188,182822.4,51576.7,23217.6,33091.2,394939.8,7204.3,4044.5,2925,74544.1,147863.6,38193.1,23072.7,20873.3,20191.9,523910.3,19328.4,5939.7,45660.6
17,0.0342,0.0341,0.034,0.0339,0.0338,0.0337,0.0336,0.0335,0.0334,0.0333,0.0343,0.0344,0.0345,0.0346,0.0347,0.0348,0.0349,0.035,0.0351,0.0352,90188.5,178989.2,66158.9,50594.4,33091.2,401269.6,7204.3,4044.5,2925,92218.8,337.2,77544.4,68466.3,38193.1,16842,17824,14703.7,547782.7,3993.4,5939.7
18,0.0343,0.0342,0.0341,0.034,0.0339,0.0338,0.0337,0.0336,0.0335,0.0334,0.0344,0.0345,0.0346,0.0347,0.0348,0.0349,0.035,0.0351,0.0352,0.0354,2925,63589.7,172670.8,68586.7,39553.9,35833.7,11102.7,425747.9,4044.5,2925,141241.9,68154.4,38193.1,23455.3,22155.1,428924.9,160764.7,7016.7,2925,45660.6
19,0.0342,0.0341,0.034,0.0339,0.0338,0.0337,0.0336,0.0335,0.0334,0.0333,0.0343,0.0344,0.0345,0.0346,0.0347,0.0348,0.0349,0.035,0.0351,0.0352,73312,204362.5,79566.3,47120,35833.7,11102.7,371963.8,4044.5,88394.5,2925,2925,137744.5,68154.4,38193.1,16842,19105.8,378181.4,59197.6,105560.5,5939.7
20,0.0342,0.0341,0.034,0.0339,0.0338,0.0337,0.0336,0.0335,0.0334,0.0333,0.0343,0.0344,0.0345,0.0346,0.0347,0.0348,0.0349,0.035,0.0351,0.0352,32878,245072.3,73159,47120,38973.2,11102.7,384679.5,4044.5,88394.5,2925,2925,137744.5,68154.4,38193.1,16842,19105.8,390897.1,62229.5,105560.5,2925
21,0.0342,0.0341,0.034,0.0339,0.0338,0.0337,0.0336,0.0335,0.0334,0.0333,0.0343,0.0344,0.0345,0.0346,0.0347,0.0348,0.0349,0.035,0.0351,0.0352,74840,242105.7,62579.9,47120,38973.2,11102.7,384679.5,4044.5,88394.5,2925,2925,137744.5,68154.4,38193.1,16842,19105.8,390897.1,62229.5,105560.5,2925
22,0.0343,0.0342,0.0341,0.034,0.0339,0.0338,0.0337,0.0336,0.0335,0.0334,0.0344,0.0345,0.0346,0.0347,0.0348,0.0349,0.035,0.0351,0.0354,0.0355,4849.1,115772.2,223789.8,65298.7,36423.6,35833.7,300279.1,7204.3,4044.5,88394.5,76462.7,126423.9,38193.1,16842,19105.8,16462.5,345654,108583.8,2925,23364.3
23,0.0343,0.0342,0.0341,0.034,0.0339,0.0338,0.0337,0.0336,0.0335,0.0334,0.0344,0.0345,0.0346,0.0347,0.0348,0.0349,0.035,0.0351,0.0354,0.0355,4849.1,171084.2,193872.7,62177.5,39553.9,32694.2,363564.5,7204.3,4044.5,91319.5,76462.7,126423.9,38193.1,16842,19105.8,13421.9,405790.5,111607.1,2925,23364.3
24,0.0343,0.0342,0.0341,0.034,0.0339,0.0338,0.0337,0.0336,0.0335,0.0334,0.0344,0.0345,0.0346,0.0347,0.0348,0.0349,0.035,0.0351,0.0354,0.0355,4849.1,170285.7,192282.7,62580.4,38769.8,33044,372078.1,7204.3,4044.5,91319.5,76462.7,126423.9,38193.1,16842,19105.8,13733.8,413998.6,111607.1,2925,23364.3
25,0.0343,0.0342,0.0341,0.034,0.0339,0.0338,0.0337,0.0336,0.0335,0.0334,0.0344,0.0345,0.0346,0.0347,0.0348,0.0349,0.035,0.0351,0.0354,0.0355,4849.1,172037.2,190290.9,62089.7,38769.8,33044,372078.1,7204.3,4044.5,91319.5,96117.7,126423.9,38193.1,16842,19105.8,13421.9,413998.6,111607.1,2925,23364.3
26,0.0343,0.0342,0.0341,0.034,0.0339,0.0338,0.0337,0.0336,0.0335,0.0334,0.0344,0.0345,0.0346,0.0347,0.0348,0.0349,0.035,0.0351,0.0354,0.0355,4849.1,169455.3,192278.8,61566.1,38769.8,33044,382816.9,7204.3,4044.5,91319.5,70113.4,126423.9,58138.1,16842,19105.8,13421.9,403896.9,132447.6,2925,23364.3
27,0.0343,0.0342,0.0341,0.034,0.0339,0.0338,0.0337,0.0336,0.0335,0.0334,0.0344,0.0345,0.0346,0.0347,0.0348,0.0349,0.035,0.0351,0.0354,0.0355,4849.1,169455.3,207290.8,46408.8,38769.8,33044,382816.9,7204.3,4044.5,91319.5,70113.4,148183.3,38193.1,16842,19105.8,13421.9,416208.6,120135.9,2925,23364.3
28,0.0343,0.0342,0.0341,0.034,0.0339,0.0338,0.0337,0.0336,0.0335,0.0334,0.0344,0.0345,0.0346,0.0347,0.0348,0.0349,0.035,0.0351,0.0354,0.0355,4849.1,169455.3,206078.3,46924.9,38769.8,33044,382816.9,7204.3,4044.5,91319.5,70113.4,147514.3,38193.1,16842,19105.8,13421.9,427769.3,108583.8,2925,23364.3
29,0.0343,0.0342,0.0341,0.034,0.0339,0.0338,0.0337,0.0336,0.0335,0.0334,0.0344,0.0345,0.0346,0.0347,0.0348,0.0349,0.035,0.0351,0.0354,0.0355,4849.1,245280.1,100803,46924.9,38769.8,33044,356312,7204.3,4044.5,2925,70113.4,89309.6,38193.1,16842,19105.8,13421.9,404296.3,105560.5,2925,23364.3
30,0.0343,0.0342,0.0341,0.034,0.0339,0.0338,0.0337,0.0336,0.0335,0.0334,0.0344,0.0345,0.0346,0.0347,0.0348,0.0349,0.035,0.0351,0.0354,0.0355,1924.1,224170.5,100174.5,57244.1,38769.8,32694.2,401562.4,7204.3,92439,2925,130283.5,89309.6,38193.1,16842,19105.8,13733.8,449546.7,105560.5,2925,23364.3
31,0.0343,0.0342,0.0341,0.034,0.0339,0.0338,0.0337,0.0336,0.0335,0.0334,0.0344,0.0345,0.0346,0.0347,0.0348,0.0349,0.035,0.0351,0.0354,0.0355,4849.1,121701.3,300977.6,46562.1,39553.6,35833.7,398413.5,7204.3,4044.5,91319.5,78314.3,147861.3,38193.1,24365.5,25204.4,16462.5,440451,105560.5,2925,23364.3
32,0.0343,0.0342,0.0341,0.034,0.0339,0.0338,0.0337,0.0336,0.0335,0.0334,0.0344,0.0345,0.0346,0.0347,0.0348,0.0349,0.035,0.0351,0.0354,0.0355,4849.1,121701.4,236763.4,45740.4,39553.6,32694.2,401562.4,7204.3,4044.5,91319.5,72032,126404.3,38193.1,24365.5,19105.8,16462.5,446514.8,105560.5,2925,23364.3
33,0.0343,0.0342,0.0341,0.034,0.0339,0.0338,0.0337,0.0336,0.0335,0.0334,0.0344,0.0345,0.0346,0.0347,0.0348,0.0349,0.035,0.0351,0.0354,0.0355,4849.1,121701.4,236763.4,46521.9,38769.8,32694.2,360192.6,7204.3,4044.5,91319.5,72032,126404.3,38193.1,24365.5,19105.8,13421.9,408176.9,105560.5,2925,23364.3
