timestamp,bid_price_0,bid_price_1,bid_price_2,bid_price_3,bid_price_4,bid_price_5,bid_price_6,bid_price_7,bid_price_8,bid_price_9,ask_price_0,ask_price_1,ask_price_2,ask_price_3,ask_price_4,ask_price_5,ask_price_6,ask_price_7,ask_price_8,ask_price_9,bid_size_0,bid_size_1,bid_size_2,bid_size_3,bid_size_4,bid_size_5,bid_size_6,bid_size_7,bid_size_8,bid_size_9,ask_size_0,ask_size_1,ask_size_2,ask_size_3,ask_size_4,ask_size_5,ask_size_6,ask_size_7,ask_size_8,ask_size_9
0,0.0348,0.0347,0.0346,0.0345,0.0344,0.0343,0.0342,0.0341,0.034,0.0339,0.0349,0.035,0.0351,0.0352,0.0353,0.0354,0.0355,0.0356,0.0357,0.0359,4821.5,323667.5,223811.7,264802.7,23884.4,28732.9,205504.7,4024.7,5028,90219.1,71135.7,98279.2,60652.8,34505.4,16313,9028,259504.5,3978.4,2972.4,2925
1,0.0348,0.0347,0.0346,0.0345,0.0344,0.0343,0.0342,0.0341,0.034,0.0339,0.0349,0.035,0.0351,0.0352,0.0353,0.0354,0.0355,0.0356,0.0359,0.036,4821.5,324051.6,184768.1,246326.9,20799.8,22545.3,17235,7136.6,5028,90219.1,71135.7,40890.4,60362,34505.4,16313,9028,65029.2,6959.2,2925,3075
2,0.0347,0.0346,0.0345,0.0344,0.0343,0.0342,0.0341,0.034,0.0339,0.0338,0.0348,0.0349,0.035,0.0351,0.0352,0.0353,0.0354,0.0355,0.0356,0.0359,244311.8,311023.8,237312.3,26755.7,25639.1,16901.7,238772.7,5028,90219.1,3811,2925,65888.2,40890.4,42016.8,34505.4,16313,240664.1,65029.2,6959.2,2925
3,0.0347,0.0346,0.0345,0.0344,0.0343,0.0342,0.0341,0.034,0.0339,0.0338,0.0349,0.035,0.0351,0.0352,0.0353,0.0354,0.0355,0.0356,0.0357,0.0359,237093.2,373858.8,237312.3,26755.7,28732.9,16901.7,207783.3,5028,90219.1,3811,124079.7,40578.5,42016.8,34505.4,16313,9028,268787.8,3978.4,2972.4,2925
4,0.0348,0.0347,0.0346,0.0345,0.0344,0.0343,0.0342,0.0341,0.034,0.0339,0.0349,0.035,0.0351,0.0352,0.0353,0.0354,0.0355,0.0356,0.0359,0.036,4821.5,227840.2,300158.9,251343.1,18221.3,28732.9,13798.9,210895.2,92322.1,2925,144657.7,40578.5,42016.8,34505.4,16313,9028,268787.8,6959.2,2925,3075
5,0.0348,0.0347,0.0346,0.0345,0.0344,0.0343,0.0342,0.0341,0.034,0.0339,0.0349,0.035,0.0351,0.0352,0.0353,0.0354,0.0355,0.0356,0.0359,0.036,4821.5,310656.8,250859.8,242833.2,26755.9,25639.1,16901.7,210895.2,92322.1,2925,144657.7,40578.5,42016.8,34505.4,16313,9028,271777,3978.4,2925,3075
6,0.0348,0.0347,0.0346,0.0345,0.0344,0.0343,0.0342,0.0341,0.034,0.0339,0.0349,0.035,0.0351,0.0352,0.0353,0.0354,0.0355,0.0356,0.0359,0.036,10036.3,299670.7,250301.4,242833.2,26755.9,22545.3,157353.5,7136.6,92322.1,2925,137992.7,40578.5,42016.8,34505.4,16313,9028,205367.4,3978.4,2925,3075
7,0.0348,0.0347,0.0346,0.0345,0.0344,0.0343,0.0342,0.0341,0.034,0.0339,0.0349,0.035,0.0351,0.0352,0.0353,0.0354,0.0355,0.0356,0.0359,0.036,10036.3,299670.7,213537.7,242833.2,26755.9,22545.3,16901.7,7136.6,95443.2,2925,137742.1,40578.5,42016.8,34505.4,16313,9028,55706.7,16290.1,2925,3075
8,0.0348,0.0347,0.0346,0.0345,0.0344,0.0343,0.0342,0.0341,0.034,0.0339,0.0349,0.035,0.0351,0.0352,0.0353,0.0354,0.0355,0.0356,0.0359,0.036,15944,310148.2,226323.1,242833.2,26249.8,22545.3,194714.5,7136.6,92322.1,2925,137742.1,40578.5,42016.8,34505.4,16313,9028,199130.7,47567.7,2925,3075
9,0.0348,0.0347,0.0346,0.0345,0.0344,0.0343,0.0342,0.0341,0.034,0.0339,0.0349,0.035,0.0351,0.0352,0.0353,0.0354,0.0355,0.0356,0.0359,0.036,60149.7,360080.7,193392,242833.2,29334.6,16790.3,191037.5,4024.7,92322.1,2925,5640,119095.3,42016.8,34505.4,16313,14823.1,195453.7,47567.7,2925,3075
10,0.0348,0.0347,0.0346,0.0345,0.0344,0.0343,0.0342,0.0341,0.034,0.0339,0.0349,0.035,0.0351,0.0352,0.0353,0.0354,0.0355,0.0356,0.0359,0.036,36100,264264.5,290016.9,224058.1,29334.6,13696.5,214138.1,7136.6,92322.1,2925,25640,99095.3,42016.8,34505.4,16313,14823.1,246851.1,19270.9,2925,3075
11,0.0348,0.0347,0.0346,0.0345,0.0344,0.0343,0.0342,0.0341,0.034,0.0339,0.0349,0.035,0.0351,0.0352,0.0353,0.0354,0.0355,0.0356,0.0359,0.036,36680,243828,311326.9,224058.1,26249.8,22793,214138.1,7136.6,92322.1,2925,31793.8,99554.9,42016.8,34505.4,16313,9028,246851.1,19270.9,2925,3075
12,0.0348,0.0347,0.0346,0.0345,0.0344,0.0343,0.0342,0.0341,0.034,0.0339,0.0349,0.035,0.0351,0.0352,0.0353,0.0354,0.0355,0.0356,0.0359,0.036,36680,242988,311326.9,224058.1,26249.8,22793,204223.2,7136.6,92322.1,2925,31793.8,99554.9,42016.8,34505.4,16313,9028,236936.2,19270.9,2925,3075
13,0.0347,0.0346,0.0345,0.0344,0.0343,0.0342,0.0341,0.034,0.0339,0.0338,0.0348,0.0349,0.035,0.0351,0.0352,0.0353,0.0354,0.0355,0.0356,0.0359,263135.9,339140.4,278784.8,27012.9,23561.7,20004.5,193340,5028,90219.1,3811,2925,83925.7,98783.4,42016.8,34505.4,16313,226525.8,36732.4,3978.4,2925
14,0.0347,0.0346,0.0345,0.0344,0.0343,0.0342,0.0341,0.034,0.0339,0.0338,0.0348,0.0349,0.035,0.0351,0.0352,0.0353,0.0354,0.0355,0.0356,0.0359,253461.2,351645.1,257492.5,34868.2,20812,23445.5,193340,5028,90219.1,3811,24821.5,63925.7,98783.4,42016.8,34505.4,19319.1,235839.9,24420.7,3978.4,2925
15,0.0347,0.0346,0.0345,0.0344,0.0343,0.0342,0.0341,0.034,0.0339,0.0338,0.0348,0.0349,0.035,0.0351,0.0352,0.0353,0.0354,0.0355,0.0356,0.0359,253461.2,349095.1,256646.2,34362.1,21319.6,17239.9,199563.8,5028,90219.1,2925,24821.5,63925.7,98783.4,42016.8,34505.4,19319.1,235839.9,24420.7,3978.4,2925
16,0.0347,0.0346,0.0345,0.0344,0.0343,0.0342,0.0341,0.034,0.0339,0.0338,0.0348,0.0349,0.035,0.0351,0.0352,0.0353,0.0354,0.0355,0.0356,0.0359,100433.1,347151.3,73388,34362.1,18225.8,20342.7,318647.7,5028,90219.1,2925,24821.5,63925.7,98783.4,42016.8,34505.4,19319.1,354923.8,24420.7,3978.4,2925
17,0.0347,0.0346,0.0345,0.0344,0.0343,0.0342,0.0341,0.034,0.0339,0.0338,0.0348,0.0349,0.035,0.0351,0.0352,0.0353,0.0354,0.0355,0.0356,0.0359,77177,200142.8,207998.7,24799.6,27043,21115.8,348708.7,8149.1,90219.1,2925,4821.5,83979.6,104296.3,27939.9,33601.9,19241.3,388096.7,24420.7,3978.4,2925
18,0.0347,0.0346,0.0345,0.0344,0.0343,0.0342,0.0341,0.034,0.0339,0.0338,0.0348,0.0349,0.035,0.0351,0.0352,0.0353,0.0354,0.0355,0.0356,0.0359,77177,248183.4,187405.6,34359.8,17455.2,21116,351820.6,5028,90219.1,2925,24821.5,63258.1,104296.3,27939.9,33601.9,19241.3,388096.7,24420.7,3978.4,2925
19,0.0347,0.0346,0.0345,0.0344,0.0343,0.0342,0.0341,0.034,0.0339,0.0338,0.0348,0.0349,0.035,0.0351,0.0352,0.0353,0.0354,0.0355,0.0356,0.0359,77177,217472.8,185951.8,34359.8,17455.2,21116,351820.6,5028,90219.1,2925,4821.5,128060,46907.5,27939.9,33601.9,19241.3,388096.7,24420.7,3978.4,2925
20,0.0348,0.0347,0.0346,0.0345,0.0344,0.0343,0.0342,0.0341,0.034,0.0339,0.0349,0.035,0.0351,0.0352,0.0353,0.0354,0.0355,0.0356,0.0359,0.036,4631.6,178475.7,206761.8,103643.1,34359.8,18225.6,334019.9,10248.5,8149.1,90219.1,78637.9,104608.2,27939.9,33601.9,16235.2,9028,381695.6,3978.4,2925,3075
21,0.0348,0.0347,0.0346,0.0345,0.0344,0.0343,0.0342,0.0341,0.034,0.0339,0.0349,0.035,0.0351,0.0352,0.0353,0.0354,0.0355,0.0356,0.0359,0.036,6528.1,178909.7,222537.7,89074.6,35545.1,20130.8,356424.6,7136.6,5028,90219.1,54239.4,104608.2,27939.9,33601.9,16235.2,9028,400997.5,3978.4,2925,3075
22,0.0348,0.0347,0.0346,0.0345,0.0344,0.0343,0.0342,0.0341,0.034,0.0339,0.0349,0.035,0.0351,0.0352,0.0353,0.0354,0.0355,0.0356,0.0359,0.036,27932.3,123026.9,257693.7,80220,35545.1,26840.5,340007.8,4024.7,5028,90219.1,25640,99364.1,42920.3,33601.9,16235.2,15016.8,391238.1,6959.2,2925,3075
23,0.0348,0.0347,0.0346,0.0345,0.0344,0.0343,0.0342,0.0341,0.034,0.0339,0.0349,0.035,0.0351,0.0352,0.0353,0.0354,0.0355,0.0356,0.0359,0.036,45981,157106.9,221711.6,80220,38124.2,23746,359206,4024.7,92322.1,2925,3999.5,121249.8,42920.3,33601.9,16235.2,14752.2,410436.3,6959.2,2925,3075
24,0.0348,0.0347,0.0346,0.0345,0.0344,0.0343,0.0342,0.0341,0.034,0.0339,0.0349,0.035,0.0351,0.0352,0.0353,0.0354,0.0355,0.0356,0.0359,0.036,46526.7,155449.9,256843.6,98260,27474.5,16788.1,359206,4024.7,92322.1,2925,5890.6,121249.8,42920.3,33601.9,16235.2,14752.2,410436.3,6959.2,2925,3075
25,0.0349,0.0348,0.0347,0.0346,0.0345,0.0344,0.0343,0.0342,0.0341,0.034,0.035,0.0351,0.0352,0.0353,0.0354,0.0355,0.0356,0.0357,0.0358,0.0359,4816.1,129317.4,119684.2,141873.5,89754.8,32416.1,343910.4,11217.7,4024.7,91219.1,74833.4,102397.7,33601.9,16235.2,14752.2,31665.6,371709.2,3975.5,2964.1,2925
26,0.0348,0.0347,0.0346,0.0345,0.0344,0.0343,0.0342,0.0341,0.034,0.0339,0.035,0.0351,0.0352,0.0353,0.0354,0.0355,0.0356,0.0357,0.0359,0.036,110945.4,218285.4,104748.4,89754.8,34822,13694.3,334125,4024.7,91219.1,3808.4,81532,102085.8,33601.9,16235.2,14752.2,30184.1,367494.2,3975.5,5880.9,3075
27,0.0349,0.0348,0.0347,0.0346,0.0345,0.0344,0.0343,0.0342,0.0341,0.034,0.035,0.0351,0.0352,0.0353,0.0354,0.0355,0.0356,0.0357,0.0359,0.036,62583.2,136255,211276.8,59588.6,36457.4,31854.7,13694.3,327919.4,4024.7,91219.1,6403.2,121899.7,34736.5,17138.7,14752.2,35918.4,367494.2,3975.5,5880.9,3075
28,0.035,0.0349,0.0348,0.0347,0.0346,0.0345,0.0344,0.0343,0.0342,0.0341,0.0351,0.0352,0.0353,0.0354,0.0355,0.0356,0.0357,0.0358,0.0359,0.036,26488,128534.1,181695.3,122961.5,51050.8,31474.3,337225.4,4018.2,92040.2,2925,12147.1,138916.7,35084.4,25473.8,35918.4,39840.7,330622,3972.5,2925,3075
29,0.035,0.0349,0.0348,0.0347,0.0346,0.0345,0.0344,0.0343,0.0342,0.0341,0.0352,0.0353,0.0354,0.0355,0.0356,0.0357,0.0358,0.0359,0.036,0.0361,126897.8,102230.6,94131.7,104860.8,57184.6,25146.5,338976.5,4018.2,90943.7,2925,123671.2,91983.4,25785.7,47810.8,39840.7,16287.2,332428,3969.5,3075,2925
30,0.0351,0.035,0.0349,0.0348,0.0347,0.0346,0.0345,0.0344,0.0343,0.0342,0.0352,0.0353,0.0354,0.0355,0.0356,0.0357,0.0358,0.0359,0.036,0.0361,21353,125967.3,173272.2,65164.2,96347.6,70264.5,21393.7,338976.5,4018.2,89158.4,5865.4,123611.6,58374.4,35918.4,11543.9,41626.3,344739.7,3969.5,3075,2925
