timestamp,bid_price_0,bid_price_1,bid_price_2,bid_price_3,bid_price_4,bid_price_5,bid_price_6,bid_price_7,bid_price_8,bid_price_9,ask_price_0,ask_price_1,ask_price_2,ask_price_3,ask_price_4,ask_price_5,ask_price_6,ask_price_7,ask_price_8,ask_price_9,bid_size_0,bid_size_1,bid_size_2,bid_size_3,bid_size_4,bid_size_5,bid_size_6,bid_size_7,bid_size_8,bid_size_9,ask_size_0,ask_size_1,ask_size_2,ask_size_3,ask_size_4,ask_size_5,ask_size_6,ask_size_7,ask_size_8,ask_size_9
0,66804.74,66804.73,66804.71,66804.7,66804.66,66804.65,66804.28,66804.12,66803.96,66803.52,66804.75,66804.76,66805.04,66805.05,66805.7,66806,66806.24,66806.38,66806.39,66806.46,4.72044,0.10812,0.18463,0.05016,0.00016,0.05016,0.05642,0.01206,0.12702,0.003,0.00366,0.00048,0.00008,0.00024,0.00009,0.0012,0.00009,0.0009,0.00008,0.00008
1,66815.85,66815.84,66813.61,66813.6,66813.13,66813.12,66813.08,66813.07,66813.06,66812.38,66815.86,66815.87,66815.88,66815.89,66815.92,66816,66816.16,66816.45,66816.55,66816.89,1.52971,0.00008,0.00016,0.003,0.00029,0.00008,0.00016,0.43093,0.45019,0.00022,1.54056,0.00056,0.00615,0.00607,0.00008,0.0012,0.00009,0.00008,0.00012,0.00468
2,66852.91,66852.9,66852.65,66852.42,66852.2,66851.97,66851.57,66851.56,66850.99,66849.8,66852.92,66852.93,66853.06,66853.08,66853.92,66854.98,66854.99,66855,66855.01,66855.03,0.0594,0.00021,0.00008,0.00065,0.00008,0.00008,0.00008,0.00008,0.00149,0.00008,2.76524,0.00008,0.01204,0.00008,0.003,0.05929,0.07152,0.00008,0.0723,0.00008
3,66817.11,66817.1,66816.96,66816.45,66816.44,66816.26,66815.28,66814.13,66814.12,66814.11,66817.12,66817.13,66818,66818.2,66818.61,66818.62,66819.13,66819.52,66819.78,66820,6.28958,0.00008,0.003,0.00008,0.46501,0.05642,0.003,0.38582,0.00008,0.17524,0.00151,0.00064,0.0004,0.00008,0.00024,0.15,0.00008,0.00008,0.00008,0.0008
4,66869.99,66869.98,66869.96,66869.95,66869.91,66869.9,66869.73,66869.58,66869.57,66868.82,66870,66870.01,66870.54,66870.6,66870.72,66870.73,66871.46,66872,66872.32,66872.46,2.40889,0.00024,0.00016,0.05016,0.00024,0.05016,0.00008,0.00008,0.00016,0.00008,1.67647,0.0004,0.00008,0.00008,0.00009,0.00008,0.00008,0.0012,0.00008,0.00008
5,66875.09,66875.08,66875.05,66874.76,66874.19,66874.09,66874,66873.62,66873.61,66873.21,66875.1,66875.11,66875.76,66876.39,66876.4,66876.68,66877.35,66877.36,66877.37,66877.39,0.06444,0.00016,0.00008,0.00008,0.00008,0.00008,0.0008,0.00008,0.00008,0.0009,3.03582,0.00008,0.003,0.00008,0.12124,0.01204,0.08133,0.00755,0.08214,0.00008
6,66886.02,66885.84,66885.29,66885.14,66884.82,66884.81,66884.45,66884.4,66884.39,66884.38,66886.03,66886.04,66886.1,66886.38,66886.59,66886.81,66887.18,66887.47,66887.48,66888,1.72431,0.003,0.00816,0.01196,0.00029,0.00008,0.00008,0.00016,0.0758,0.10765,0.95926,0.00064,0.00009,0.00008,0.0009,0.00008,0.00097,0.00008,0.00008,0.00454
7,66841.92,66841.91,66841.85,66841.84,66841.25,66840.42,66840.28,66840,66839.97,66839.96,66841.93,66841.94,66841.99,66842,66842.01,66842.46,66843.09,66843.68,66844.47,66844.48,2.02103,0.00056,0.00008,0.00817,0.00008,0.00008,0.00008,0.0008,0.00024,0.00024,1.7285,0.00008,0.00016,0.07258,0.11839,0.00008,0.00008,0.01204,0.00016,0.10805
8,66890.67,66890.66,66890.62,66890.61,66890.57,66890.56,66890.01,66890,66889.88,66889.71,66890.68,66890.69,66890.88,66892.56,66892.99,66893,66893.01,66893.02,66893.03,66893.04,0.31247,0.00048,0.00024,0.2,0.00008,0.00662,0.00016,0.00211,0.00128,0.00008,3.83094,0.00008,0.003,0.003,1.04406,2.07749,0.00008,0.00024,1.79341,0.00054
9,66868.71,66868.7,66868,66867.94,66867.71,66867.67,66867.51,66867.5,66867.39,66867.02,66868.72,66868.73,66869.73,66870.05,66870.06,66870.07,66870.09,66871.99,66872,66872.01,0.26572,0.00048,0.0012,0.00357,0.00016,0.00008,0.00008,0.00008,0.00008,0.00598,1.6089,0.00008,0.00008,0.00016,0.25152,0.00008,0.00016,0.12187,0.37403,0.34501
10,66904.75,66904.74,66903.37,66903.36,66903.35,66903.34,66903.24,66903.03,66902.64,66901.94,66904.76,66904.77,66905.44,66905.47,66905.95,66905.96,66905.97,66906,66906.15,66906.16,5.23331,0.00008,0.00028,0.00016,0.15459,0.12344,0.00008,0.00008,0.003,0.00008,0.87336,0.01064,0.00009,0.00045,0.00008,0.04981,0.14032,0.0012,0.00008,0.00833
11,66869.05,66869.04,66868.73,66867.47,66867.46,66867.37,66866.41,66866.4,66866.25,66865.99,66869.06,66869.07,66869.29,66869.35,66869.59,66869.73,66870,66870.06,66870.07,66870.6,1.88466,0.00008,0.00008,0.00016,0.10789,0.00027,0.00008,0.00016,0.01204,0.00008,3.24623,0.00064,0.0036,0.00009,0.00012,0.00008,0.0012,0.00008,0.00008,0.00008
12,66919.91,66919.9,66919.68,66919.44,66918.99,66918.74,66917.76,66917.64,66917.63,66917.3,66919.92,66919.93,66920.25,66920.26,66920.27,66920.47,66921.91,66921.92,66922.11,66922.61,7.38504,0.00008,0.00008,0.003,0.00008,0.02008,0.003,0.12706,0.42562,0.0015,0.04964,0.00048,0.00008,0.00008,0.00008,0.00008,0.00008,0.00008,0.00008,0.00008
13,66939.41,66939.4,66939.11,66939.1,66938.37,66938.3,66937.92,66937.35,66937.31,66937.3,66939.42,66939.43,66939.66,66939.7,66939.79,66940,66940.12,66940.16,66940.51,66942,3.35567,0.00008,0.06063,0.10782,0.00022,0.00009,0.003,0.02008,0.0565,0.01473,0.06938,0.0004,0.00008,0.00009,0.00027,0.0012,0.0009,0.00009,0.00008,0.0012
14,66940.97,66940.96,66940.16,66940.11,66940,66939.7,66939.66,66938.77,66938.68,66938.04,66940.98,66940.99,66941.28,66941.54,66941.77,66941.96,66941.97,66941.98,66942,66942.01,0.01139,0.02178,0.00009,0.0009,0.0012,0.00009,0.00008,0.00057,0.00177,0.00097,4.6397,0.00008,0.003,0.01494,0.00008,0.09271,2.25143,3.59497,3.49708,0.44674
15,66943.23,66943.22,66942.99,66942.96,66942.52,66942.45,66941.86,66941.6,66941.59,66941.28,66943.24,66943.25,66943.58,66943.9,66944,66944.45,66944.46,66945.12,66945.65,66945.66,4.3651,0.00008,0.00008,0.003,0.01202,0.00008,0.00008,0.00016,0.23677,0.003,0.59461,0.00072,0.00307,0.0048,0.0012,0.00008,0.0003,0.00018,0.00008,0.00024
16,66914.81,66914.8,66914.16,66914,66913.35,66913.02,66912.98,66912.9,66912.19,66912.18,66914.82,66914.83,66915.65,66915.83,66916.08,66916.35,66917.76,66917.84,66918.6,66919.44,0.06582,0.00056,0.003,0.0012,0.00098,0.00008,0.0048,0.00009,0.00016,0.00023,4.98033,0.00008,0.02,0.01524,0.003,0.00008,0.003,0.00009,0.00821,0.003
17,66901.16,66901.13,66900.96,66900.95,66900.88,66900.87,66899.7,66899.28,66899.26,66898.38,66901.17,66901.18,66902.68,66902.69,66902.88,66903.03,66904,66904.01,66904.18,66904.2,4.01948,0.07,0.003,0.11899,0.22591,2.80203,0.00008,0.003,0.33872,0.00008,0.14788,0.00016,0.00008,0.00016,0.11,0.00008,0.00008,0.00008,0.00008,0.00009
18,66892.13,66890.88,66890.85,66890.36,66889.71,66889.69,66889.68,66889.5,66889.49,66889.48,66892.14,66892.15,66893.04,66893.36,66893.37,66893.98,66893.99,66894,66895.12,66895.13,1.98063,0.003,0.00008,0.00016,0.00008,0.00291,0.00875,0.00016,0.10754,0.00008,1.24338,0.00008,0.00008,0.00008,0.01204,0.00008,0.00016,0.00016,0.00016,0.10876
19,66909.46,66909.05,66909.04,66907.68,66907.6,66907.34,66907.3,66906.36,66906,66904.32,66909.47,66909.48,66909.55,66909.57,66909.58,66909.69,66909.74,66909.75,66909.8,66909.81,3.75436,0.00016,0.00016,0.003,0.00008,0.00008,0.00008,0.00008,0.003,0.003,1.2097,0.00088,0.00009,0.00008,0.00024,0.00008,0.00024,0.01496,0.00016,0.06125
20,66928.88,66928.87,66928.85,66928.8,66928.68,66928.59,66928.32,66928.31,66928.28,66927.84,66928.89,66928.9,66929,66929.01,66929.65,66929.67,66929.99,66930,66930.24,66930.38,6.03871,0.05387,0.05016,0.05129,0.0565,0.00093,0.00029,0.00022,0.01502,0.003,0.01501,0.00064,0.00024,0.01755,0.00009,0.00008,0.00008,0.00738,0.00009,0.00008
21,66949.45,66949.44,66948.85,66948.66,66947.83,66947.82,66946.81,66946.4,66946.32,66945.28,66949.46,66949.47,66949.58,66949.59,66949.65,66949.72,66949.73,66950.03,66950.04,66950.3,6.25479,0.00008,0.10752,0.00597,3.68719,0.28145,0.09616,0.01479,0.00308,0.00031,0.20103,0.00064,0.00024,0.17532,0.00024,0.00008,0.00008,0.00016,0.00008,0.00028
22,66891.68,66891.67,66891.23,66890.56,66890,66889.71,66889.45,66889.01,66889,66888.31,66891.69,66891.7,66891.74,66891.75,66892.07,66892.12,66892.13,66892.32,66892.43,66892.56,0.00937,0.00151,0.00027,0.00009,0.00169,0.00008,0.00103,0.00008,0.00008,0.00024,3.8587,0.05024,0.00016,0.05008,0.01536,0.1,0.00026,0.00016,0.10773,0.003
23,66807.49,66806.88,66806.46,66806.45,66805.83,66805.82,66805.73,66805.34,66805.33,66805.2,66807.5,66807.51,66808,66808.1,66808.18,66808.19,66808.2,66808.21,66808.4,66808.41,3.5522,0.003,0.00024,0.34734,0.00016,0.05344,0.00008,0.00016,0.05536,0.003,0.55537,0.00072,0.0004,0.00008,0.00008,0.00008,0.00008,0.00008,0.00008,0.00008
24,66868.45,66868.44,66868.32,66868.29,66867.86,66867.39,66866.99,66866.93,66866.92,66866.4,66868.46,66868.47,66868.48,66868.49,66868.5,66868.57,66869.04,66869.39,66869.55,66869.73,1.65579,0.00016,0.00025,0.00044,0.00024,0.00008,0.00008,0.00016,0.01198,0.00008,2.29759,0.00064,0.00016,1.25349,0.10653,0.04008,0.003,0.00008,0.00008,0.00008
25,66913.43,66913.42,66913.35,66913.02,66912.9,66912.77,66912.76,66912.75,66912.72,66912.01,66913.44,66913.45,66916.2,66916.21,66916.22,66916.34,66916.35,66916.67,66916.74,66916.75,1.93592,0.00687,0.0009,0.00016,0.00009,0.00016,0.10541,0.10782,0.003,0.00029,0.68284,0.00056,0.02448,0.00032,0.11971,0.00008,0.00008,0.00008,0.00024,0.05852
26,66849.67,66849.66,66848.54,66847.97,66847.96,66847.95,66847.94,66847.53,66847.52,66847.37,66849.68,66849.69,66849.75,66849.81,66850.56,66850.62,66851.3,66851.31,66851.35,66851.91,1.44157,0.0004,0.00008,0.00024,0.23935,0.69121,0.05427,0.00016,0.10769,0.00016,2.36223,0.00379,0.00008,0.00908,0.003,0.00008,0.00136,0.04306,0.01204,0.00008
27,66797.28,66797.27,66797.09,66797.01,66796.94,66796.61,66796.47,66796.32,66796.16,66796.15,66797.29,66797.3,66797.31,66797.49,66797.51,66797.52,66798.22,66799.8,66800.11,66800.5,0.55387,0.00048,0.00093,0.00018,0.00024,0.00008,0.00008,0.00009,0.00024,0.00008,3.44198,0.33312,0.00093,0.0643,0.0003,0.0643,0.01196,0.00008,0.00031,0.52091
28,66770.99,66770.98,66770.18,66770.17,66770.15,66770,66769.91,66769.9,66769.83,66769.5,66771,66771.01,66771.61,66772.21,66772.75,66772.76,66772.88,66773.16,66773.28,66773.56,0.78,0.00056,0.00008,0.00008,0.00008,0.0017,0.00008,0.01191,0.00008,0.00017,4.75267,0.00599,0.003,0.00008,0.00748,0.01206,0.00008,0.00008,0.003,0.00016
29,66818,66817.99,66817.07,66817.06,66816.93,66816.46,66816.45,66816.15,66816.07,66816.06,66818.01,66818.02,66818.64,66819.1,66819.13,66819.75,66819.78,66819.8,66819.82,66820,1.89684,0.01186,0.00016,0.10796,0.00119,0.00008,0.01206,0.00008,0.013,0.00016,0.66335,0.00016,0.003,0.00009,0.00016,0.0009,0.00008,0.00008,0.00485,0.0012
30,66919.07,66919.06,66918.68,66918.46,66918.32,66918.06,66918.05,66918.04,66917.93,66917.65,66919.08,66919.09,66919.17,66919.42,66919.43,66919.6,66919.68,66919.98,66919.99,66920,2.22233,0.00008,0.0009,0.00008,0.00008,0.00085,0.05948,0.10782,0.00008,0.00008,0.09622,0.01596,0.00009,0.00016,0.01055,0.00009,0.00016,0.00008,0.00008,0.01305
31,66900.61,66900.6,66900.1,66900.09,66899.7,66899.56,66899.12,66898.89,66898.77,66898.76,66900.62,66900.63,66901.36,66901.37,66901.56,66901.86,66901.87,66901.99,66902,66902.23,2.41425,0.0004,0.00076,0.04174,0.00008,0.00008,0.00036,0.00008,0.00016,0.09246,0.90011,0.00048,0.00024,0.0159,0.00008,0.00016,0.0152,0.00016,0.0012,0.00008
32,66884.01,66884,66883.05,66882.75,66882,66881.89,66881.88,66881.85,66881.84,66881.64,66884.02,66884.03,66884.16,66884.17,66884.8,66885.1,66885.17,66885.18,66885.19,66885.47,0.01547,0.00263,0.00008,0.00009,0.0012,0.00008,0.00008,0.00008,0.00008,0.00075,2.11244,0.00008,0.003,0.01512,0.00008,0.00755,0.00755,0.05948,0.05658,0.00008
33,66865.29,66864,66863.69,66863.37,66863.07,66862.32,66861.74,66861.73,66860.9,66860.89,66865.3,66865.31,66865.98,66865.99,66866,66866.01,66866.04,66866.31,66866.4,66866.48,2.41335,0.003,0.00022,0.00008,0.09592,0.003,0.00025,0.00031,0.09405,1.28678,0.00409,0.00032,0.00008,0.00008,0.00008,0.00008,0.00008,0.00008,0.00008,0.00008
34,66922.01,66921.8,66921.12,66921,66919.68,66919.44,66919.13,66919.12,66918.93,66918.44,66922.02,66922.03,66922.18,66922.95,66923.01,66923.09,66923.31,66923.32,66924,66924.66,5.28809,0.00022,0.003,0.00008,0.00008,0.003,0.11153,0.20717,0.04133,0.01494,0.10675,0.00056,0.00028,0.00009,0.00008,0.00121,0.00008,0.00008,0.0012,0.00009
35,66995.38,66995.37,66995.16,66994.64,66994.63,66994.36,66994,66993.69,66993.67,66993.66,66995.39,66995.4,66995.43,66996.27,66996.34,66996.49,66996.5,66996.72,66997.04,66997.35,1.45538,0.00016,0.10749,0.00008,0.00904,0.00008,0.0004,0.0009,0.00008,0.01204,3.98716,0.00008,0.00008,0.00008,0.00016,0.00016,0.35205,0.003,0.00008,0.00008
36,67015.96,67015.95,67015.52,67015.26,67015.25,67015.2,67015.17,67015.16,67014.75,67014.25,67015.97,67015.98,67016.24,67016.25,67016.88,67016.89,67016.9,67016.91,67016.92,67017.02,4.06402,0.00008,0.01492,1.52436,0.17516,0.003,1.93985,0.43577,0.05,1.79534,0.11626,0.0004,0.00033,0.00008,0.00024,0.00024,0.00008,0.00016,0.00008,0.00008
37,67015.97,67015.96,67015.2,67014.83,67014.2,67013.52,67013.35,67013.34,67013.33,67013.32,67015.98,67015.99,67016.07,67016.08,67016.16,67016.25,67016.64,67016.65,67016.93,67016.94,2.62379,0.00114,0.00405,0.00008,0.00008,0.003,0.1264,2.09611,1.52422,0.00009,0.17214,0.0004,0.00024,0.04008,0.00008,0.00008,0.00008,0.00016,0.00024,1.30016
38,67057.41,67057.4,67057.39,67057.38,67057.29,67057.28,67057.12,67056.21,67055.64,67055.63,67057.42,67057.43,67057.53,67057.71,67057.95,67058,67058.06,67058.15,67058.47,67058.66,1.1295,0.00283,0.00008,0.00008,0.00024,0.01531,0.00008,0.00008,0.00024,0.24667,2.4921,0.00024,0.00015,0.00008,0.00008,0.0012,0.00009,0.00013,0.00042,0.00016
39,67058.97,67058.96,67058.95,67058.9,67058.03,67057.72,67057.42,67057.41,67057.2,67057.05,67058.98,67058.99,67059.05,67059.18,67059.2,67059.26,67059.29,67059.54,67059.57,67059.68,4.38466,0.01625,0.05016,0.05008,0.00841,0.00008,0.05923,0.19488,0.003,0.00008,0.17191,0.00064,0.00008,0.00008,0.00009,0.00045,0.00008,0.00008,0.00016,0.00026
40,67123.43,67123.42,67123.41,67123.08,67122.81,67121.96,67121.95,67121.94,67121.53,67121.32,67123.44,67123.45,67123.61,67123.8,67124.3,67124.31,67124.32,67124.4,67124.61,67124.62,1.38841,0.00282,0.0014,0.00008,0.00008,0.00596,0.00604,0.00016,0.00031,0.00024,3.27372,0.00008,0.00008,0.00008,0.00016,1.83422,0.0003,0.003,0.00016,0.00008
41,67103,67102.83,67102.6,67102.56,67102.02,67102.01,67102,67101.99,67101.93,67101.9,67103.01,67103.02,67103.22,67103.75,67103.84,67103.85,67104,67104.01,67104.6,67104.61,5.7148,0.00008,0.00008,0.003,0.00016,0.04283,0.00022,0.00008,0.00008,0.00016,0.26277,0.00073,0.00363,0.00008,0.00009,0.00009,0.0012,0.00008,0.00008,0.01008
42,67117.39,67117.38,67116.15,67116.14,67116.01,67115.72,67115.71,67115.7,67115.58,67115.48,67117.4,67117.41,67117.68,67117.99,67118,67118.54,67118.55,67118.61,67118.7,67119.35,1.65432,0.00032,0.00008,0.00008,0.00008,0.00016,0.413,0.00008,0.00008,0.00008,1.6366,0.00056,0.003,0.00008,0.0004,0.00016,0.08617,0.00008,0.00008,0.00012
43,67218.95,67218.65,67218.45,67218.37,67218.2,67218.06,67217.92,67217.75,67217.36,67217.22,67218.96,67219.12,67219.28,67219.38,67220.01,67220.02,67220.61,67221.27,67221.94,67222.32,0.33869,0.00027,0.00024,0.00008,0.00024,0.003,0.00009,0.00009,0.00016,0.00176,2.68497,0.10716,0.00008,0.00008,0.16863,0.00016,0.00016,0.00022,0.00016,0.14969
44,67130.64,67130.63,67130,67129.47,67128.86,67128.85,67128.84,67128.64,67128.57,67128.55,67130.65,67130.66,67131.12,67131.43,67132.01,67132.1,67132.24,67132.8,67133.7,67133.72,1.30893,0.00024,0.0012,0.00008,0.00024,0.03391,0.10764,0.00099,0.00018,0.00008,2.41592,0.0004,0.003,0.00008,0.00075,0.00008,0.00008,0.00308,0.00016,0.00008
45,67195.41,67195.4,67195.11,67194.31,67194.3,67194,67193.77,67193.25,67193.23,67192.74,67195.42,67195.43,67195.95,67195.96,67196.07,67196.22,67196.24,67196.44,67196.45,67196.64,0.12779,0.00024,0.00008,0.00016,0.00009,0.0004,0.00008,0.00128,0.003,0.00008,2.53769,0.00008,0.07577,0.10731,0.00008,0.00008,0.01514,0.00008,0.00008,0.003
46,67171.17,67171.16,67170.85,67170.31,67169.76,67169.43,67169.08,67169.07,67168.67,67168.66,67171.18,67171.19,67171.34,67171.35,67171.89,67171.9,67172,67172.28,67172.29,67172.3,2.63086,0.00008,0.00043,0.00008,0.003,0.00008,0.00604,0.00604,0.14511,0.04004,0.52375,0.00089,0.00015,0.00239,0.00008,0.012,0.0012,0.00016,0.16108,0.40108
47,67172.96,67172.95,67172.77,67172.76,67172,67171.65,67171.44,67171.18,67170.98,67170.85,67172.97,67172.98,67173.27,67173.28,67173.65,67174.27,67174.28,67174.36,67174.37,67174.64,2.01996,0.00008,0.00016,0.00008,0.0012,0.00008,0.003,0.00016,0.00008,0.00009,1.8274,0.00088,0.00016,0.02789,0.00008,0.00604,0.00604,0.00016,0.0151,0.0311
48,67199.94,67199.4,67198.32,67197.65,67197.64,67197.39,67196.66,67196.64,67196.33,67196.3,67199.95,67199.96,67199.99,67200,67200.83,67200.84,67201,67201.61,67201.62,67201.68,4.06374,0.00008,0.003,0.10183,0.34092,0.17516,0.00031,0.003,0.175,0.00008,0.01334,0.0004,0.00024,0.04459,0.00024,0.01522,0.00009,0.00024,0.15024,0.0009
49,67210.58,67210.57,67210.01,67210,67209.99,67209.85,67209.39,67209.33,67209.15,67208.41,67210.59,67210.6,67211.3,67211.79,67211.8,67211.81,67211.82,67212.32,67212.33,67212.72,1.48398,0.00056,0.00088,0.00136,0.00064,0.00008,0.00008,0.00061,0.00241,0.00016,2.0858,0.00008,0.003,0.00016,0.03612,0.00016,0.1075,0.00011,0.01008,0.00008
50,67200.54,67200.53,67200.47,67199.4,67196.48,67196.23,67196.07,67196,67195.8,67195.41,67200.55,67200.56,67200.63,67201,67201.16,67201.68,67201.8,67202,67202.28,67202.42,0.00343,0.00032,0.00008,0.00008,0.00031,0.00016,0.00008,0.0004,0.00024,0.00032,4.28855,0.00104,0.00008,0.00009,0.003,0.0009,0.00008,0.0012,0.00842,0.00008
51,67153.21,67153.2,67152.96,67152.87,67152.79,67152.78,67152.77,67152.41,67152.4,67152.05,67153.22,67153.23,67153.41,67153.42,67153.43,67153.44,67153.45,67153.55,67153.72,67154,5.78905,0.00008,0.003,0.01708,0.24194,0.00008,0.08586,0.00022,0.00008,0.29601,0.07943,0.00064,0.00024,0.01933,0.0027,0.00017,0.0082,0.00008,0.00008,0.0012
52,67172.01,67172,67171.44,67171.09,67171.08,67171.06,67171.05,67170.98,67170.88,67170.87,67172.02,67172.03,67172.75,67172.76,67173.61,67173.62,67173.63,67173.65,67173.85,67173.86,3.88333,0.00096,0.003,0.00016,0.03774,0.00016,0.10728,0.00008,0.00024,0.00091,0.79524,0.0008,0.00016,0.00008,0.00016,0.08668,0.1504,0.00008,0.00008,0.00042
53,67178.6,67178.59,67178.24,67178.15,67178,67177.55,67177.54,67176.56,67176.09,67176,67178.61,67178.62,67178.91,67179.42,67179.61,67179.63,67179.68,67179.84,67180.15,67180.16,0.02657,0.00032,0.00009,0.00016,0.0012,0.00009,0.0001,0.00008,0.00008,0.0012,8.32359,0.00008,0.01478,0.00008,0.00029,0.00901,0.00008,0.003,0.00008,0.05658
54,67196.65,67196.64,67196.07,67195.02,67195.01,67195,67194.99,67194.96,67194.94,67194.65,67196.66,67196.67,67197.11,67197.35,67197.36,67197.48,67197.65,67197.78,67198,67198.05,3.41187,0.00308,0.00008,0.00016,0.01724,0.05492,0.01496,0.003,0.00008,0.00016,1.19596,0.00112,0.00008,0.00024,0.04008,0.00485,0.00009,0.00008,0.0012,0.00008
55,67182.26,67182.25,67182,67181.54,67181.53,67181.52,67181.37,67181.16,67181.03,67181,67182.27,67182.28,67182.75,67183.2,67183.7,67183.75,67183.76,67183.77,67183.78,67183.79,0.96868,0.00064,0.0004,0.00008,0.00032,0.02369,0.00008,0.00314,0.00008,0.00008,5.99792,0.00056,0.00008,0.003,0.00008,0.00016,1.06181,2.85524,0.00016,0.3723
56,67185.59,67185.58,67184.39,67183.61,67183.32,67183.28,67183.21,67183.2,67182.75,67181.89,67185.6,67185.61,67186,67186.08,67186.1,67186.72,67186.73,67187.1,67187.11,67187.12,1.69661,0.00008,0.00008,0.01192,0.00016,0.00008,0.10295,0.003,0.00008,0.00008,2.23258,0.0008,0.0012,0.00008,0.00365,0.00008,0.012,0.00016,0.10902,0.13196
57,67188.61,67188.6,67188.49,67188.24,67188.16,67188.1,67188.09,67188,67187.94,67187.74,67188.62,67188.63,67188.69,67188.7,67189.41,67189.75,67189.76,67189.8,67189.81,67189.92,0.95762,0.01186,0.00008,0.0009,0.00009,0.00024,0.02764,0.0012,0.00008,0.00008,10.53286,0.00057,0.00008,0.00008,0.00008,0.37234,0.06212,0.00016,0.10306,0.003
58,67166.02,67166,67165.31,67164.96,67164.95,67164.82,67164.74,67164.73,67164.72,67164.28,67166.03,67166.04,67166.1,67167.3,67168.07,67168.53,67168.67,67168.68,67168.87,67168.88,2.52469,0.0012,0.00008,0.00016,0.05642,0.00801,0.00016,0.04214,0.003,0.00008,0.68594,0.0008,0.00008,0.00016,0.00026,0.00008,0.00024,0.03008,0.00016,0.05629
59,67129.06,67129.05,67128.65,67128.64,67128.09,67128,67127.88,67127.87,67127.8,67127.32,67129.07,67129.08,67129.44,67129.47,67130.73,67130.74,67131.07,67131.08,67131.1,67131.12,1.49041,0.00056,0.0006,0.00009,0.00008,0.0012,0.07593,0.10734,0.01282,0.00008,3.07607,0.00008,0.003,0.00008,0.0002,0.00008,0.00008,0.18248,0.00016,0.003
60,67131.52,67131.51,67131.11,67131.1,67130.92,67130.9,67130.77,67130.67,67130.63,67130.62,67131.53,67131.54,67132,67132.29,67132.56,67132.7,67132.77,67132.8,67133.32,67133.33,0.59897,0.00064,0.00008,0.012,0.00008,0.00063,0.00008,0.00008,0.00016,0.10315,2.21848,0.00072,0.0012,0.00029,0.00016,0.00366,0.00008,0.00308,0.71893,0.10141
61,67124.67,67124.66,67124.4,67122.81,67122.8,67122.72,67122.43,67122.42,67121.78,67121.65,67124.68,67124.69,67126,67126.14,67126.57,67127,67127.19,67127.77,67127.78,67128,5.92324,0.00008,0.003,0.05004,0.16417,0.003,1.18821,1.60611,0.01489,1.4133,0.16736,0.00064,0.0004,0.00008,0.00008,0.00008,0.00024,0.00008,0.00016,0.0004
62,67090.79,67090.78,67090.46,67090.45,67090.16,67090,67089.79,67089.51,67089.25,67089.2,67090.8,67090.81,67092.56,67092.84,67093.24,67093.25,67094.14,67094.65,67094.97,67094.98,3.85097,0.00008,0.00015,0.00009,0.0005,0.0017,0.01522,0.00008,0.0014,0.00019,0.00219,0.0004,0.00008,0.00008,0.00008,0.00008,0.00025,0.00016,0.00016,0.00008
63,67009.07,67009.06,67008.89,67008.73,67008.49,67008.48,67008,67007.08,67006.7,67006.26,67009.08,67009.09,67009.59,67010.16,67010.51,67010.52,67010.55,67010.8,67010.9,67011.05,0.71747,0.00064,0.00024,0.00366,0.00008,0.00491,0.0012,0.0009,0.00009,0.00008,7.81279,0.00008,0.00008,0.003,3.27161,1.85418,5.68016,0.00008,0.01528,0.00008
64,66936,66935.99,66935.67,66935.66,66935.65,66935.64,66935.62,66935.48,66935.26,66935.2,66936.01,66936.02,66936.1,66936.33,66936.34,66936.35,66936.36,66936.68,66936.69,66937.19,5.35817,0.00008,0.00016,1.50145,3.13424,0.00171,0.00026,0.00016,0.00249,0.00009,0.15659,0.00032,0.00008,0.00008,0.00008,0.00008,0.00016,0.00008,0.00008,0.00008
65,66863.94,66863.93,66863.63,66863.28,66863.07,66862.95,66862.94,66862.93,66862.74,66862.7,66863.95,66863.96,66865.06,66865.07,66865.37,66865.79,66866.4,66866.93,66866.94,66867.03,1.82078,0.00064,0.00055,0.00009,0.00008,0.00024,0.11157,0.1775,0.00009,0.00008,1.42056,0.00008,0.00016,0.05008,0.00008,0.00332,0.00016,0.00016,0.10794,0.00016
66,66913.87,66913.86,66913.55,66913.02,66912.96,66912.72,66912.3,66912.21,66912.2,66912.19,66913.88,66913.89,66913.92,66913.93,66913.94,66914,66914.26,66914.75,66915.36,66916,4.05202,0.00008,0.0565,0.00008,0.00008,0.003,0.00016,1.01759,1.25594,0.00008,0.15134,0.0004,0.00008,0.00008,0.00032,0.0012,0.00242,0.00008,0.00009,0.0012
67,66904.09,66904.08,66904,66902.85,66902.56,66902.55,66902.3,66902.29,66902.13,66902,66904.1,66904.11,66904.32,66904.91,66905.44,66905.45,66905.74,66905.94,66906,66906.75,0.19861,0.00064,0.0012,0.00009,0.00016,0.49345,0.00008,0.00008,0.00364,0.0012,5.52073,0.00008,0.003,0.00008,0.1079,0.35836,0.05008,0.00031,0.003,0.0183
68,66939.79,66939.78,66937.99,66937.92,66936.24,66935.8,66935.79,66935.78,66935.77,66935.67,66939.8,66939.81,66939.98,66939.99,66940.12,66940.19,66940.2,66940.51,66940.92,66940.93,4.04055,0.00008,0.00008,0.003,0.003,0.00016,1.10348,0.00016,0.33139,0.00008,1.59082,0.00032,0.00008,0.00008,0.0009,0.00008,0.00008,0.00008,0.00024,0.02272
69,66998.82,66998.4,66997.99,66997.94,66997.93,66997.68,66997.23,66996.72,66996.71,66996.7,66998.83,66998.84,66998.89,66998.98,66998.99,66999,66999.44,66999.68,66999.99,67000,5.42546,0.003,0.33545,2.47153,0.41276,0.00031,0.17508,0.003,0.00008,0.06786,0.00555,0.00048,0.003,0.00008,0.00032,0.06923,0.00008,0.00009,0.00032,0.38172
70,66964.55,66964.54,66964.02,66964.01,66964,66963.99,66963.94,66963.93,66963.92,66963.89,66964.56,66964.57,66964.73,66964.96,66965.23,66965.99,66966,66966.11,66966.12,66966.29,3.40892,0.00008,0.00016,0.46748,0.66833,0.17524,0.00835,0.00016,0.17508,0.00038,0.04853,0.0004,0.00011,0.00009,0.00008,0.00008,0.0012,0.00008,0.00008,0.00008
71,66944.86,66944.85,66944.64,66944.08,66944.07,66943.79,66943.77,66943.76,66943.75,66943.74,66944.87,66944.88,66946.32,66946.46,66947.49,66947.5,66947.51,66947.52,66947.53,66947.66,4.08223,0.00008,0.003,0.00016,0.01537,0.00008,0.00016,0.1713,0.17524,0.29606,0.90583,0.00048,0.00028,0.00008,0.00016,0.0522,0.00008,0.00008,0.00016,0.003
72,67020.83,67020.82,67018.05,67018.04,67018.03,67018.02,67018.01,67018,67017.99,67017.96,67020.84,67020.85,67021.32,67021.33,67021.92,67022,67022.46,67022.47,67023.2,67023.21,0.92184,0.00064,0.00008,0.00024,0.00008,0.00008,0.00008,0.00008,0.00008,0.00008,2.39029,0.00008,0.00016,0.02272,0.003,0.0012,0.00016,0.19459,0.12956,0.3731
73,67001.02,67001.01,67000.08,66999.41,66998.4,66996.72,66996.68,66996.66,66996.65,66996.46,67001.03,67001.04,67001.66,67001.67,67001.89,67002.61,67003.13,67003.36,67003.37,67003.38,3.93927,0.00008,0.003,0.00008,0.00308,0.003,0.072,0.24076,0.00009,0.34693,0.65813,0.00016,0.00008,0.01008,0.00008,0.00008,0.00008,0.00024,0.00024,0.02308
74,67020.84,67020.83,67020.4,67020.38,67020.37,67020.36,67020.35,67020.24,67018.56,67018.49,67020.85,67020.86,67021.58,67023.42,67023.43,67023.44,67023.45,67023.47,67024,67024.33,4.22003,0.00008,0.00008,0.00016,0.18034,0.22577,0.00008,0.003,0.003,0.00008,0.65333,0.00048,0.00008,0.00016,0.033,0.10944,0.08983,0.00008,0.0004,0.00029
75,67076.39,67076.38,67075.99,67075.68,67075.15,67075,67074.99,67074.76,67074.7,67074.47,67076.4,67076.41,67077.36,67079.04,67079.16,67079.43,67079.44,67079.98,67079.99,67080,1.15285,0.00008,0.00008,0.00127,0.00008,0.00008,0.00008,0.00008,0.00009,0.00008,3.88184,0.32455,0.003,0.003,0.00031,0.00024,0.13241,0.00016,0.03772,0.16423
76,67124.91,67124.9,67124,67123.99,67123.91,67123.87,67123.86,67123.45,67123.43,67123.4,67124.92,67124.93,67125.27,67125.28,67125.29,67126.08,67126.32,67126.33,67127.74,67127.75,0.75094,0.00016,0.0004,0.00026,0.00089,0.00008,0.00067,0.00164,0.00021,0.00008,2.0984,0.00008,0.00016,0.15509,0.33341,0.003,0.00016,0.14032,0.00008,0.00008
77,67176.24,67176.23,67175.42,67175.32,67175.31,67175,67174.8,67174.39,67174.38,67174.37,67176.25,67176.26,67177.3,67177.51,67177.52,67177.53,67177.55,67178,67178.14,67178.15,2.95354,0.62732,0.05,0.09324,0.13593,0.00008,0.003,0.09151,0.05658,0.00031,0.00183,0.00032,0.00012,0.00008,0.00008,0.00016,0.00009,0.0012,0.00008,0.00008
78,67227.28,67227.27,67226.69,67226.61,67226,67224.86,67224.85,67224.84,67224.83,67224.81,67227.29,67227.3,67228.2,67228.63,67228.64,67228.65,67228.95,67228.96,67229.89,67230.57,1.54273,0.00024,0.00048,0.00008,0.0012,0.129,0.12769,0.00024,0.12866,0.00024,2.08034,0.00008,0.003,0.00016,0.03242,0.00008,0.00016,0.10517,0.003,0.00016
79,67347.19,67347.18,67346.88,67346.24,67346,67345.73,67345.72,67345.23,67345.05,67345.02,67347.2,67347.21,67348.19,67348.51,67348.52,67348.53,67348.57,67348.58,67348.59,67348.62,0.69847,0.00072,0.00009,0.00008,0.0052,0.00739,0.01569,0.00008,0.00009,0.00025,0.91257,0.00008,0.003,0.00016,0.18412,0.26714,0.00032,0.22538,0.00033,0.00016
80,67374.05,67374.04,67374,67373.64,67373.63,67373.62,67373.38,67372.66,67372.64,67372,67374.06,67374.07,67374.19,67374.2,67374.71,67374.72,67374.78,67375.01,67375.18,67375.21,0.5809,0.00056,0.0028,0.00008,0.0061,0.00602,0.00008,0.00008,0.00012,0.0012,2.13815,0.00008,0.00016,0.00015,0.00008,0.00008,0.00009,0.00029,0.00008,0.00008
81,67377.97,67377.96,67376.73,67376.72,67376.64,67376.61,67376.37,67376.12,67376.11,67376,67377.98,67377.99,67378.08,67378.46,67378.47,67378.61,67378.73,67379.02,67379.03,67379.05,0.65082,0.0004,0.00008,0.00016,0.00009,0.0009,0.00008,0.00016,0.10682,0.0012,3.28942,0.00008,0.00008,0.00016,0.1069,0.003,0.00008,0.51774,1.33546,0.00016
82,67328.58,67328.57,67328.42,67328.3,67328.18,67328,67327.7,67327.69,67327.68,67327.31,67328.59,67328.6,67331.04,67331.29,67332.98,67333.86,67333.94,67333.95,67333.97,67333.98,2.12232,0.00008,0.00053,0.00009,0.00031,0.0012,0.00016,0.05016,0.00008,0.00008,0.52361,0.00008,0.00008,0.003,0.003,0.00009,0.00024,0.00008,0.00024,0.00008
83,67347.16,67347.15,67346.88,67346.5,67346,67345.1,67345.09,67345.05,67344.86,67344.81,67347.17,67347.18,67347.5,67347.84,67347.85,67347.9,67347.98,67348.21,67349.13,67349.41,1.42859,0.00016,0.00009,0.00008,0.0012,0.00016,0.10707,0.00009,0.00016,0.0011,0.79308,0.00024,0.00009,0.00008,0.00008,0.00008,0.00026,0.00112,0.00008,0.00008
84,67341.02,67341.01,67340.73,67340.72,67340.62,67340.61,67340.33,67340.32,67340,67339.66,67341.03,67341.04,67341.08,67341.09,67341.1,67341.12,67341.14,67341.21,67341.87,67342.55,0.71869,0.00048,0.00024,0.01196,0.00008,0.00016,0.00016,0.1029,0.0022,0.0001,1.3168,0.00008,0.00016,0.03065,0.02251,0.00008,0.00008,0.00008,0.00008,0.00008
85,67344.47,67344.46,67344.45,67343.84,67343.62,67343.59,67343.22,67343.09,67343.08,67343,67344.48,67344.49,67344.76,67344.81,67345.04,67345.05,67345.22,67345.3,67345.81,67345.89,0.01583,0.00917,0.00217,0.00008,0.00008,0.00104,0.00008,0.00008,0.00008,0.00008,2.32199,0.00008,0.00483,0.003,0.00016,0.00009,0.00008,0.00373,0.00022,0.00008
86,67351.64,67351.63,67351.57,67351.47,67351.46,67351.2,67351.19,67350.41,67350.2,67349.99,67351.65,67351.66,67351.75,67351.84,67351.92,67352,67352.55,67352.56,67353.27,67353.58,4.23805,0.00008,0.003,0.02008,0.05658,0.06463,0.23016,0.00008,0.00008,0.20225,0.00214,0.00072,0.00009,0.00009,0.00008,0.0012,0.00024,0.01469,0.00478,0.00016
87,67341.02,67341.01,67340.01,67340,67339.99,67339.98,67339.64,67339.13,67338.8,67338.35,67341.03,67341.04,67341.12,67341.43,67341.95,67342.01,67342.24,67342.49,67342.5,67342.51,0.01221,0.00056,0.00074,0.0012,0.00008,0.00008,0.00012,0.00239,0.00012,0.00009,5.49032,0.19816,0.00008,0.003,0.04,0.24221,1.76576,2.07738,0.02765,0.7127
88,67317.47,67317.46,67317.43,67317.12,67316.29,67316.01,67316,67315.71,67314.92,67314.91,67317.48,67317.49,67317.59,67317.6,67317.77,67317.85,67317.86,67317.87,67318.07,67318.08,0.0997,0.00072,0.0048,0.00009,0.00484,0.0009,0.0012,0.00099,0.00008,0.00008,1.72337,0.00008,0.00016,0.00008,0.003,0.00016,1.04644,0.1071,0.01518,0.04008
89,67297.43,67297.42,67294.83,67294.82,67294.19,67294.18,67294.08,67294.07,67293.93,67293.66,67297.44,67297.45,67297.49,67297.83,67297.86,67298,67298.01,67298.11,67298.15,67298.31,0.13251,0.01828,0.00008,0.00008,0.00016,0.10284,0.00024,0.00687,0.00008,0.00016,3.00296,0.00008,0.003,0.00008,0.00008,0.0004,0.00008,0.00008,0.00009,0.00008
90,67327.13,67327.12,67326.46,67325.72,67325.4,67325.39,67324.98,67324.95,67324.94,67324.86,67327.14,67327.15,67327.6,67327.68,67328,67328.3,67328.46,67328.84,67328.86,67329.18,1.82357,0.00064,0.00008,0.10274,0.00008,0.00008,0.01188,0.00091,0.00227,0.00008,0.63539,0.00024,0.00008,0.00008,0.0012,0.00009,0.00008,0.00024,0.00016,0.00008
91,67310.18,67310.17,67310.01,67310,67309.44,67309.28,67309.1,67308.78,67308.51,67308.5,67310.19,67310.2,67310.22,67310.23,67310.88,67310.89,67311.01,67311.49,67311.71,67312.1,0.4095,0.00072,0.00016,0.0012,0.0024,0.0009,0.01188,0.00023,0.00008,0.00024,3.5268,0.00008,0.00016,0.10276,0.00024,0.24113,0.003,0.01196,0.00008,0.00016
92,67247.68,67247.67,67247.66,67247.65,67247.04,67246.8,67246.55,67246.54,67246.3,67246.27,67247.69,67247.7,67247.73,67248.12,67248.78,67248.79,67249.19,67249.2,67249.38,67249.78,1.67376,0.03425,0.00603,0.00603,0.00008,0.00008,0.00256,0.10292,0.00478,0.00008,1.76567,0.00016,0.00008,0.00008,0.00016,0.01198,0.00016,0.10284,0.00008,0.00016
93,67256.29,67256.28,67256.09,67256,67255.45,67255.42,67254.7,67254.6,67254.19,67254.02,67256.3,67256.31,67256.57,67256.83,67256.84,67256.86,67256.93,67257.05,67257.06,67257.12,0.07625,0.00207,0.00008,0.00376,0.0009,0.00008,0.00008,0.00009,0.00008,0.00008,4.26502,0.02389,0.00818,0.1359,0.01137,0.01523,0.003,0.37186,0.00897,0.00008
94,67240.32,67240.31,67240.17,67240.03,67240.01,67240,67239.98,67239.97,67239.79,67239.34,67240.33,67240.34,67240.67,67242.01,67242.02,67242.41,67242.42,67242.75,67242.76,67242.82,1.764,0.02645,0.00011,0.003,0.00016,0.01344,0.00016,0.10305,0.00431,0.00008,0.01129,0.00064,0.00008,0.00016,0.00008,0.00016,0.03008,0.00016,0.12212,0.00008
95,67194.88,67194.87,67194.19,67193.77,67193.28,67192.67,67191.83,67191.8,67191.51,67191.5,67194.89,67194.9,67194.94,67194.95,67194.96,67195.88,67196,67196.38,67196.44,67196.64,1.86831,0.00008,0.00027,0.00008,0.00008,0.00008,0.00604,0.00603,0.00008,0.00016,0.96593,0.0508,0.00024,0.05016,0.00106,0.0003,0.0004,0.00241,0.00008,0.00308
96,67062.59,67062.58,67062.24,67061.07,67061.06,67060.97,67060.96,67060.56,67060.44,67060.43,67062.6,67062.61,67063.45,67063.46,67063.65,67063.99,67064,67064.03,67064.06,67064.14,3.04425,0.00008,0.00308,0.00016,0.24634,0.00052,0.01547,0.003,0.00016,0.05642,0.06137,0.0004,0.00008,0.00008,0.00009,0.00024,0.01248,0.00008,0.00008,0.00008
97,67028.64,67028.63,67028.16,67028.15,67026.96,67025.29,67025.28,67024.84,67024.83,67024.45,67028.65,67028.66,67028.7,67028.86,67028.96,67029.51,67030.31,67030.32,67030.61,67031.46,1.35022,0.00008,0.00024,0.00812,0.00009,0.00024,0.00827,0.00024,0.01525,0.01491,2.73264,0.00008,0.05024,0.05008,0.49255,0.05016,0.00043,0.003,0.05008,0.00008
98,67027,67026.99,67026.96,67026.95,67026.89,67026.88,67026.34,67026.33,67026.22,67026,67027.01,67027.02,67027.03,67027.85,67027.86,67027.87,67027.88,67028.22,67028.23,67028.37,2.51539,0.00116,0.00078,0.05123,0.00016,0.0565,0.00915,0.00137,0.00008,0.0004,0.30251,0.00048,0.00008,0.00008,0.00008,0.00008,0.00008,0.00016,0.00008,0.00008
99,67031.81,67031.8,67030.56,67030.28,67030.27,67030.24,67029.84,67029.83,67029.71,67029.7,67031.82,67031.83,67031.88,67032,67032.62,67033.49,67033.5,67033.56,67033.57,67033.58,2.41116,0.00008,0.00055,0.00016,0.01202,0.00008,0.00016,0.12901,0.00016,0.01488,1.32185,0.00024,0.00198,0.00428,0.00008,0.00016,0.00009,0.00024,0.22216,0.00016
100,67010,67009.99,67009.6,67008.52,67008.51,67008.48,67008.22,67008.21,67008.13,67008,67010.01,67010.02,67010.16,67010.38,67010.39,67010.4,67010.41,67010.51,67010.52,67010.66,5.42598,0.00024,0.00009,0.00016,0.00083,0.00008,0.00016,0.49287,0.00008,0.0012,3.34932,0.00057,0.003,0.00016,2.08902,3.49417,0.38678,0.00008,0.05016,0.00008
101,66998.54,66998.53,66998.4,66996.91,66996.9,66996.73,66995.64,66995.63,66995.62,66995.06,66998.55,66998.56,66998.76,66999.34,66999.4,66999.68,66999.87,66999.97,66999.98,66999.99,3.12955,0.00008,0.00008,0.00016,0.01202,0.00008,0.00016,0.04315,0.12908,0.00026,0.79991,0.00048,0.00109,0.00008,0.00008,0.00018,0.00012,0.00024,2.68831,3.10689
102,67007.24,67007.23,67005.62,67005.61,67005.12,67005.1,67002.36,67001.76,67000.4,67000.39,67007.25,67007.26,67007.42,67007.5,67007.52,67007.53,67007.54,67007.57,67007.58,67007.59,1.77448,0.00008,0.00016,0.05016,0.00008,0.00008,0.00031,0.00308,0.26094,0.37496,1.86432,0.00016,0.01497,0.00008,0.00024,0.19192,0.00016,0.00008,0.00024,0.09416
103,67007.24,67007.23,67005.62,67005.61,67005.12,67005.1,67002.36,67001.76,67000.54,67000.44,67007.25,67007.26,67007.41,67007.42,67007.5,67007.52,67007.53,67007.57,67007.58,67007.59,1.81162,0.00008,0.00016,0.05024,0.00008,0.00008,0.00031,0.00308,0.0015,0.1729,1.64784,0.00024,0.00024,0.01505,0.00008,0.00024,0.192,0.00008,0.00024,0.09416
104,66940,66939.99,66939.91,66939.77,66939.7,66939.17,66939.16,66938,66937.92,66937.74,66940.01,66940.16,66940.53,66940.54,66940.6,66940.61,66941.28,66941.29,66941.65,66941.66,0.64142,0.00196,0.00014,0.00008,0.00118,0.00008,0.00622,0.0012,0.00008,0.00245,5.17563,1.24671,0.33873,3.67669,0.00022,0.00008,0.00308,0.14639,0.00022,0.00054
105,66946.8,66946.79,66946.75,66946.71,66946.7,66946.32,66945.32,66944.64,66943.48,66943.47,66946.81,66946.82,66947.88,66948,66948.02,66948.08,66948.32,66948.48,66948.74,66949.21,5.57735,0.00008,0.05,0.58412,1.27172,0.003,0.01493,0.00308,0.57032,0.00008,0.00141,0.00008,0.00008,0.00088,0.00008,0.00008,0.00024,0.00012,0.00024,0.00367
106,66928.68,66928.67,66928.66,66928.34,66928.33,66927.84,66927.71,66927.34,66927.33,66927.32,66928.69,66928.7,66929.08,66929.09,66929.47,66929.53,66929.65,66929.71,66929.99,66930,3.36534,0.00872,0.00706,0.00016,0.01474,0.00308,0.00008,0.00016,0.10675,0.35707,0.47438,0.0004,0.00024,0.05,0.00008,0.00008,0.00009,0.00008,0.00024,0.05461
107,66928.68,66928.67,66928.66,66928.34,66928.33,66927.84,66927.71,66927.34,66927.33,66927.32,66928.69,66928.7,66929.08,66929.09,66929.47,66929.53,66929.65,66929.71,66929.99,66930,3.23835,0.00872,0.00706,0.00016,0.01474,0.00308,0.00008,0.00016,0.10675,0.35707,0.67308,0.0004,0.00024,0.05,0.00008,0.00008,0.00009,0.00008,0.00024,0.05461
108,66928.68,66928.67,66928.66,66928.34,66928.33,66927.84,66927.75,66927.71,66927.34,66927.33,66928.69,66928.7,66929.08,66929.09,66929.47,66929.53,66929.65,66929.71,66929.99,66930,3.37048,0.00872,0.00831,0.00016,0.01474,0.00308,0.0083,0.00008,0.00016,0.10675,0.47456,0.0004,0.00024,0.05,0.00008,0.00008,0.00009,0.00008,0.00024,0.05461
109,66922.7,66922.69,66922.68,66922,66921.67,66921.12,66920.69,66920.68,66920.32,66920.03,66922.71,66922.72,66922.79,66922.8,66922.81,66922.96,66923.99,66924.2,66924.23,66924.34,0.54283,0.00064,0.00205,0.0012,0.00008,0.00008,0.00024,0.49351,0.00009,0.0009,3.89977,0.00008,2.14387,2.69107,0.34368,3.49711,0.00008,0.00008,0.00899,0.00008
110,66843.75,66843.74,66842.82,66842.16,66842.14,66842.13,66841.99,66841.54,66841.31,66840.84,66843.76,66843.77,66843.79,66843.84,66844,66844.86,66845.33,66845.48,66845.49,66845.9,3.20682,0.00008,0.00009,0.003,0.15758,0.33153,0.14647,0.00008,0.00008,0.0406,0.00535,0.00016,0.00016,0.00008,0.0012,0.00008,0.00246,0.00008,0.00016,0.00009
111,66848.32,66848.31,66847.67,66847.66,66847.65,66847.28,66847.2,66845.52,66843.84,66843.76,66848.33,66848.34,66848.53,66849.25,66849.64,66849.99,66850,66850.27,66850.56,66850.88,2.59849,0.00563,0.00016,0.14854,0.49381,0.00008,0.00308,0.003,0.00308,0.13256,0.89784,0.00032,0.00008,0.00009,0.00031,0.00008,0.00202,0.00028,0.00008,0.00009
112,66843.83,66843.82,66843.81,66843.8,66843.76,66843.75,66843.54,66843.53,66841.6,66841.59,66843.84,66844,66844.23,66844.24,66844.33,66844.59,66844.86,66845.52,66845.54,66845.73,0.63635,0.0008,0.00395,0.05008,0.00016,0.05016,0.00016,0.49384,0.00008,0.00008,2.14913,0.0012,0.06639,0.05,0.13466,0.00008,0.00008,0.003,0.00024,0.00183
113,66742.33,66742.32,66741,66740.99,66740.6,66740.59,66739.68,66739.41,66739.4,66739.39,66742.34,66742.35,66742.36,66742.39,66742.4,66742.72,66742.73,66742.74,66743.04,66743.22,0.94863,0.00064,0.00024,0.13499,0.00024,0.4946,0.00008,0.00024,0.03562,0.11794,3.80398,0.05024,0.00008,0.00016,0.05,0.00016,0.0623,0.0049,0.00008,0.003
114,66746.99,66746.98,66746.4,66744.89,66744.06,66743.24,66743.22,66743.04,66742.98,66742.42,66747,66747.01,66747.93,66747.94,66748,66748.09,66748.81,66749.02,66749.76,66749.9,2.23627,0.0008,0.00008,0.15454,0.11252,0.16427,0.003,0.00008,0.04172,0.00008,20.34813,0.00008,0.00403,0.00028,0.0012,0.00008,0.01063,0.00308,0.00008,0.00896
115,66784.96,66784.95,66784.87,66784.85,66784.71,66784.7,66784.69,66784.56,66784.55,66784.54,66784.97,66784.98,66786.03,66786.11,66786.12,66786.29,66786.72,66787.99,66788,66788.01,1.2365,0.00056,0.00008,0.00008,0.00008,0.00008,0.00024,0.00008,0.00008,0.00008,2.58018,0.00621,0.00008,0.00016,0.13479,0.00008,0.00008,0.00016,0.08204,0.22781
116,66784.96,66784.95,66784.87,66784.85,66784.69,66784.54,66784.29,66784.04,66784.03,66784.02,66784.97,66784.98,66785.07,66785.08,66786.03,66786.72,66787.99,66788,66788.01,66788.04,2.03406,0.0004,0.00008,0.00008,0.00024,0.00008,0.00008,0.00016,0.02208,0.00008,1.77274,0.00637,0.00024,0.13487,0.00008,0.00008,0.00008,0.00008,0.00008,0.00008
117,66784.96,66784.95,66784.87,66784.85,66784.69,66784.54,66784.29,66784.04,66784.03,66784.02,66784.97,66784.98,66785.07,66785.08,66786.03,66786.6,66786.61,66786.62,66786.72,66787.99,2.03406,0.0004,0.00008,0.00008,0.00024,0.00008,0.00008,0.00016,0.02208,0.00008,1.56543,0.00637,0.00008,0.00008,0.00008,0.00016,0.08116,0.13479,0.00008,0.00008
118,66810.15,66810.14,66808.72,66808.56,66808.41,66808.21,66807.77,66807.76,66807.27,66807.26,66810.16,66810.24,66810.41,66811.2,66811.37,66811.38,66811.75,66812,66812.22,66812.4,3.62604,0.01817,0.00831,0.003,0.00008,0.00016,0.99536,0.33023,3.05694,0.00051,0.00109,0.00008,0.00008,0.00009,0.00016,0.00008,0.00008,0.0012,0.00244,0.00009
119,66817.88,66817.87,66817.73,66817.72,66817.13,66816.96,66816.22,66816.16,66816.15,66816.14,66817.89,66817.9,66817.91,66817.92,66817.93,66818.21,66818.33,66818.64,66819.13,66819.23,0.63451,0.0004,0.00024,0.49427,0.00008,0.00008,0.00365,0.00017,0.00024,0.00008,7.22057,0.00008,0.00016,0.12483,0.19816,0.00008,0.00008,0.003,0.00008,0.14671
120,66744.5,66744.49,66743.04,66742.74,66742.45,66742.44,66742.16,66742.03,66741.17,66740.53,66744.51,66744.89,66745.43,66746,66746.08,66746.25,66746.4,66746.56,66746.57,66746.58,1.06888,0.00016,0.00008,0.00008,0.00024,0.49459,0.00008,0.00008,0.00008,0.00039,2.43688,0.003,0.00026,0.0044,0.00008,0.0009,0.00008,0.003,0.00008,0.00012
121,66720.76,66720.75,66720.69,66720.68,66720.67,66720.56,66720.06,66719.99,66719.95,66719.84,66720.77,66720.78,66721.06,66722.88,66723.09,66724.34,66724.35,66724.65,66724.86,66724.87,2.37332,0.00342,0.14337,0.10415,0.00829,0.00022,0.00009,0.00042,0.00008,0.003,0.00282,0.00016,0.00008,0.00008,0.00008,0.00016,0.00606,0.00031,0.00008,0.00008
122,66728.61,66728.6,66728.34,66728.33,66728.32,66728.26,66728.25,66728.19,66728.17,66728.04,66728.62,66728.63,66728.65,66728.76,66729.16,66729.17,66729.32,66729.6,66729.82,66729.99,2.54227,0.00008,0.00016,0.05042,0.10391,0.00016,0.0565,0.003,0.00008,0.01491,0.63938,0.00048,0.00009,0.00008,0.00024,0.70575,0.00008,0.00008,0.00486,0.00008
123,66713.99,66713.98,66713.16,66712.9,66712.89,66712.8,66712.77,66712.76,66712.65,66712.58,66714,66714.01,66714.12,66714.58,66715.25,66715.38,66716,66716.07,66716.12,66716.16,1.83363,0.00008,0.003,0.00016,0.10818,0.00008,0.00016,0.0565,0.00008,0.00008,0.54645,0.00032,0.00029,0.00008,0.00009,0.00008,0.0012,0.00008,0.00488,0.00008
124,66711.4,66711.39,66710.66,66710.02,66710.01,66709.9,66709.58,66709.56,66709.46,66709.44,66711.41,66711.42,66711.43,66712.64,66712.78,66712.79,66712.8,66713.14,66713.15,66713.16,3.13238,0.00008,0.00008,0.00016,0.01505,0.00008,0.00608,0.00608,0.00028,0.00024,1.14418,0.00032,0.00008,0.00008,0.00032,0.00016,0.00016,0.00008,0.00008,0.00008
125,66698.69,66698.68,66698.67,66698.13,66697.83,66696.46,66696.4,66696.39,66696,66695.62,66698.7,66698.71,66698.78,66699.36,66699.54,66699.83,66700,66700.31,66700.32,66700.33,2.768,0.00008,0.0097,0.003,0.00008,0.003,0.00016,0.05642,0.00008,0.00008,0.81115,0.0004,0.00368,0.00008,0.0009,0.00008,0.0012,0.00008,0.00008,0.00032
126,66698.69,66698.68,66698.67,66697.47,66697.46,66697.16,66696,66694.79,66693.97,66693.96,66698.7,66698.71,66698.78,66699.36,66699.54,66699.8,66699.83,66700,66700.01,66700.02,1.66326,0.00032,0.01045,0.00016,0.10371,0.00008,0.00008,0.003,0.00016,0.06466,1.79468,0.00024,0.00368,0.00008,0.0009,0.003,0.00008,0.19343,0.13122,0.00008
127,66743.25,66743.24,66743.07,66743.06,66743.04,66743.03,66742.94,66742.93,66742.9,66742.05,66743.26,66743.27,66744.89,66746.4,66746.56,66747.14,66747.3,66747.41,66747.42,66747.43,0.69224,0.00048,0.00008,0.00008,0.00008,0.00008,0.00008,0.00008,0.00008,0.00009,2.50085,0.00016,0.003,0.00008,0.003,0.00031,0.01206,0.13338,1.299,1.70815
128,66743.25,66743.24,66743.07,66743.06,66743.04,66743.03,66742.94,66742.93,66742.9,66742.05,66743.26,66743.27,66743.69,66743.7,66744.07,66744.57,66744.58,66744.89,66746.28,66746.29,0.04913,0.00048,0.00008,0.00008,0.00008,0.00008,0.00008,0.00008,0.00008,0.00009,2.91942,0.00008,0.15623,0.10799,0.00008,0.00008,0.01206,0.003,0.13854,0.00835
129,66669.58,66669.57,66669.56,66669.17,66669.12,66669.09,66668.47,66668.46,66668.4,66668.39,66669.59,66669.6,66669.74,66670.33,66670.35,66671.4,66671.41,66671.7,66672,66672.32,0.91507,0.00048,0.00024,0.00008,0.00008,0.00016,0.00024,0.10032,0.00127,0.00714,3.5901,0.00008,0.003,0.01529,0.00008,0.00041,0.003,0.01508,0.00845,0.00009
130,66661.61,66661.6,66661.59,66661.53,66661.49,66661.4,66661.25,66660.84,66660.72,66660.6,66661.62,66661.63,66662.4,66663.06,66663.43,66663.67,66663.68,66663.69,66663.95,66663.96,0.00866,0.00048,0.00021,0.00029,0.0001,0.00059,0.0009,0.0049,0.00029,0.00116,5.62103,0.00008,0.00008,0.003,0.00907,1.45732,0.3356,0.06121,0.00829,2.69702
131,66627,66626.99,66626.98,66626.96,66626.95,66626.51,66626.35,66626.34,66626.12,66625.55,66627.01,66627.02,66627.05,66627.06,66627.07,66627.08,66627.11,66627.21,66627.34,66627.67,1.14449,0.00048,0.00335,0.00024,0.05008,0.00008,0.00008,0.0121,0.00008,0.00024,2.13326,0.00008,0.0732,0.14802,0.00024,0.00008,0.00008,0.00246,0.00008,0.00029
132,66646.36,66646.35,66646.31,66646.3,66646.23,66646.02,66646.01,66645.96,66645.65,66645.62,66646.37,66646.38,66646.54,66646.74,66646.77,66646.78,66646.79,66647.66,66647.67,66647.88,0.48593,0.0508,0.00024,0.05032,0.00008,0.00008,0.01208,0.00074,0.49523,0.00024,1.77117,0.00016,0.1039,0.00324,0.14005,0.03008,0.05024,0.00608,0.00608,0.00016
133,66717.57,66717.56,66717.55,66717.26,66717.23,66717.22,66717.17,66717.16,66716.6,66716.16,66717.58,66717.59,66718,66718.17,66718.23,66718.6,66718.8,66719.31,66719.43,66719.45,1.354,0.00056,0.01195,0.00014,0.00008,0.00519,0.00024,0.10818,0.00008,0.00008,2.13857,0.00032,0.0012,0.003,0.0003,0.00009,0.0049,0.00016,0.00008,0.00008
134,66779.38,66779.37,66778.9,66778.72,66778.71,66778.08,66778.07,66778,66777.58,66776.72,66779.39,66779.4,66779.65,66779.96,66779.99,66780,66780.01,66780.18,66780.28,66780.4,0.75338,0.00072,0.00009,0.00024,0.01505,0.00024,0.4944,0.0012,0.00008,0.003,3.19434,0.35284,0.23845,0.003,0.00008,1.13867,1.79812,0.00008,1.70815,0.21851
135,66745.25,66745.24,66745.11,66744.89,66744.5,66744.44,66744,66743.41,66743.26,66743.25,66745.26,66745.27,66745.32,66745.33,66746.4,66747.44,66747.45,66747.46,66747.86,66747.98,1.5891,0.00016,0.00829,0.00092,0.00012,0.00812,0.0012,0.00082,0.00016,0.05658,1.64811,0.00016,0.00008,0.00008,0.00008,0.13165,0.08602,0.0005,0.00008,0.00008
136,66692.9,66692.89,66692.87,66692.78,66692.75,66692.74,66692.64,66692.16,66692,66691.8,66692.91,66692.92,66693.7,66693.8,66694.45,66695.58,66695.59,66695.6,66695.61,66696,1.19486,0.00016,0.00151,0.00009,0.00016,0.01544,0.00008,0.00009,0.0012,0.00009,1.18813,0.00016,0.00051,0.00008,0.00016,0.00016,0.17168,0.13562,0.00016,0.00008
137,66714.89,66714.88,66714.83,66714.47,66713.16,66712.89,66712.88,66712.87,66712.86,66712.84,66714.9,66714.91,66715.11,66715.21,66715.25,66716,66716.16,66716.31,66716.33,66716.34,2.71587,0.00425,0.003,0.00008,0.003,0.00016,0.10167,0.22603,0.02724,0.00016,0.94664,0.00032,0.00366,0.00488,0.00009,0.0012,0.00008,0.00008,0.00024,0.05016
138,66701.35,66701.34,66701.19,66701.18,66700.19,66700.18,66699.91,66699.9,66699.84,66699.36,66701.36,66701.37,66701.44,66701.85,66701.97,66702,66702.08,66702.33,66702.34,66702.5,0.39123,0.00008,0.00008,0.00008,0.00008,0.01208,0.00016,0.01575,0.00008,0.00008,1.94743,0.00008,0.00299,0.00009,0.00008,0.0012,0.00009,0.00008,0.00008,0.00367
139,66730.18,66730.17,66730,66729.86,66729.6,66728.83,66728.82,66728.67,66728.65,66728.29,66730.19,66730.2,66731.26,66731.27,66732.92,66732.93,66732.96,66732.99,66733.2,66733.9,0.04597,0.00239,0.0008,0.00008,0.00008,0.00008,0.01208,0.00048,0.00009,0.00024,3.14389,0.00008,0.10231,0.33894,0.01973,0.00016,0.00008,0.00031,0.003,0.16086
140,66742.41,66742.4,66740.52,66740.43,66740.42,66740.23,66739.83,66739.81,66739.68,66739.59,66742.42,66742.52,66742.54,66742.72,66743,66743.04,66743.05,66743.4,66744,66744.07,1.02497,0.00136,0.00009,0.00024,0.07417,0.00008,0.00008,0.00031,0.00008,0.00008,1.95122,0.00016,0.00016,0.00008,0.00008,0.00008,0.00008,0.00008,0.0004,0.00008
141,66788.06,66788.05,66788,66787.34,66787.33,66786.97,66786.72,66786.7,66786.6,66786.4,66788.07,66788.08,66788.66,66788.67,66788.8,66788.97,66789.97,66790.08,66790.53,66790.54,1.25991,0.00572,0.0008,0.00016,0.01485,0.00008,0.00143,0.00008,0.00371,0.00009,1.7556,0.00032,0.00008,0.00031,0.00008,0.00008,0.00026,0.00008,0.00016,0.17532
142,66775.99,66775.98,66775.94,66775.75,66775.74,66775.72,66775.71,66775.55,66775.54,66775.33,66776,66776.01,66776.48,66776.64,66777.68,66778,66778.84,66778.9,66779.64,66779.74,2.00649,0.00114,0.00008,0.00016,0.06524,0.00079,0.10366,0.00066,0.00008,0.00016,0.72414,0.0004,0.00009,0.00008,0.00008,0.0012,0.003,0.00009,0.0009,0.00024
143,66813.24,66813.23,66813.22,66812.92,66812.91,66812.43,66812.09,66811.85,66811.84,66811.76,66813.25,66813.58,66813.59,66813.6,66813.85,66814,66814.11,66814.12,66814.13,66814.43,1.11967,0.00016,0.00214,0.00008,0.00008,0.00008,0.00071,0.00024,0.01206,0.00008,2.12129,0.175,0.175,0.1784,0.00599,0.0004,0.00028,0.00008,0.00008,0.00008
144,66816.57,66816.56,66816.49,66816.24,66816.23,66816,66815.79,66815.75,66815.54,66815.16,66816.58,66816.96,66818.62,66818.63,66818.64,66818.75,66818.76,66818.87,66819.91,66819.92,0.67799,0.0008,0.00016,0.00024,0.10353,0.0012,0.00008,0.00009,0.00009,0.00024,2.18869,0.00308,0.00748,0.00027,0.003,0.06703,0.22449,0.00008,0.21879,0.00826
145,66800.14,66800.13,66800,66799.98,66799.97,66799.58,66799.57,66799.28,66799,66798.79,66800.15,66800.16,66801.84,66802.22,66802.23,66802.39,66802.6,66802.61,66802.62,66803.52,0.09942,0.00064,0.0004,0.00024,0.01206,0.00024,0.10363,0.00029,0.00009,0.00008,3.68974,0.003,0.003,0.21733,0.35985,0.198,0.14631,0.01496,0.00607,0.00308
146,66804.99,66804.98,66804.34,66804.33,66803.98,66803.97,66803.72,66803.68,66803.52,66803.51,66805,66805.7,66806,66806.24,66806.35,66806.39,66806.88,66807.15,66807.99,66808,1.05157,0.00064,0.00024,0.49429,0.00024,0.05658,0.00008,0.00008,0.00308,0.00008,1.9691,0.00009,0.1762,0.00009,0.0009,0.00008,0.00308,0.00012,0.38352,0.1762
147,66752.4,66752.39,66752.38,66752.37,66752.11,66752.1,66752,66751.89,66751.88,66751.68,66752.41,66752.42,66752.56,66753.12,66753.24,66753.44,66753.45,66753.73,66753.74,66753.95,0.51107,0.00809,0.00008,0.00607,0.00008,0.00017,0.00249,0.00024,0.4946,0.00009,2.22246,0.00008,0.05363,0.00008,0.003,0.0003,0.00008,0.00607,0.00607,0.10333
148,66694.28,66694.27,66694.25,66694.22,66694.21,66694,66693.88,66693.87,66693.39,66693.14,66694.29,66694.3,66694.44,66694.45,66694.46,66694.68,66694.79,66695.14,66695.46,66696,1.31909,0.00088,0.00008,0.00024,0.01497,0.0012,0.00024,0.01544,0.00248,0.00008,3.44652,0.00008,0.08605,0.00008,0.00008,0.12008,0.003,0.00008,0.01132,0.00008
149,66652.86,66652.85,66652.73,66652.72,66652.32,66652,66651.6,66651.59,66651.24,66651.12,66652.87,66653.04,66653.14,66653.15,66653.2,66653.88,66654.71,66655.68,66656.38,66657.8,0.49825,0.00064,0.00032,0.02338,0.00008,0.00008,0.00009,0.00008,0.00008,0.00008,3.77755,0.003,0.03316,0.10818,0.00008,0.00031,0.003,0.00008,0.003,0.06466
150,66703.99,66703.98,66703.97,66703.41,66703.4,66703.39,66703.38,66703.19,66702.72,66701.72,66704,66704.01,66705.2,66705.3,66705.6,66705.61,66705.97,66706,66706.08,66706.2,3.13891,0.00008,0.18163,0.00008,0.40085,0.00008,0.00016,0.00008,0.00008,0.17516,0.61916,0.00032,0.00009,0.00008,0.00008,0.00008,0.0037,0.0012,0.00008,0.00012
151,66646.76,66646.75,66646.67,66646.6,66646.37,66646.36,66646.32,66646.25,66646.19,66646,66646.77,66646.78,66648,66648.01,66648.14,66648.7,66648.96,66649.04,66649.05,66650.07,1.13213,0.01597,0.0006,0.00008,0.0008,0.10313,0.00115,0.00077,0.00091,0.0012,2.45916,0.00008,0.03299,0.10384,0.00016,0.00136,0.00008,0.00608,0.00608,0.00008
152,66631.49,66631.48,66631.33,66630.81,66630.3,66630.29,66630.28,66630.27,66630.26,66629.66,66631.5,66631.51,66631.97,66632,66632.04,66632.16,66632.64,66632.87,66634,66634.16,3.58675,0.00008,0.003,0.00008,0.00016,0.11052,0.22607,0.00032,0.14647,0.003,0.12274,0.00064,0.00008,0.0012,0.003,0.00008,0.00009,0.00091,0.0012,0.00024
153,66666.19,66666.18,66665.76,66665.61,66665.6,66665.59,66665.58,66665.57,66665.52,66665,66666.2,66666.21,66667.36,66667.7,66668,66668.35,66668.63,66668.81,66668.82,66669.12,2.36402,0.00116,0.00008,0.00016,0.28224,0.49516,0.00046,0.3239,0.01535,0.01408,1.29303,0.00016,0.00009,0.00027,0.0012,0.00009,0.00008,0.00008,0.00008,0.00008
154,66679.68,66679.67,66679.64,66679.63,66679.62,66679.2,66679.19,66679.14,66679.05,66678.35,66679.69,66679.73,66679.78,66680.01,66680.4,66681.42,66681.43,66682.56,66682.57,66683.29,5.24552,0.00203,0.12746,0.00022,0.04323,0.00008,0.14639,0.00009,0.04723,0.03008,0.01654,0.00008,0.00008,0.00036,0.00008,0.00008,0.00008,0.00008,0.00008,0.00008
155,66696.86,66696.85,66696.22,66696.21,66696,66695.23,66694.55,66694.54,66694.53,66694.52,66696.87,66696.88,66697.15,66698.13,66698.49,66698.52,66698.53,66698.54,66698.64,66699.36,0.79771,0.00072,0.00024,0.10376,0.00016,0.01208,0.00008,0.00308,0.00008,0.00823,3.58902,0.00008,0.01208,0.003,0.00008,0.03765,0.14639,0.00679,0.00016,0.00008
156,66692.19,66692.18,66692.17,66692.11,66692.1,66692.03,66692,66691.46,66691.45,66691.44,66692.2,66692.21,66692.57,66692.58,66692.59,66692.6,66692.64,66692.74,66693.11,66693.12,1.28229,0.00056,0.00242,0.00024,0.10374,0.00024,0.0004,0.00024,0.02535,0.01509,1.32311,0.00032,0.00008,0.4994,0.00008,0.00008,0.00008,0.00008,0.00008,0.003
157,66669.26,66669.25,66669.12,66668.95,66668.94,66668.86,66668.85,66668.47,66668.46,66668.35,66669.27,66669.28,66669.7,66669.74,66670.35,66670.51,66670.52,66670.53,66671.41,66671.42,0.60607,0.00064,0.00008,0.00008,0.01008,0.00024,0.01208,0.00024,0.08702,0.00009,4.86619,0.00008,0.00008,0.003,0.00008,0.17932,0.51808,0.05371,0.003,0.00024
158,66679.52,66679.51,66679.26,66679.25,66679.23,66679.22,66679.2,66679.19,66678.53,66678.52,66679.53,66680.35,66680.4,66681.43,66681.48,66681.76,66682.22,66682.3,66682.56,66683.09,1.01151,0.00064,0.00008,0.00008,0.00024,0.10388,0.00032,0.01489,0.0005,0.00008,2.61761,0.10388,0.00008,0.003,0.012,0.00016,0.00008,0.00008,0.00008,0.00008
159,66695.15,66695.14,66695.13,66694.96,66694.95,66693.45,66692.96,66692.95,66692.64,66692.15,66695.16,66696,66696.46,66696.48,66696.6,66696.61,66697.17,66697.46,66697.69,66697.7,0.07867,0.01158,0.01067,0.00008,0.00008,0.012,0.00024,0.09016,0.00008,0.00091,3.45587,0.00008,0.003,0.00008,0.19919,0.48059,0.00008,0.00016,0.00749,0.14655
160,66707.35,66707.34,66707.18,66706.86,66706.55,66706.5,66706.42,66706.41,66706.09,66706.08,66707.36,66708.15,66709.44,66709.45,66709.82,66710.56,66710.57,66710.58,66711.1,66711.24,0.20422,0.00072,0.00131,0.00008,0.00008,0.00008,0.00033,0.02643,0.00008,0.00008,3.65305,0.003,0.10086,0.33471,0.003,0.11328,0.2482,0.00032,0.00022,0.00008
161,66686.66,66686.65,66686.44,66686.27,66686.26,66686.25,66686.23,66686.22,66686.2,66686.19,66686.67,66686.79,66687.2,66687.99,66688,66688.44,66688.45,66688.97,66689.28,66689.68,1.39802,0.00024,0.003,0.00024,0.12386,0.10392,0.00016,0.05658,0.00008,0.00842,1.09873,0.00489,0.00009,0.00025,0.0012,0.00008,0.00009,0.00576,0.00008,0.00008
162,66800.48,66800.47,66800.16,66800,66799.7,66798.33,66797.44,66797.05,66796.85,66796.8,66800.49,66800.5,66800.67,66801.28,66802,66802.35,66802.7,66803.52,66803.6,66804,7.60359,0.00008,0.00008,0.003,0.00008,0.003,0.00008,0.10586,0.00008,0.00008,0.74821,0.00032,0.0001,0.00009,0.0012,0.00009,0.003,0.00008,0.0006,0.0012
163,66800.5,66800.49,66800.48,66800.33,66800.16,66800,66799.7,66798.33,66797.44,66797.13,66800.51,66800.52,66800.67,66801.03,66801.28,66802,66802.35,66802.37,66802.7,66803.52,10.88829,0.00016,0.5666,0.20983,0.00008,0.17808,0.00008,0.003,0.00008,0.00832,0.00258,0.00016,0.0001,0.00008,0.00009,0.0012,0.00009,0.00008,0.003,0.00008
164,66769.62,66769.61,66769.54,66769.47,66769.29,66769.28,66768.87,66768.86,66768.85,66768.2,66769.63,66769.64,66769.92,66769.94,66769.99,66770,66770.01,66770.22,66770.42,66770.87,0.07557,0.00139,0.0014,0.00049,0.00024,0.02008,0.00008,0.00374,0.00009,0.00008,3.34613,0.00008,0.00008,0.003,0.15464,0.14639,0.19808,0.05363,0.00842,0.00008
165,66737.56,66737.55,66737.53,66737.52,66736.8,66736.32,66736,66735.35,66735.12,66735.11,66737.57,66738.08,66738.09,66738.1,66738.21,66738.7,66739.68,66739.72,66739.73,66739.88,0.51558,0.00109,0.00024,0.01492,0.00009,0.00008,0.0012,0.00009,0.00008,0.01093,3.4868,0.18762,0.14631,0.27918,0.003,0.00008,0.00008,0.00015,0.175,0.178
166,66737.56,66737.55,66737.53,66737.52,66737.37,66736.8,66736.32,66736.06,66736.03,66736,66737.57,66738.08,66738.09,66738.1,66738.21,66738.7,66739.68,66739.72,66739.73,66739.88,0.79471,0.00094,0.00024,0.01492,0.00008,0.00009,0.00008,0.00251,0.00008,0.0012,3.61659,0.36262,0.32131,0.27872,0.003,0.00008,0.00008,0.00015,0.175,0.003
167,66737.56,66737.55,66737.53,66737.52,66737.37,66736.8,66736.32,66736.06,66736.03,66736,66737.57,66738.07,66738.08,66738.09,66738.1,66738.21,66738.7,66739.68,66739.72,66739.73,0.83578,0.00094,0.00024,0.01492,0.00008,0.00009,0.00008,0.00251,0.00008,0.0012,3.60098,0.00016,0.36278,0.32147,0.27872,0.003,0.00008,0.00008,0.00031,0.175
168,66853.36,66853.35,66853.34,66853.14,66852.65,66852.6,66852.22,66852.09,66852,66851.97,66853.37,66853.38,66853.92,66854.89,66854.9,66855.59,66855.6,66856.38,66857.28,66857.29,0.05599,0.00131,0.00291,0.0009,0.00008,0.00009,0.00008,0.00008,0.0012,0.00008,2.46798,0.00008,0.00308,0.10227,0.10788,0.00747,0.23463,0.00008,0.00316,0.00008
169,66853.36,66853.35,66853.34,66853.14,66852.65,66852.6,66852.22,66852.09,66852,66851.97,66853.37,66853.38,66853.92,66854.89,66854.9,66855.58,66855.59,66855.6,66856.38,66857.28,0.05638,0.00131,0.00134,0.0009,0.00008,0.00009,0.00008,0.00008,0.0012,0.00008,2.46682,0.00008,0.00308,0.16257,0.10796,0.23059,0.00755,0.23463,0.00008,0.00316
170,66875.09,66875.08,66875.07,66875.01,66875,66874.99,66874.7,66874.69,66874.09,66874.08,66875.1,66875.11,66875.24,66875.68,66876,66876.05,66876.09,66876.92,66877.2,66877.28,2.04405,0.00114,0.03044,0.00016,0.33148,0.10356,0.00016,0.05666,0.00008,0.00308,0.71435,0.0004,0.00196,0.00009,0.0012,0.00009,0.00008,0.00009,0.00494,0.00012
171,66894.21,66894.2,66893.68,66892.67,66892.66,66892.57,66892.56,66892.44,66892.2,66892.19,66894.22,66894.39,66894.73,66895.13,66895.14,66895.47,66895.52,66896,66896.15,66896.18,1.73942,0.04334,0.00008,0.00016,0.11034,0.00016,0.10651,0.01503,0.00016,0.0565,0.5661,0.0021,0.00011,0.00024,0.01225,0.00248,0.00009,0.00178,0.00009,0.00016
172,66894.21,66894.2,66893.68,66892.67,66892.66,66892.56,66892.45,66892.44,66891.22,66890.89,66894.22,66894.39,66894.73,66895.13,66895.14,66895.47,66895.52,66895.92,66896,66896.15,1.73858,0.01228,0.00008,0.00027,0.11012,0.00008,0.00016,0.01503,0.00008,0.00755,1.62602,0.0021,0.00011,0.00024,0.01225,0.00248,0.00009,0.003,0.00178,0.00009
173,66885.39,66885.38,66885.22,66885.21,66885.2,66884.66,66884.65,66884.51,66884.5,66884.17,66885.4,66885.41,66887.19,66887.2,66887.5,66887.51,66887.52,66887.59,66887.6,66888.53,1.40375,0.00355,0.00024,0.01472,0.00012,0.00024,0.10367,0.00008,0.00008,0.00008,1.30132,0.00008,0.00016,0.01204,0.00016,0.21756,0.00008,0.00016,0.10343,0.00008
174,66985.37,66985.36,66985.35,66985.34,66985.25,66984.96,66984.8,66984.72,66984.67,66984.05,66985.38,66988.32,66989.25,66990.6,66990.61,66990.62,66990.74,66990.75,66990.76,66991.06,1.98844,0.00008,0.00016,0.50348,0.00015,0.00308,0.00009,0.00008,0.00125,0.00016,0.47175,0.23854,0.00031,0.23391,0.433,0.00016,0.00008,0.00008,0.00016,0.00027
175,67005.72,67005.71,67005.7,67005.12,67004.02,67003.47,67003.46,67003.45,67003.44,67002.42,67005.73,67005.74,67005.89,67006,67006.5,67006.7,67006.78,67006.81,67007.09,67007.36,2.45726,0.19242,0.28316,0.17808,0.015,0.23128,0.19091,0.00008,0.00308,0.00008,0.00055,0.00008,0.00027,0.0012,0.00009,0.00009,0.00008,0.00008,0.0009,0.00014
176,67003.87,67003.86,67003.85,67003.81,67003.8,67003.44,67001.96,67001.95,67001.76,67001.73,67003.88,67003.89,67003.98,67004,67004.63,67004.64,67004.77,67005.12,67005.85,67005.86,0.22928,0.00096,0.05016,0.00024,0.05008,0.00008,0.00024,0.10757,0.00008,0.01194,1.91655,0.00016,0.00008,0.0012,0.00016,0.00009,0.00008,0.00308,0.1207,0.19976
177,67003.87,67003.86,67003.85,67003.81,67003.8,67003.44,67001.96,67001.95,67001.76,67001.73,67003.88,67003.89,67003.98,67004,67004.63,67004.64,67004.77,67005.12,67005.84,67005.85,0.2292,0.00088,0.05016,0.00024,0.05008,0.00008,0.00024,0.10773,0.00008,0.01194,1.91671,0.00016,0.00008,0.0012,0.00016,0.00009,0.00008,0.00308,0.19775,0.12078
178,66944,66943.99,66943.05,66942.96,66942.62,66942.45,66942.08,66942,66941.49,66941.48,66944.01,66944.02,66944.14,66944.16,66944.64,66947.29,66947.3,66947.31,66947.32,66947.38,1.80346,0.00008,0.00009,0.003,0.00498,0.00008,0.00754,0.0012,0.00016,0.05064,0.55621,0.00008,0.00359,0.0003,0.00008,0.23281,0.21875,0.00024,0.00008,0.00016
179,66944,66943.99,66943.23,66943.12,66943.05,66942.96,66942.62,66942.45,66942.32,66942.26,66944.01,66944.02,66944.44,66944.45,66944.64,66947.52,66947.56,66947.64,66947.65,66947.85,2.84534,0.00344,0.0015,0.00008,0.00096,0.003,0.00498,0.00008,0.0156,0.02008,0.00244,0.00056,0.00182,0.00008,0.00008,0.0034,0.00008,0.00008,0.00008,0.00008
180,66962.94,66962.93,66961.93,66961.92,66961.91,66961.88,66961.44,66960.3,66960.18,66960.17,66962.95,66962.96,66963.12,66963.15,66964,66964.56,66964.73,66964.74,66964.75,66964.8,1.1621,0.00024,0.00008,0.00024,0.02027,0.00008,0.00008,0.00026,0.00024,0.12092,2.25519,0.00016,0.003,0.00009,0.0012,0.00008,0.00016,0.07169,0.17908,0.00308
181,66987.5,66987.49,66987.02,66986.68,66985.01,66985,66984.99,66984.98,66984.97,66984.96,66987.51,66987.52,66987.88,66987.89,66988,66988.01,66988.32,66988.39,66988.68,66988.86,1.62049,0.00093,0.00008,0.00008,0.24764,0.16862,0.0077,0.16901,0.00016,0.00316,0.39144,0.00064,0.00008,0.00008,0.0012,0.00008,0.00008,0.00008,0.00008,0.00012
182,66990.35,66990.34,66988.33,66988.32,66988.31,66987.5,66987.2,66987.19,66986.68,66986.64,66990.36,66990.37,66991.68,66991.8,66992,66992.07,66992.15,66992.18,66992.2,66992.86,1.25797,0.00141,0.00016,0.20207,0.10391,0.00145,0.00008,0.01498,0.00008,0.003,0.91542,0.00008,0.00308,0.00023,0.0012,0.00008,0.00008,0.18096,0.00008,0.00009
183,66990.35,66990.34,66990,66989.74,66989.67,66989.66,66989.34,66988.36,66988.35,66988.32,66990.36,66990.37,66991.22,66991.23,66991.24,66991.68,66991.8,66991.82,66991.83,66992,1.87261,0.00093,0.003,0.01194,0.00016,0.00008,0.10322,0.00016,0.19877,0.00324,0.13158,0.00056,0.00016,0.00008,0.00008,0.00008,0.00023,0.00008,0.00008,0.0012
184,67030.86,67030.85,67030.32,67030.29,67030.18,67030.16,67029.6,67029.59,67029.55,67029.54,67030.87,67030.88,67032,67033.03,67033.23,67033.78,67034.48,67034.49,67034.5,67035.35,2.60453,0.00008,0.003,0.00024,0.15349,0.17842,0.36778,0.14647,0.19808,0.51635,0.00072,0.00024,0.00008,0.00008,0.00015,0.00009,0.00008,0.00008,0.00008,0.00025
185,66982.04,66982.03,66982,66981.8,66981.79,66981.6,66981.34,66981.14,66981.13,66981.1,66982.05,66982.06,66982.33,66982.34,66982.35,66983.28,66983.32,66984.83,66984.84,66984.85,0.55317,0.00064,0.0012,0.00008,0.00008,0.00008,0.00251,0.00024,0.02272,0.00376,2.92022,0.00008,0.00016,0.08228,0.04008,0.003,0.00008,0.00754,0.00754,0.00008
186,66980.88,66980.87,66980.56,66980.46,66980.45,66980.29,66980.28,66980.18,66980,66979.92,66980.89,66980.9,66981.6,66982.05,66982.06,66982.44,66982.45,66982.46,66982.65,66983.21,1.83488,0.00024,0.00008,0.00016,0.12513,0.0009,0.00054,0.00112,0.0012,0.00378,0.78422,0.0004,0.00008,0.00008,0.01202,0.00016,0.03139,0.10332,0.00008,0.00008
187,66960.17,66960.16,66959.76,66958.39,66958.38,66958.08,66956.91,66956.87,66956.4,66955.06,66960.18,66960.19,66960.2,66961.44,66961.59,66961.83,66961.84,66961.87,66961.94,66962,2.26524,0.00008,0.003,0.00016,0.07671,0.00308,0.15895,0.00008,0.003,0.13486,0.29753,0.00048,0.0009,0.00008,0.00026,0.00024,0.02008,0.00008,0.00012,0.0012
188,66984.91,66984.9,66984.8,66984.12,66984.11,66984.1,66984,66983.72,66983.71,66983.68,66984.92,66984.93,66984.96,66985.14,66985.15,66985.39,66986.62,66986.63,66986.64,66986.67,0.1165,0.00072,0.00009,0.00008,0.01202,0.00026,0.00136,0.00016,0.10327,0.00008,1.77867,0.00008,0.003,0.00016,0.10343,0.00008,0.16294,0.16374,0.003,0.00008
189,67034.01,67034,67033.99,67033.68,67033.44,67033.43,67032.92,67032.28,67032.27,67032.26,67034.02,67034.03,67034.33,67034.4,67034.92,67035.36,67035.59,67036,67036.12,67036.85,1.93658,0.00846,0.00205,0.003,0.00192,0.00129,0.00008,0.16332,0.16434,0.00016,0.00322,0.00008,0.00374,0.00009,0.00008,0.00008,0.00008,0.00128,0.00258,0.00017
190,67007.99,67006.8,67005.68,67005.67,67005.15,67005.14,67005.13,67005.12,67005.11,67005,67008,67008.01,67008.42,67008.48,67009.19,67009.2,67009.21,67009.46,67009.58,67009.59,2.6569,0.003,0.21427,0.00008,0.00008,0.00008,0.00075,0.01131,0.00629,0.00008,0.00347,0.00064,0.00016,0.00008,0.00374,0.00008,0.01202,0.00008,0.00032,0.00032
191,67005.15,67005.14,67005.12,67005.1,67004.6,67004.59,67004.46,67004.45,67004.11,67004.01,67005.16,67005.17,67005.21,67005.22,67006.1,67006.11,67007.41,67007.42,67007.43,67007.48,1.64707,0.00768,0.00056,0.00008,0.00016,0.10342,0.00016,0.49265,0.00008,0.00026,0.47751,0.00016,0.00008,0.01202,0.00028,0.00008,0.00016,0.14425,0.00024,0.00008
192,67003.97,67003.96,67003.29,67002.9,67002.88,67002.87,67002.77,67001.76,67001.08,67000.09,67003.98,67003.99,67004,67004.62,67004.64,67004.83,67005.11,67005.12,67005.13,67005.31,2.27479,0.00653,0.01194,0.00015,0.00016,0.10349,0.00008,0.00316,0.00008,0.00746,0.31357,0.10397,0.0012,0.00008,0.00009,0.00016,0.00008,0.00008,0.0051,0.00008
193,67049.99,67049.98,67048.8,67048.79,67047.45,67047.44,67047.43,67047.12,67045.54,67045.53,67050,67050.01,67050.25,67051.04,67051.05,67051.06,67051.68,67051.74,67051.75,67052,2.63686,0.02717,0.00308,0.00016,0.20234,0.14639,0.06057,0.003,0.14045,0.13041,0.0032,0.00064,0.00009,0.00008,0.00032,0.15463,0.00008,0.00008,0.00008,0.00144
194,67081.69,67081.68,67081.67,67080.91,67080.72,67080.51,67080.4,67080.39,67079.15,67079.11,67081.7,67081.71,67081.74,67082,67082.4,67083.14,67083.44,67083.75,67084,67084.2,2.34977,0.00008,0.00008,0.00008,0.003,0.00008,0.00016,0.21436,0.00008,0.00016,0.24419,0.00064,0.00012,0.0012,0.00016,0.00008,0.00016,0.00017,0.00129,0.00008
195,67064.43,67064.42,67064.16,67064,67063.71,67063.68,67063.65,67063.6,67062.91,67062.9,67064.44,67064.45,67065.6,67067.28,67068.96,67069.12,67069.13,67069.49,67069.5,67069.51,1.58977,0.00064,0.00009,0.0012,0.00029,0.00008,0.00009,0.00379,0.00008,0.00008,1.94006,0.14663,0.00308,0.003,0.00308,0.1652,0.04008,0.22803,0.18208,0.44798
196,67057.53,67057.52,67057.42,67057.41,67057.04,67056.95,67056.94,67056.53,67056.38,67056,67057.54,67057.55,67057.56,67058.88,67058.89,67058.9,67059.05,67059.38,67059.99,67060.51,1.22397,0.00024,0.00016,0.11178,0.00008,0.00009,0.00067,0.00008,0.00008,0.0012,0.93563,0.00064,0.00024,0.00008,0.00008,0.00173,0.00008,0.00024,0.00121,0.00008
197,67068.37,67068.36,67066.69,67065.61,67065.6,67064.54,67063.92,67063.45,67062.25,67062.24,67068.38,67068.39,67068.52,67068.53,67068.69,67068.7,67068.8,67068.81,67068.82,67068.85,3.21817,0.00008,0.00016,0.00753,0.00308,0.14723,0.003,0.00008,0.20207,0.13615,0.19356,0.00064,0.00008,0.00903,0.003,0.00008,0.00008,0.00016,0.00008,0.00008
198,67030.23,67030.22,67030.21,67030.2,67028.64,67028.56,67028.23,67026.96,67026.8,67026.79,67030.24,67030.25,67031.85,67031.86,67031.87,67031.88,67031.89,67031.9,67031.91,67031.92,2.11332,0.49286,0.00024,0.1109,0.00308,0.00066,0.00008,0.003,0.00023,0.02324,0.91796,0.00072,0.00016,0.13011,0.14235,0.00016,0.14426,0.00008,0.00008,0.00008
199,67007.46,67007.45,67007.34,67007.33,67007.01,67007,67006.79,67005.96,67005.16,67005.15,67007.47,67007.48,67007.52,67007.96,67007.97,67007.98,67007.99,67008,67008.48,67009.04,2.03657,0.00008,0.00016,0.05008,0.00016,0.49271,0.00008,0.01202,0.00016,0.10762,0.35095,0.00056,0.00008,0.00024,0.12843,1.19628,0.00016,0.01015,0.00008,0.00016
200,67030.92,67030.91,67030.9,67030.89,67030.61,67030.57,67030.56,67030.32,67030.24,67028.97,67030.93,67030.94,67031.8,67032,67032.24,67032.62,67032.91,67033.34,67033.5,67033.52,2.49462,0.00032,0.01591,0.0008,0.00834,0.00016,0.01499,0.003,0.00008,0.16572,0.12247,0.00072,0.00008,0.00128,0.00008,0.00016,0.00008,0.003,0.00009,0.0001
201,67007.16,67007.15,67007.14,67007.08,67006.88,67006.71,67006.7,67006,67005.45,67005.44,67007.17,67007.18,67007.51,67007.53,67007.54,67008.01,67008.02,67008.06,67008.08,67008.09,0.00167,0.00072,0.00499,0.0009,0.00008,0.00008,0.00009,0.0012,0.00008,0.00008,3.30644,0.00008,1.3456,0.27832,0.22532,0.17508,0.00008,0.01127,0.22577,0.00008
202,67029.99,67029.98,67029.79,67029.78,67029.32,67029.31,67029.3,67028.9,67028.66,67028.65,67030,67030.01,67030.15,67030.23,67030.32,67030.51,67030.9,67031.45,67031.46,67031.47,0.38774,0.0004,0.00067,0.01918,0.00476,0.00008,0.00825,0.00008,0.00024,0.10343,1.28548,0.00056,0.00009,0.00008,0.003,0.00008,0.00008,0.00016,0.18147,0.1315
203,66984.66,66984.65,66984.01,66984,66983.55,66983.3,66983.25,66983.04,66982.92,66982.91,66984.67,66984.95,66984.96,66985.4,66985.47,66986,66986.03,66986.04,66986.16,66986.18,0.00611,0.00848,0.00008,0.00198,0.00382,0.00008,0.00009,0.00039,0.00008,0.00008,11.56556,0.0003,0.00308,0.00008,0.00008,1.98973,0.10338,0.00009,0.078,0.066
204,66965.89,66965.88,66965.58,66964.81,66964.8,66964.79,66964.68,66964.65,66964.64,66964.63,66965.9,66965.91,66966.36,66966.41,66966.42,66966.43,66966.44,66966.56,66966.57,66968.15,2.36723,0.00008,0.00009,0.00016,0.49641,0.27508,0.01501,0.00008,0.02588,0.00129,0.61515,0.00048,0.00008,0.00008,0.00008,0.00008,0.00008,0.00008,0.00008,0.18541
205,66983.03,66983.02,66982.61,66982.6,66982.55,66982.45,66982.4,66982.35,66982.3,66981.99,66983.04,66983.05,66983.22,66983.25,66983.26,66984,66984.58,66984.65,66984.66,66984.71,2.39468,0.01043,0.00016,0.05008,0.05,0.00008,0.00008,0.00008,0.00008,0.00008,0.1472,0.00072,0.00008,0.00009,0.00008,0.0012,0.00008,0.00024,0.31971,0.00008
206,67035.36,67035.35,67035.34,67035.14,67034.51,67034.41,67034.4,67034.26,67034,67033.99,67035.37,67035.38,67036.9,67036.91,67036.92,67036.93,67036.94,67036.95,67037.18,67037.52,1.50725,0.00199,0.10753,0.01499,0.00822,0.00016,0.00017,0.00115,0.00248,0.00016,1.07488,0.00056,0.13961,0.12434,0.00008,0.00016,0.00016,0.00008,0.00008,0.00008
207,67017.5,67017.49,67017.39,67017.19,67017.18,67017.09,67017.06,67017.05,67016.75,67016,67017.51,67017.52,67018.56,67019.82,67020.24,67020.48,67020.49,67020.5,67021.32,67021.33,0.78083,0.00064,0.00153,0.00016,0.49264,0.00078,0.00008,0.00261,0.00009,0.00128,3.07598,0.00016,0.00308,0.00008,0.003,0.00016,1.118,0.04006,0.00038,3.57958
208,67074.31,67074.3,67074.29,67074.12,67073.96,67073.95,67073.7,67073.28,67073.27,67073.19,67074.32,67074.33,67075.68,67075.77,67075.78,67075.79,67075.81,67077.21,67077.22,67077.23,0.58444,0.0008,0.00226,0.0009,0.00024,0.06116,0.00009,0.00024,0.04221,0.00008,1.23897,0.00008,0.00308,0.00016,0.03445,0.11438,0.00016,0.00016,0.67015,0.11462
209,67035.46,67035.45,67035.36,67034.76,67034.75,67034.4,67034.13,67034.12,67034.05,67034,67035.47,67035.48,67035.91,67035.92,67036.13,67036.14,67036.26,67036.84,67037.06,67038.01,1.19148,0.00024,0.00016,0.00008,0.00008,0.00009,0.00016,0.14636,0.00028,0.0012,1.42065,0.00008,0.00016,0.07018,0.00025,0.00008,0.00008,0.00008,0.00008,0.00008
210,67030.15,67030.14,67030,67029.44,67028.94,67028.65,67028.64,67028.63,67028,67027.42,67030.16,67030.17,67030.32,67030.33,67030.41,67030.77,67030.78,67030.9,67031.74,67031.9,0.00174,0.0004,0.0012,0.00009,0.00008,0.00008,0.00032,0.00008,0.0012,0.00061,4.94889,0.00008,0.003,0.00008,0.13447,0.53208,0.19832,0.00008,0.00008,0.00008
211,67012.42,67012.41,67011.87,67011.86,67011.84,67010.6,67010.59,67010.58,67010.17,67010.16,67012.43,67012.44,67012.49,67012.5,67012.51,67014.13,67014.14,67014.15,67014.16,67014.17,2.06591,0.00008,0.00016,0.49268,0.00308,0.00762,0.00016,0.0846,0.00008,0.003,0.17721,0.00056,0.00008,0.00008,0.00008,0.12513,0.12462,0.1261,0.12168,0.00008
212,67035.35,67035.34,67035.33,67034.01,67034,67033.9,67033.89,67033.72,67033.71,67033.68,67035.36,67035.37,67035.59,67035.61,67035.62,67035.74,67035.94,67035.97,67036,67036.12,1.66949,0.0008,0.00367,0.00016,0.01499,0.00026,0.00008,0.00613,0.13432,0.00008,1.08823,0.00048,0.00008,0.00008,0.00517,0.01202,0.00008,0.00012,0.0012,0.00016
213,67025.11,67025.1,67023.61,67023.6,67023.54,67022.51,67021.93,67021.92,67020.34,67020.33,67025.12,67025.13,67025.16,67025.18,67025.19,67025.28,67025.32,67025.33,67025.5,67025.51,2.40391,0.00008,0.00015,0.003,0.00008,0.00008,0.00753,0.00308,0.15665,0.33874,0.63831,0.00064,0.00008,0.00024,0.0149,0.00008,0.00016,0.14635,0.00008,0.00008
214,67023.01,67023,67022.67,67022.66,67022.37,67022.36,67022.2,67021.92,67021.91,67021.53,67023.02,67023.03,67023.13,67023.14,67023.28,67023.45,67023.53,67023.56,67024,67024.2,2.45504,0.00035,0.00016,0.01482,0.00037,0.01194,0.00008,0.00324,0.01492,0.00008,0.19515,0.00056,0.00016,0.13445,0.01511,0.00009,0.00024,0.00008,0.0012,0.00008
