timestamp,bid_price_0,bid_price_1,bid_price_2,bid_price_3,bid_price_4,bid_price_5,bid_price_6,bid_price_7,bid_price_8,bid_price_9,ask_price_0,ask_price_1,ask_price_2,ask_price_3,ask_price_4,ask_price_5,ask_price_6,ask_price_7,ask_price_8,ask_price_9,bid_size_0,bid_size_1,bid_size_2,bid_size_3,bid_size_4,bid_size_5,bid_size_6,bid_size_7,bid_size_8,bid_size_9,ask_size_0,ask_size_1,ask_size_2,ask_size_3,ask_size_4,ask_size_5,ask_size_6,ask_size_7,ask_size_8,ask_size_9
0,67196.06,67196,67195.99,67195.76,67195.73,67195.72,67195.71,67195.42,67195.41,67195.4,67196.07,67196.08,67197.4,67197.49,67197.65,67198,67198.08,67198.29,67198.3,67198.47,2.03801,0.43247,0.86012,0.3,1.06264,0.56759,0.46409,4.21935,0.29681,0.14631,0.11315,0.00016,0.00008,0.00012,0.00009,0.0012,0.00009,0.00008,0.00008,0.00008
1,67228.4,67228.39,67228.36,67228.35,67227.95,67227.48,67226.87,67226.86,67226.08,67226.07,67228.41,67228.42,67228.43,67228.44,67228.45,67228.83,67229.24,67229.28,67229.37,67229.89,0.65447,0.00048,0.00024,0.05,0.00008,0.00008,0.00008,0.00008,0.00024,0.03892,7.26942,0.00072,0.12385,0.19846,0.24365,0.00025,0.00008,0.00008,0.00008,0.003
2,67200.54,67200.53,67199.4,67198.01,67197.86,67197.66,67196.23,67196.07,67195.8,67195.79,67200.55,67200.56,67200.63,67200.99,67201,67201.16,67201.68,67201.8,67202,67202.28,0.00079,0.00008,0.00008,0.00008,0.00025,0.00008,0.00016,0.00039,0.00024,0.019,3.52828,0.00104,0.00008,0.00744,0.00009,0.003,0.0009,0.00008,0.0012,0.00842
3,67145.57,67144.17,67143.66,67143.65,67142.89,67142.88,67142.79,67142.78,67142.33,67142.32,67145.58,67145.59,67145.6,67146,67146.12,67146.57,67146.58,67146.59,67146.8,67146.81,2.56315,0.00008,0.00016,0.01192,0.00025,0.003,0.00008,0.00008,0.00016,0.04042,1.78638,0.00064,0.00008,0.0032,0.00008,0.00024,0.14135,0.10318,0.00032,0.03008
4,67172,67171.99,67171.44,67171.09,67171.08,67171.06,67171.05,67170.88,67170.87,67170.85,67172.01,67172.02,67172.76,67173.85,67173.86,67173.87,67174.3,67174.72,67174.75,67174.76,2.32961,0.00032,0.003,0.00016,0.06926,0.00016,0.10728,0.01222,0.00091,0.00009,0.62377,0.00064,0.00008,0.00008,0.00058,0.05158,0.01198,0.00008,0.00008,0.00008
5,67178.6,67178.59,67178.24,67178.15,67178,67177.55,67177.54,67176.56,67176.09,67176,67178.61,67178.62,67179.42,67179.6,67179.61,67179.62,67179.63,67179.68,67179.84,67180.15,0.09818,0.00032,0.00009,0.00016,0.0012,0.00009,0.0001,0.00008,0.00008,0.0012,7.82352,0.00008,0.00008,0.10148,0.00029,0.00008,0.00901,0.00008,0.003,0.00024
6,67192.73,67192.72,67192.71,67192.08,67192.07,67191.6,67191.17,67191.16,67191.09,67190.87,67192.74,67192.75,67193.12,67193.31,67193.32,67193.76,67194,67194.3,67194.43,67194.44,2.80631,0.36589,0.00774,0.00744,0.012,0.003,0.09856,0.10754,0.00008,0.01496,0.04413,0.00166,0.00009,0.00008,0.01056,0.00008,0.0012,0.00009,0.00008,0.00008
7,67185.64,67185.63,67182.75,67182,67181.54,67181.53,67181.52,67181.37,67181.16,67180.77,67185.65,67185.66,67185.85,67185.92,67186.08,67186.09,67186.16,67186.17,67186.18,67186.39,0.00282,0.0004,0.00008,0.0004,0.00024,0.0004,0.02369,0.00008,0.00008,0.49133,2.61387,0.00056,0.00008,0.05642,0.00008,0.00008,0.1171,1.0419,0.10307,0.00008
8,67170.47,67170.46,67169.93,67169.92,67169.89,67169.88,67169.76,67169.64,67169.43,67169.24,67170.48,67170.49,67170.59,67170.8,67170.83,67170.84,67170.85,67170.97,67170.98,67171.44,5.35741,0.00008,0.47541,0.17524,0.00008,0.00008,0.17808,0.00008,0.00008,0.23158,0.00858,0.00032,0.00008,0.00207,0.00008,0.00008,0.00009,0.00008,0.00008,0.00008
9,67188.61,67188.6,67188.49,67188.24,67188.16,67188.1,67188.09,67188,67187.94,67187.74,67188.62,67188.63,67188.69,67188.7,67189.41,67189.75,67189.76,67189.8,67189.81,67189.92,0.62588,0.01178,0.00008,0.0009,0.00009,0.00024,0.02764,0.0012,0.00008,0.00008,10.95867,0.00057,0.00008,0.00008,0.00008,0.00016,0.06212,0.00016,0.10306,0.003
10,67166.02,67166,67165.31,67164.75,67164.74,67164.73,67164.72,67164.28,67164.27,67164.26,67166.03,67166.04,67166.1,67166.62,67166.89,67166.9,67166.95,67167.28,67167.29,67167.3,2.52484,0.0012,0.00008,0.00016,0.01505,0.04478,0.003,0.00008,0.00008,0.00016,0.72183,0.00072,0.00008,0.00008,0.00008,0.00008,0.00008,0.00016,0.00024,0.10308
11,67139.45,67139.44,67137.86,67136.61,67136.6,67136.54,67136.53,67136.32,67136.31,67136.3,67139.46,67139.47,67139.52,67139.99,67140,67140.14,67140.7,67141.02,67141.03,67141.04,0.88647,0.0004,0.01192,0.00008,0.03234,0.00008,0.1075,0.00008,0.00008,0.00008,2.85901,0.00008,0.003,0.00286,0.01236,0.00016,0.00009,0.00008,0.16134,0.10734
12,67131.52,67131.51,67131.1,67130.92,67130.9,67130.67,67130.63,67130.62,67130.29,67130.28,67131.53,67131.54,67132,67132.29,67132.54,67132.55,67132.56,67132.7,67132.77,67132.8,2.26347,0.00024,0.01192,0.00008,0.00008,0.00008,0.00016,0.10307,0.00016,0.1472,1.50548,0.00112,0.0012,0.00029,0.00008,0.00016,0.00016,0.00366,0.00008,0.00308
13,67121.64,67121.63,67121.09,67120.75,67120.74,67120.6,67120.22,67120.21,67120.08,67120.07,67121.65,67121.66,67121.8,67121.81,67121.83,67122.18,67122.72,67122.81,67123.71,67123.99,1.2596,0.00048,0.0009,0.00008,0.00008,0.00009,0.00008,0.00008,0.00016,0.03164,6.23837,0.00008,0.00016,0.28855,0.01192,0.00016,0.00308,0.00008,0.00008,0.00016
14,67090.79,67090.78,67090.46,67090.45,67090.16,67090,67089.8,67089.79,67089.51,67089.25,67090.8,67090.81,67092.48,67092.84,67093.03,67093.2,67093.21,67093.25,67094.14,67094.15,0.34901,0.00072,0.00015,0.00009,0.0005,0.0017,0.00024,0.01522,0.00008,0.0014,6.25703,0.00008,0.003,0.00008,0.00808,0.11461,0.37273,0.14378,0.00025,0.00745
15,67009.07,67009.06,67008.89,67008.73,67008.49,67008.48,67008,67007.08,67006.7,67006.66,67009.08,67009.09,67009.59,67010.14,67010.16,67010.51,67010.52,67010.54,67010.55,67010.9,1.49549,0.00072,0.00024,0.00366,0.00008,0.00491,0.0012,0.0009,0.00009,0.00597,7.92767,0.00008,0.00008,0.00023,0.003,0.00024,1.85418,0.00016,5.68016,0.01528
16,66935.64,66935.63,66935.62,66935.48,66935.26,66935.2,66935.15,66934.92,66934.91,66934.86,66935.65,66935.66,66936.01,66936.1,66936.24,66936.33,66936.34,66936.36,66937.19,66937.35,0.60901,0.0008,0.00026,0.00016,0.00249,0.00009,0.00011,0.00016,0.00016,0.00008,12.45375,2.72103,0.00016,0.00016,0.003,0.0003,0.00016,0.118,0.00016,0.01194
17,66863.94,66863.93,66863.63,66863.6,66863.59,66863.28,66863.07,66862.94,66862.93,66862.74,66863.95,66863.96,66865.06,66865.07,66865.78,66865.79,66865.85,66866.36,66866.37,66866.38,1.16982,0.00072,0.00055,0.00008,0.00008,0.00009,0.00008,0.00024,0.17758,0.00009,1.92008,0.00008,0.00016,0.05008,0.10435,0.00348,0.01204,0.00016,0.00016,0.00008
18,66912.17,66912.16,66911.18,66911.17,66910.95,66909.69,66907.85,66907.4,66907.36,66907.35,66912.18,66912.19,66912.31,66912.59,66912.72,66912.9,66912.95,66913.02,66913.35,66913.62,1.58726,0.00032,0.00008,0.00198,0.00008,0.00008,0.00031,0.00008,0.00024,0.18491,2.43601,0.1087,0.00074,0.00008,0.003,0.00009,0.00008,0.00008,0.0009,0.00008
19,66925.71,66925.7,66925.69,66925.42,66925.19,66924.54,66924.16,66924,66922.95,66922.51,66925.72,66925.73,66925.87,66926.16,66927.38,66927.39,66927.61,66927.84,66928.62,66928.63,0.11264,0.00064,0.00008,0.00008,0.00013,0.00053,0.49321,0.0008,0.00009,0.00016,10.37968,0.00008,0.04008,0.003,0.20619,0.40311,0.05008,0.003,0.023,0.00027
20,66935.77,66935.76,66934.81,66934.8,66934.79,66934.41,66933.72,66933.17,66933.16,66933.09,66935.78,66935.79,66936.24,66937.75,66937.76,66937.92,66937.98,66937.99,66938,66938.01,1.93744,0.00161,0.00024,0.15059,0.49322,0.00008,0.0001,0.00008,0.00008,0.00008,1.82962,0.0004,0.003,0.06163,0.00008,0.00308,0.00008,0.00008,0.00016,0.00016
21,66996.7,66996.69,66996.28,66995.99,66995.4,66995.39,66995.38,66995.04,66994.92,66994.9,66996.71,66996.72,66996.73,66997.09,66997.1,66997.37,66997.94,66998,66998.82,66998.83,3.68232,0.00008,0.3511,0.00008,0.00016,0.00102,2.31295,0.003,0.175,0.00016,0.4741,0.00048,0.003,0.00024,0.00008,0.00024,0.00485,0.0012,0.10283,0.00364
22,66964.55,66964.54,66964.02,66964.01,66964,66963.99,66963.94,66963.93,66963.92,66963.89,66964.56,66964.57,66964.73,66964.96,66965.23,66965.99,66966,66966.11,66966.12,66966.29,4.07245,0.00008,0.00016,0.46663,0.66833,0.17524,0.00835,0.00016,0.17508,0.00038,0.62682,0.00056,0.00011,0.00009,0.00008,0.00008,0.0012,0.00008,0.00008,0.00008
23,66944.86,66944.85,66944.64,66944.08,66944.07,66943.79,66943.77,66943.76,66943.75,66943.74,66944.87,66944.88,66946.32,66946.46,66947.51,66947.52,66947.53,66947.66,66947.88,66947.9,4.25638,0.00008,0.003,0.00008,0.01537,0.00008,0.00016,0.1713,0.17524,0.29606,0.9314,0.00048,0.00028,0.00008,0.00016,0.07671,0.00016,0.003,0.00008,0.00008
24,67020.83,67020.82,67020.19,67018.34,67018.01,67018,67017.99,67017.96,67017.56,67016.95,67020.84,67020.85,67021.3,67021.32,67021.33,67021.78,67021.79,67021.92,67022,67022.5,0.1959,0.00008,0.00008,0.00031,0.10738,0.00874,0.00008,0.00008,0.00008,0.00446,2.42002,0.00008,0.00016,0.00016,0.02272,0.00016,0.01537,0.003,0.0012,0.38075
25,66996.66,66996.65,66996.45,66996.44,66996,66995.77,66995.7,66995.39,66995.3,66995.04,66996.67,66996.68,66998.2,66998.27,66998.38,66998.39,66998.58,66999.28,67000.03,67000.04,2.07654,0.00017,0.00016,0.00363,0.0012,0.00008,0.00039,0.00008,0.00024,0.003,1.44399,0.0004,0.00169,0.00008,0.00008,0.00008,0.00008,0.00008,0.00024,0.09633
26,67017.63,67017.62,67016.88,67016.84,67016.8,67016.79,67016.75,67016.09,67016,67015.96,67017.64,67017.65,67018.44,67018.45,67018.46,67019.98,67019.99,67020.85,67021.37,67021.38,2.12146,0.00008,0.003,0.00008,0.00016,0.00008,0.00009,0.00008,0.0012,0.00008,0.03486,0.00056,0.00024,0.00032,0.00032,0.00008,0.00008,0.00033,0.00016,0.00024
27,67079.99,67079.98,67079.44,67079.43,67079.42,67079.17,67076.42,67076.41,67076.4,67076.39,67080,67080.01,67080.16,67080.4,67080.64,67080.72,67080.83,67081.25,67081.51,67081.67,0.84854,0.0004,0.00008,0.00692,0.00008,0.00008,0.00016,0.02708,0.00049,0.01029,1.90321,0.00008,0.00016,0.00009,0.00008,0.003,0.0009,0.00362,0.00008,0.00016
28,67124.91,67124.9,67124.57,67124.56,67124,67123.99,67123.92,67123.91,67123.89,67123.88,67124.92,67124.93,67126.08,67126.33,67127.75,67127.76,67128.5,67128.51,67128.52,67129.25,1.04827,0.00016,0.00024,0.04246,0.0004,0.00008,0.00008,0.00089,0.00008,0.00008,3.35835,0.00008,0.003,0.14,0.00744,0.003,0.00016,1.14167,0.3579,0.00744
29,67169.54,67169.53,67168.89,67168.32,67168.31,67168.3,67168.22,67168.21,67168.2,67168.08,67169.55,67169.56,67170.43,67170.85,67170.99,67171,67171.98,67171.99,67172,67172.55,3.39486,0.00008,0.00022,0.00008,0.11716,0.00008,0.00098,0.22601,0.00008,0.003,0.13292,0.00032,0.00264,0.00009,0.00008,0.00032,0.00008,0.00008,0.0012,0.00008
30,67232.79,67232.78,67232.66,67232.01,67232,67231.97,67231.56,67231.16,67231.15,67230.77,67232.8,67232.81,67233.31,67233.32,67233.33,67235.4,67235.78,67235.79,67236.35,67236.65,0.9807,0.00056,0.00025,0.00008,0.00749,0.00008,0.00009,0.01208,0.00009,0.00016,2.94647,0.00008,0.00016,0.10105,0.13569,0.00008,0.00016,0.1984,0.00031,0.003
31,67353.27,67353.26,67352.36,67351.75,67351.54,67349.67,67348.85,67348.58,67348.41,67348.4,67353.28,67353.29,67353.58,67354.95,67354.97,67354.98,67354.99,67355,67355.11,67355.12,0.00095,0.00056,0.00008,0.00009,0.00354,0.0009,0.00031,0.00008,0.00008,0.00017,3.38717,0.00008,0.05032,0.003,0.01639,0.06068,0.00008,0.00008,0.00125,0.00181
32,67381.9,67381.89,67381.87,67381.86,67381.85,67381.6,67381.44,67381.41,67381.4,67380.51,67381.91,67381.98,67382,67382.01,67382.1,67384.28,67384.8,67385.37,67387.06,67387.3,0.00215,0.00064,0.00008,0.00032,0.00008,0.00009,0.00008,0.00308,0.00008,0.00024,3.97748,0.12717,0.00016,0.00008,0.01188,0.10692,0.00008,0.003,0.003,0.51201
33,67377.97,67377.96,67377.92,67377.69,67377.68,67376.73,67376.72,67376.64,67376.61,67376.37,67377.98,67377.99,67378.08,67380.06,67380.07,67380.08,67381.21,67381.22,67381.44,67381.87,1.4784,0.00056,0.01186,0.00024,0.01504,0.00008,0.00016,0.00009,0.0009,0.00008,3.20373,0.00008,0.00008,0.00016,0.06658,0.22209,0.01186,0.00031,0.00008,0.00016
34,67336.98,67336.97,67336.96,67336.48,67336,67335.47,67335.21,67335,67334.4,67334.39,67336.99,67337,67337.76,67339.73,67339.74,67340,67340.01,67340.59,67340.68,67340.99,0.92477,0.00064,0.00009,0.00008,0.0012,0.00028,0.001,0.00009,0.00008,0.0009,3.35941,0.00008,0.00008,0.00026,0.003,0.00046,0.1984,0.00031,0.00009,0.00016
35,67347.16,67347.15,67346.88,67346.5,67346,67345.1,67345.09,67345.05,67344.86,67344.81,67347.17,67347.18,67347.5,67347.84,67347.85,67347.9,67347.98,67348.21,67349.13,67349.41,1.43072,0.00024,0.00009,0.00008,0.0012,0.00016,0.10707,0.00009,0.00016,0.0041,0.82771,0.00024,0.00009,0.00008,0.00008,0.00008,0.00026,0.00112,0.00016,0.00008
36,67341.02,67341.01,67340.73,67340.72,67340.62,67340.61,67340.33,67340.32,67340,67339.66,67341.03,67341.04,67341.09,67341.1,67341.12,67341.14,67341.15,67341.16,67341.21,67341.43,0.4439,0.00072,0.00024,0.01196,0.00008,0.00016,0.00016,0.1029,0.0022,0.0001,3.21261,0.00008,0.0022,0.27014,0.00008,0.00008,0.00016,0.56617,0.00024,0.003
37,67344.47,67344.46,67344.45,67343.84,67343.62,67343.59,67343.54,67343.53,67343.22,67343.08,67344.48,67344.49,67344.76,67344.77,67344.78,67345.04,67345.05,67345.22,67345.3,67345.89,1.34522,0.00917,0.00132,0.00008,0.00008,0.00104,0.00016,0.05008,0.00008,0.01188,1.09662,0.00008,0.00499,0.0429,0.00008,0.00016,0.00009,0.00008,0.00373,0.00008
38,67346.75,67346.74,67346.5,67345.9,67344.81,67344.48,67344.47,67344.04,67343.34,67343.19,67346.76,67346.77,67347.07,67347.69,67347.7,67347.71,67347.84,67348,67348.4,67349.11,4.23367,0.00008,0.003,0.00008,0.003,0.0946,0.03208,0.00022,0.00008,0.25777,0.00167,0.0004,0.00008,0.00008,0.00008,0.00008,0.00008,0.0012,0.00009,0.00008
39,67357.96,67357.95,67357.92,67357.84,67357.52,67357.51,67357.29,67356.8,67356.44,67356.43,67357.97,67357.98,67358.33,67359.74,67359.75,67360.02,67360.11,67361.23,67361.28,67361.71,0.87789,0.00359,0.00095,0.00106,0.00024,0.01196,0.00008,0.00009,0.00024,0.10278,3.1947,0.00008,0.003,0.00016,0.04008,0.003,0.00008,0.00031,0.00008,0.003
40,67317.47,67317.46,67317.43,67317.12,67316.29,67316.01,67316,67315.71,67314.92,67314.91,67317.48,67317.49,67317.59,67317.6,67317.77,67317.85,67317.86,67317.87,67318.08,67318.41,0.30308,0.00072,0.0048,0.00009,0.00484,0.0009,0.0012,0.00099,0.00008,0.00016,1.79973,0.00008,0.00016,0.00008,0.003,0.00016,1.04644,0.1071,0.04008,0.00008
41,67297.43,67297.42,67294.83,67294.82,67294.78,67294.77,67294.19,67294.18,67294.08,67294.07,67297.44,67297.45,67297.49,67297.83,67297.86,67298,67298.01,67298.11,67298.15,67298.31,0.02743,0.01828,0.00008,0.00008,0.00016,0.01196,0.00016,0.10284,0.00024,0.00687,3.04134,0.00008,0.003,0.00008,0.00008,0.0004,0.00008,0.00008,0.00009,0.00008
42,67327.13,67327.12,67325.4,67325.39,67325.12,67324.95,67324.94,67324.86,67324.53,67324.49,67327.14,67327.15,67327.6,67327.68,67328,67328.3,67329.19,67329.29,67329.36,67329.37,2.84712,0.00008,0.00042,0.00008,0.00008,0.00107,0.01712,0.00008,0.003,0.00008,0.18594,0.00064,0.00008,0.00008,0.0012,0.00009,0.00016,0.00008,0.00016,0.1029
43,67312.12,67312.11,67312,67311.89,67311.55,67311.21,67311.2,67311.05,67310.88,67310.86,67312.13,67312.14,67312.7,67313.98,67314.24,67314.38,67314.39,67315.98,67315.99,67316,0.53284,0.00088,0.0012,0.00008,0.00009,0.00008,0.00008,0.00008,0.00008,0.00008,4.35737,0.00008,0.003,0.00046,0.00008,0.0075,0.003,0.00027,0.98903,1.24724
44,67247.68,67247.67,67247.04,67246.8,67246.55,67246.3,67246.27,67246,67245.13,67245.12,67247.69,67247.7,67247.73,67248.12,67248.48,67248.71,67249.25,67249.26,67249.38,67249.79,0.01011,0.03736,0.00008,0.00008,0.0024,0.00478,0.00008,0.0012,0.00008,0.00021,2.55426,0.00008,0.00008,0.00008,0.003,0.00008,0.37191,0.1488,0.00008,0.67912
45,67256.29,67256.28,67256,67255.45,67255.42,67254.7,67254.6,67254.19,67254.02,67254.01,67256.3,67256.31,67256.56,67256.57,67256.83,67256.84,67256.85,67256.86,67256.93,67257.06,0.6921,0.00207,0.00376,0.0009,0.00008,0.00008,0.00009,0.00008,0.00008,0.00751,4.31337,0.02445,0.00016,0.00818,0.06712,0.01145,0.00016,0.01523,0.003,0.00897
46,67240.32,67240.31,67240.17,67240.01,67240,67239.98,67239.97,67239.79,67239.34,67238.8,67240.33,67240.34,67241.17,67241.72,67241.91,67241.95,67241.96,67242.01,67242.02,67242.31,1.76727,0.02973,0.00011,0.00024,0.01344,0.00016,0.10289,0.00431,0.00008,0.00022,1.71223,0.00008,0.00008,0.003,0.0119,0.00016,0.02,0.00024,0.10982,0.10281
47,67194.88,67194.87,67194.19,67193.77,67193.28,67192.67,67191.83,67191.8,67191.5,67191.49,67194.89,67194.9,67194.94,67194.95,67194.96,67195.88,67196,67196.38,67196.44,67196.64,1.86581,0.00008,0.00027,0.00008,0.00008,0.00008,0.00604,0.00603,0.00016,0.05109,0.87771,0.0508,0.00024,0.05016,0.00106,0.0003,0.0004,0.00241,0.00008,0.00308
48,67060.96,67060.95,67060.55,67060.54,67060.12,67060.11,67059.69,67059.68,67059.67,67059.66,67060.97,67060.98,67061,67061.05,67061.07,67061.16,67061.18,67061.2,67061.21,67061.48,1.37288,0.00008,0.00024,0.1226,0.00024,0.01499,0.00024,0.12918,0.02935,0.00044,2.76929,0.00056,0.00031,0.00788,0.0009,0.00008,0.00191,0.00008,0.00174,0.00016
49,67028.64,67028.63,67028,67026.96,67026,67025.29,67025.28,67024.84,67024.83,67024.43,67028.65,67028.66,67030.3,67030.31,67030.32,67031.46,67032,67032.3,67032.31,67032.46,1.32465,0.00008,0.0008,0.00009,0.0008,0.00024,0.00827,0.00024,0.01525,0.00024,2.73811,0.00008,0.00999,0.00043,0.003,0.00008,0.00308,0.00008,0.00008,0.00008
50,67027,67026.99,67026.96,67026.95,67026.35,67026.34,67026.33,67026.22,67026,67025.55,67027.01,67027.02,67027.03,67027.85,67027.86,67027.87,67027.88,67028.22,67028.23,67028.37,2.67101,0.00116,0.00078,0.05115,0.00016,0.00915,0.00137,0.00008,0.0004,0.00008,0.52117,0.00032,0.00008,0.00008,0.00008,0.00008,0.00008,0.00016,0.00008,0.00008
51,67031.81,67031.8,67030.56,67030.28,67030.27,67030.24,67029.84,67029.83,67029.71,67029.7,67031.82,67031.83,67031.88,67032,67032.62,67033.49,67033.5,67033.56,67033.57,67033.58,1.73239,0.00008,0.00055,0.00016,0.01202,0.00008,0.00016,0.1291,0.00016,0.01488,1.41514,0.00024,0.00198,0.00428,0.00008,0.00016,0.00009,0.00024,0.22216,0.00016
52,67011.8,67011.79,67011.41,67011.4,67011.26,67011.25,67010.81,67010.16,67010.15,67010.14,67011.81,67011.82,67012,67013.12,67013.14,67013.15,67013.4,67013.41,67013.48,67013.51,3.40103,0.00008,0.00016,0.01475,0.00016,0.0565,0.00008,0.003,0.00016,0.11066,0.30982,0.00008,0.0008,0.00008,0.00008,0.00008,0.00017,0.00008,0.00008,0.00008
53,66985.65,66985.64,66984.96,66984.8,66984.68,66984.67,66984.36,66984.35,66984,66983.25,66985.66,66985.67,66986.64,66986.67,66988.12,66988.13,66988.14,66988.15,66988.16,66988.17,1.69992,0.0004,0.00062,0.00009,0.00008,0.00016,0.00024,0.01517,0.00128,0.00135,1.84105,0.00008,0.003,0.00008,0.00016,0.00901,0.00026,0.00016,0.12535,0.31929
54,67005.99,67005.98,67005.21,67005.12,67005.11,67004.78,67004.73,67004.65,67004.64,67004.35,67006,67006.01,67006.7,67006.81,67007.09,67007.45,67008,67008.3,67008.31,67008.48,2.92701,0.00008,0.00008,0.00308,0.00008,0.00008,0.00008,0.00016,0.05008,0.00022,0.94185,0.00032,0.00009,0.00008,0.0009,0.00008,0.0012,0.00008,0.0048,0.00008
55,66993.96,66993.95,66993.55,66993.54,66993.41,66993.36,66993.32,66993.31,66991.69,66991.68,66993.97,66993.98,66995.04,66995.76,66996.53,66996.54,66996.55,66996.56,66996.66,66997.05,2.70209,0.00008,0.00008,0.00008,0.00008,0.003,0.2578,0.10759,0.00746,0.00308,0.00513,0.00032,0.00008,0.00008,0.00008,0.00008,0.00032,0.5907,0.00008,0.00008
56,66984.22,66984.21,66984.01,66984,66983.45,66983.33,66983.28,66983.25,66983.18,66982.01,66984.23,66984.24,66984.53,66984.96,66984.97,66985.33,66986.04,66986.08,66986.09,66986.1,1.55378,0.00064,0.00024,0.13054,0.00486,0.00008,0.003,0.00009,0.00008,0.00008,1.44273,0.00016,0.00024,0.00008,0.00588,0.00008,0.00009,0.00897,0.001,0.00197
