timestamp,bid_price_0,bid_price_1,bid_price_2,bid_price_3,bid_price_4,bid_price_5,bid_price_6,bid_price_7,bid_price_8,bid_price_9,ask_price_0,ask_price_1,ask_price_2,ask_price_3,ask_price_4,ask_price_5,ask_price_6,ask_price_7,ask_price_8,ask_price_9,bid_size_0,bid_size_1,bid_size_2,bid_size_3,bid_size_4,bid_size_5,bid_size_6,bid_size_7,bid_size_8,bid_size_9,ask_size_0,ask_size_1,ask_size_2,ask_size_3,ask_size_4,ask_size_5,ask_size_6,ask_size_7,ask_size_8,ask_size_9
0,67196.06,67196,67195.99,67195.76,67195.73,67195.72,67195.71,67195.42,67195.41,67195.4,67196.07,67196.08,67197.4,67197.49,67197.65,67198,67198.08,67198.29,67198.3,67198.47,2.03801,0.43247,0.86012,0.3,1.06264,0.56759,0.46409,4.21935,0.29681,0.14631,0.11315,0.00016,0.00008,0.00012,0.00009,0.0012,0.00009,0.00008,0.00008,0.00008
1,67228.4,67228.39,67228.36,67228.35,67227.95,67227.48,67226.87,67226.86,67226.08,67226.07,67228.41,67228.42,67228.43,67228.44,67228.45,67228.83,67229.24,67229.28,67229.37,67229.89,0.65447,0.00048,0.00024,0.05,0.00008,0.00008,0.00008,0.00008,0.00024,0.03892,7.26942,0.00072,0.12385,0.19846,0.24365,0.00025,0.00008,0.00008,0.00008,0.003
2,67200.54,67200.53,67199.4,67198.01,67197.86,67197.66,67196.23,67196.07,67195.8,67195.79,67200.55,67200.56,67200.63,67200.99,67201,67201.16,67201.68,67201.8,67202,67202.28,0.00079,0.00008,0.00008,0.00008,0.00025,0.00008,0.00016,0.00039,0.00024,0.019,3.52828,0.00104,0.00008,0.00744,0.00009,0.003,0.0009,0.00008,0.0012,0.00842
3,67145.57,67144.17,67143.66,67143.65,67142.89,67142.88,67142.79,67142.78,67142.33,67142.32,67145.58,67145.59,67145.6,67146,67146.12,67146.57,67146.58,67146.59,67146.8,67146.81,2.56315,0.00008,0.00016,0.01192,0.00025,0.003,0.00008,0.00008,0.00016,0.04042,1.78638,0.00064,0.00008,0.0032,0.00008,0.00024,0.14135,0.10318,0.00032,0.03008
4,67172,67171.99,67171.44,67171.09,67171.08,67171.06,67171.05,67170.88,67170.87,67170.85,67172.01,67172.02,67172.76,67173.85,67173.86,67173.87,67174.3,67174.72,67174.75,67174.76,2.32961,0.00032,0.003,0.00016,0.06926,0.00016,0.10728,0.01222,0.00091,0.00009,0.62377,0.00064,0.00008,0.00008,0.00058,0.05158,0.01198,0.00008,0.00008,0.00008
5,67178.6,67178.59,67178.24,67178.15,67178,67177.55,67177.54,67176.56,67176.09,67176,67178.61,67178.62,67179.42,67179.6,67179.61,67179.62,67179.63,67179.68,67179.84,67180.15,0.09818,0.00032,0.00009,0.00016,0.0012,0.00009,0.0001,0.00008,0.00008,0.0012,7.82352,0.00008,0.00008,0.10148,0.00029,0.00008,0.00901,0.00008,0.003,0.00024
6,67192.73,67192.72,67192.71,67192.08,67192.07,67191.6,67191.17,67191.16,67191.09,67190.87,67192.74,67192.75,67193.12,67193.31,67193.32,67193.76,67194,67194.3,67194.43,67194.44,2.80631,0.36589,0.00774,0.00744,0.012,0.003,0.09856,0.10754,0.00008,0.01496,0.04413,0.00166,0.00009,0.00008,0.01056,0.00008,0.0012,0.00009,0.00008,0.00008
7,67185.64,67185.63,67182.75,67182,67181.54,67181.53,67181.52,67181.37,67181.16,67180.77,67185.65,67185.66,67185.85,67185.92,67186.08,67186.09,67186.16,67186.17,67186.18,67186.39,0.00282,0.0004,0.00008,0.0004,0.00024,0.0004,0.02369,0.00008,0.00008,0.49133,2.61387,0.00056,0.00008,0.05642,0.00008,0.00008,0.1171,1.0419,0.10307,0.00008
8,67170.47,67170.46,67169.93,67169.92,67169.89,67169.88,67169.76,67169.64,67169.43,67169.24,67170.48,67170.49,67170.59,67170.8,67170.83,67170.84,67170.85,67170.97,67170.98,67171.44,5.35741,0.00008,0.47541,0.17524,0.00008,0.00008,0.17808,0.00008,0.00008,0.23158,0.00858,0.00032,0.00008,0.00207,0.00008,0.00008,0.00009,0.00008,0.00008,0.00008
9,67188.61,67188.6,67188.49,67188.24,67188.16,67188.1,67188.09,67188,67187.94,67187.74,67188.62,67188.63,67188.69,67188.7,67189.41,67189.75,67189.76,67189.8,67189.81,67189.92,0.62588,0.01178,0.00008,0.0009,0.00009,0.00024,0.02764,0.0012,0.00008,0.00008,10.95867,0.00057,0.00008,0.00008,0.00008,0.00016,0.06212,0.00016,0.10306,0.003
10,67166.02,67166,67165.31,67164.75,67164.74,67164.73,67164.72,67164.28,67164.27,67164.26,67166.03,67166.04,67166.1,67166.62,67166.89,67166.9,67166.95,67167.28,67167.29,67167.3,2.52484,0.0012,0.00008,0.00016,0.01505,0.04478,0.003,0.00008,0.00008,0.00016,0.72183,0.00072,0.00008,0.00008,0.00008,0.00008,0.00008,0.00016,0.00024,0.10308
11,67139.45,67139.44,67137.86,67136.61,67136.6,67136.54,67136.53,67136.32,67136.31,67136.3,67139.46,67139.47,67139.52,67139.99,67140,67140.14,67140.7,67141.02,67141.03,67141.04,0.88647,0.0004,0.01192,0.00008,0.03234,0.00008,0.1075,0.00008,0.00008,0.00008,2.85901,0.00008,0.003,0.00286,0.01236,0.00016,0.00009,0.00008,0.16134,0.10734
12,67131.52,67131.51,67131.1,67130.92,67130.9,67130.67,67130.63,67130.62,67130.29,67130.28,67131.53,67131.54,67132,67132.29,67132.54,67132.55,67132.56,67132.7,67132.77,67132.8,2.26347,0.00024,0.01192,0.00008,0.00008,0.00008,0.00016,0.10307,0.00016,0.1472,1.50548,0.00112,0.0012,0.00029,0.00008,0.00016,0.00016,0.00366,0.00008,0.00308
13,67121.64,67121.63,67121.09,67120.75,67120.74,67120.6,67120.22,67120.21,67120.08,67120.07,67121.65,67121.66,67121.8,67121.81,67121.83,67122.18,67122.72,67122.81,67123.71,67123.99,1.2596,0.00048,0.0009,0.00008,0.00008,0.00009,0.00008,0.00008,0.00016,0.03164,6.23837,0.00008,0.00016,0.28855,0.01192,0.00016,0.00308,0.00008,0.00008,0.00016
14,67090.79,67090.78,67090.46,67090.45,67090.16,67090,67089.8,67089.79,67089.51,67089.25,67090.8,67090.81,67092.48,67092.84,67093.03,67093.2,67093.21,67093.25,67094.14,67094.15,0.34901,0.00072,0.00015,0.00009,0.0005,0.0017,0.00024,0.01522,0.00008,0.0014,6.25703,0.00008,0.003,0.00008,0.00808,0.11461,0.37273,0.14378,0.00025,0.00745
15,67009.07,67009.06,67008.89,67008.73,67008.49,67008.48,67008,67007.08,67006.7,67006.66,67009.08,67009.09,67009.59,67010.14,67010.16,67010.51,67010.52,67010.54,67010.55,67010.9,1.49549,0.00072,0.00024,0.00366,0.00008,0.00491,0.0012,0.0009,0.00009,0.00597,7.92767,0.00008,0.00008,0.00023,0.003,0.00024,1.85418,0.00016,5.68016,0.01528
16,66935.64,66935.63,66935.62,66935.48,66935.26,66935.2,66935.15,66934.92,66934.91,66934.86,66935.65,66935.66,66936.01,66936.1,66936.24,66936.33,66936.34,66936.36,66937.19,66937.35,0.60901,0.0008,0.00026,0.00016,0.00249,0.00009,0.00011,0.00016,0.00016,0.00008,12.45375,2.72103,0.00016,0.00016,0.003,0.0003,0.00016,0.118,0.00016,0.01194
17,66863.94,66863.93,66863.63,66863.6,66863.59,66863.28,66863.07,66862.94,66862.93,66862.74,66863.95,66863.96,66865.06,66865.07,66865.78,66865.79,66865.85,66866.36,66866.37,66866.38,1.16982,0.00072,0.00055,0.00008,0.00008,0.00009,0.00008,0.00024,0.17758,0.00009,1.92008,0.00008,0.00016,0.05008,0.10435,0.00348,0.01204,0.00016,0.00016,0.00008
18,66912.17,66912.16,66911.18,66911.17,66910.95,66909.69,66907.85,66907.4,66907.36,66907.35,66912.18,66912.19,66912.31,66912.59,66912.72,66912.9,66912.95,66913.02,66913.35,66913.62,1.58726,0.00032,0.00008,0.00198,0.00008,0.00008,0.00031,0.00008,0.00024,0.18491,2.43601,0.1087,0.00074,0.00008,0.003,0.00009,0.00008,0.00008,0.0009,0.00008
19,66925.71,66925.7,66925.69,66925.42,66925.19,66924.54,66924.16,66924,66922.95,66922.51,66925.72,66925.73,66925.87,66926.16,66927.38,66927.39,66927.61,66927.84,66928.62,66928.63,0.11264,0.00064,0.00008,0.00008,0.00013,0.00053,0.49321,0.0008,0.00009,0.00016,10.37968,0.00008,0.04008,0.003,0.20619,0.40311,0.05008,0.003,0.023,0.00027
20,66935.77,66935.76,66934.81,66934.8,66934.79,66934.41,66933.72,66933.17,66933.16,66933.09,66935.78,66935.79,66936.24,66937.75,66937.76,66937.92,66937.98,66937.99,66938,66938.01,1.93744,0.00161,0.00024,0.15059,0.49322,0.00008,0.0001,0.00008,0.00008,0.00008,1.82962,0.0004,0.003,0.06163,0.00008,0.00308,0.00008,0.00008,0.00016,0.00016
21,66996.7,66996.69,66996.28,66995.99,66995.4,66995.39,66995.38,66995.04,66994.92,66994.9,66996.71,66996.72,66996.73,66997.09,66997.1,66997.37,66997.94,66998,66998.82,66998.83,3.68232,0.00008,0.3511,0.00008,0.00016,0.00102,2.31295,0.003,0.175,0.00016,0.4741,0.00048,0.003,0.00024,0.00008,0.00024,0.00485,0.0012,0.10283,0.00364
22,66964.55,66964.54,66964.02,66964.01,66964,66963.99,66963.94,66963.93,66963.92,66963.89,66964.56,66964.57,66964.73,66964.96,66965.23,66965.99,66966,66966.11,66966.12,66966.29,4.07245,0.00008,0.00016,0.46663,0.66833,0.17524,0.00835,0.00016,0.17508,0.00038,0.62682,0.00056,0.00011,0.00009,0.00008,0.00008,0.0012,0.00008,0.00008,0.00008
23,66944.86,66944.85,66944.64,66944.08,66944.07,66943.79,66943.77,66943.76,66943.75,66943.74,66944.87,66944.88,66946.32,66946.46,66947.51,66947.52,66947.53,66947.66,66947.88,66947.9,4.25638,0.00008,0.003,0.00008,0.01537,0.00008,0.00016,0.1713,0.17524,0.29606,0.9314,0.00048,0.00028,0.00008,0.00016,0.07671,0.00016,0.003,0.00008,0.00008
24,67020.83,67020.82,67020.19,67018.34,67018.01,67018,67017.99,67017.96,67017.56,67016.95,67020.84,67020.85,67021.3,67021.32,67021.33,67021.78,67021.79,67021.92,67022,67022.5,0.1959,0.00008,0.00008,0.00031,0.10738,0.00874,0.00008,0.00008,0.00008,0.00446,2.42002,0.00008,0.00016,0.00016,0.02272,0.00016,0.01537,0.003,0.0012,0.38075
25,66996.66,66996.65,66996.45,66996.44,66996,66995.77,66995.7,66995.39,66995.3,66995.04,66996.67,66996.68,66998.2,66998.27,66998.38,66998.39,66998.58,66999.28,67000.03,67000.04,2.07654,0.00017,0.00016,0.00363,0.0012,0.00008,0.00039,0.00008,0.00024,0.003,1.44399,0.0004,0.00169,0.00008,0.00008,0.00008,0.00008,0.00008,0.00024,0.09633
26,67017.63,67017.62,67016.88,67016.84,67016.8,67016.79,67016.75,67016.09,67016,67015.96,67017.64,67017.65,67018.44,67018.45,67018.46,67019.98,67019.99,67020.85,67021.37,67021.38,2.12146,0.00008,0.003,0.00008,0.00016,0.00008,0.00009,0.00008,0.0012,0.00008,0.03486,0.00056,0.00024,0.00032,0.00032,0.00008,0.00008,0.00033,0.00016,0.00024
27,67079.99,67079.98,67079.44,67079.43,67079.42,67079.17,67076.42,67076.41,67076.4,67076.39,67080,67080.01,67080.16,67080.4,67080.64,67080.72,67080.83,67081.25,67081.51,67081.67,0.84854,0.0004,0.00008,0.00692,0.00008,0.00008,0.00016,0.02708,0.00049,0.01029,1.90321,0.00008,0.00016,0.00009,0.00008,0.003,0.0009,0.00362,0.00008,0.00016
28,67124.91,67124.9,67124.57,67124.56,67124,67123.99,67123.92,67123.91,67123.89,67123.88,67124.92,67124.93,67126.08,67126.33,67127.75,67127.76,67128.5,67128.51,67128.52,67129.25,1.04827,0.00016,0.00024,0.04246,0.0004,0.00008,0.00008,0.00089,0.00008,0.00008,3.35835,0.00008,0.003,0.14,0.00744,0.003,0.00016,1.14167,0.3579,0.00744
29,67169.54,67169.53,67168.89,67168.32,67168.31,67168.3,67168.22,67168.21,67168.2,67168.08,67169.55,67169.56,67170.43,67170.85,67170.99,67171,67171.98,67171.99,67172,67172.55,3.39486,0.00008,0.00022,0.00008,0.11716,0.00008,0.00098,0.22601,0.00008,0.003,0.13292,0.00032,0.00264,0.00009,0.00008,0.00032,0.00008,0.00008,0.0012,0.00008
30,67232.79,67232.78,67232.66,67232.01,67232,67231.97,67231.56,67231.16,67231.15,67230.77,67232.8,67232.81,67233.31,67233.32,67233.33,67235.4,67235.78,67235.79,67236.35,67236.65,0.9807,0.00056,0.00025,0.00008,0.00749,0.00008,0.00009,0.01208,0.00009,0.00016,2.94647,0.00008,0.00016,0.10105,0.13569,0.00008,0.00016,0.1984,0.00031,0.003
31,67353.27,67353.26,67352.36,67351.75,67351.54,67349.67,67348.85,67348.58,67348.41,67348.4,67353.28,67353.29,67353.58,67354.95,67354.97,67354.98,67354.99,67355,67355.11,67355.12,0.00095,0.00056,0.00008,0.00009,0.00354,0.0009,0.00031,0.00008,0.00008,0.00017,3.38717,0.00008,0.05032,0.003,0.01639,0.06068,0.00008,0.00008,0.00125,0.00181
32,67381.9,67381.89,67381.87,67381.86,67381.85,67381.6,67381.44,67381.41,67381.4,67380.51,67381.91,67381.98,67382,67382.01,67382.1,67384.28,67384.8,67385.37,67387.06,67387.3,0.00215,0.00064,0.00008,0.00032,0.00008,0.00009,0.00008,0.00308,0.00008,0.00024,3.97748,0.12717,0.00016,0.00008,0.01188,0.10692,0.00008,0.003,0.003,0.51201
33,67377.97,67377.96,67377.92,67377.69,67377.68,67376.73,67376.72,67376.64,67376.61,67376.37,67377.98,67377.99,67378.08,67380.06,67380.07,67380.08,67381.21,67381.22,67381.44,67381.87,1.4784,0.00056,0.01186,0.00024,0.01504,0.00008,0.00016,0.00009,0.0009,0.00008,3.20373,0.00008,0.00008,0.00016,0.06658,0.22209,0.01186,0.00031,0.00008,0.00016
34,67336.98,67336.97,67336.96,67336.48,67336,67335.47,67335.21,67335,67334.4,67334.39,67336.99,67337,67337.76,67339.73,67339.74,67340,67340.01,67340.59,67340.68,67340.99,0.92477,0.00064,0.00009,0.00008,0.0012,0.00028,0.001,0.00009,0.00008,0.0009,3.35941,0.00008,0.00008,0.00026,0.003,0.00046,0.1984,0.00031,0.00009,0.00016
35,67347.16,67347.15,67346.88,67346.5,67346,67345.1,67345.09,67345.05,67344.86,67344.81,67347.17,67347.18,67347.5,67347.84,67347.85,67347.9,67347.98,67348.21,67349.13,67349.41,1.43072,0.00024,0.00009,0.00008,0.0012,0.00016,0.10707,0.00009,0.00016,0.0041,0.82771,0.00024,0.00009,0.00008,0.00008,0.00008,0.00026,0.00112,0.00016,0.00008
36,67341.02,67341.01,67340.73,67340.72,67340.62,67340.61,67340.33,67340.32,67340,67339.66,67341.03,67341.04,67341.09,67341.1,67341.12,67341.14,67341.15,67341.16,67341.21,67341.43,0.4439,0.00072,0.00024,0.01196,0.00008,0.00016,0.00016,0.1029,0.0022,0.0001,3.21261,0.00008,0.0022,0.27014,0.00008,0.00008,0.00016,0.56617,0.00024,0.003
37,67344.47,67344.46,67344.45,67343.84,67343.62,67343.59,67343.54,67343.53,67343.22,67343.08,67344.48,67344.49,67344.76,67344.77,67344.78,67345.04,67345.05,67345.22,67345.3,67345.89,1.34522,0.00917,0.00132,0.00008,0.00008,0.00104,0.00016,0.05008,0.00008,0.01188,1.09662,0.00008,0.00499,0.0429,0.00008,0.00016,0.00009,0.00008,0.00373,0.00008
38,67346.75,67346.74,67346.5,67345.9,67344.81,67344.48,67344.47,67344.04,67343.34,67343.19,67346.76,67346.77,67347.07,67347.69,67347.7,67347.71,67347.84,67348,67348.4,67349.11,4.23367,0.00008,0.003,0.00008,0.003,0.0946,0.03208,0.00022,0.00008,0.25777,0.00167,0.0004,0.00008,0.00008,0.00008,0.00008,0.00008,0.0012,0.00009,0.00008
39,67357.96,67357.95,67357.92,67357.84,67357.52,67357.51,67357.29,67356.8,67356.44,67356.43,67357.97,67357.98,67358.33,67359.74,67359.75,67360.02,67360.11,67361.23,67361.28,67361.71,0.87789,0.00359,0.00095,0.00106,0.00024,0.01196,0.00008,0.00009,0.00024,0.10278,3.1947,0.00008,0.003,0.00016,0.04008,0.003,0.00008,0.00031,0.00008,0.003
40,67317.47,67317.46,67317.43,67317.12,67316.29,67316.01,67316,67315.71,67314.92,67314.91,67317.48,67317.49,67317.59,67317.6,67317.77,67317.85,67317.86,67317.87,67318.08,67318.41,0.30308,0.00072,0.0048,0.00009,0.00484,0.0009,0.0012,0.00099,0.00008,0.00016,1.79973,0.00008,0.00016,0.00008,0.003,0.00016,1.04644,0.1071,0.04008,0.00008
41,67297.43,67297.42,67294.83,67294.82,67294.78,67294.77,67294.19,67294.18,67294.08,67294.07,67297.44,67297.45,67297.49,67297.83,67297.86,67298,67298.01,67298.11,67298.15,67298.31,0.02743,0.01828,0.00008,0.00008,0.00016,0.01196,0.00016,0.10284,0.00024,0.00687,3.04134,0.00008,0.003,0.00008,0.00008,0.0004,0.00008,0.00008,0.00009,0.00008
42,67327.13,67327.12,67325.4,67325.39,67325.12,67324.95,67324.94,67324.86,67324.53,67324.49,67327.14,67327.15,67327.6,67327.68,67328,67328.3,67329.19,67329.29,67329.36,67329.37,2.84712,0.00008,0.00042,0.00008,0.00008,0.00107,0.01712,0.00008,0.003,0.00008,0.18594,0.00064,0.00008,0.00008,0.0012,0.00009,0.00016,0.00008,0.00016,0.1029
43,67312.12,67312.11,67312,67311.89,67311.55,67311.21,67311.2,67311.05,67310.88,67310.86,67312.13,67312.14,67312.7,67313.98,67314.24,67314.38,67314.39,67315.98,67315.99,67316,0.53284,0.00088,0.0012,0.00008,0.00009,0.00008,0.00008,0.00008,0.00008,0.00008,4.35737,0.00008,0.003,0.00046,0.00008,0.0075,0.003,0.00027,0.98903,1.24724
44,67247.68,67247.67,67247.04,67246.8,67246.55,67246.3,67246.27,67246,67245.13,67245.12,67247.69,67247.7,67247.73,67248.12,67248.48,67248.71,67249.25,67249.26,67249.38,67249.79,0.01011,0.03736,0.00008,0.00008,0.0024,0.00478,0.00008,0.0012,0.00008,0.00021,2.55426,0.00008,0.00008,0.00008,0.003,0.00008,0.37191,0.1488,0.00008,0.67912
45,67256.29,67256.28,67256,67255.45,67255.42,67254.7,67254.6,67254.19,67254.02,67254.01,67256.3,67256.31,67256.56,67256.57,67256.83,67256.84,67256.85,67256.86,67256.93,67257.06,0.6921,0.00207,0.00376,0.0009,0.00008,0.00008,0.00009,0.00008,0.00008,0.00751,4.31337,0.02445,0.00016,0.00818,0.06712,0.01145,0.00016,0.01523,0.003,0.00897
46,67240.32,67240.31,67240.17,67240.01,67240,67239.98,67239.97,67239.79,67239.34,67238.8,67240.33,67240.34,67241.17,67241.72,67241.91,67241.95,67241.96,67242.01,67242.02,67242.31,1.76727,0.02973,0.00011,0.00024,0.01344,0.00016,0.10289,0.00431,0.00008,0.00022,1.71223,0.00008,0.00008,0.003,0.0119,0.00016,0.02,0.00024,0.10982,0.10281
47,67194.88,67194.87,67194.19,67193.77,67193.28,67192.67,67191.83,67191.8,67191.5,67191.49,67194.89,67194.9,67194.94,67194.95,67194.96,67195.88,67196,67196.38,67196.44,67196.64,1.86581,0.00008,0.00027,0.00008,0.00008,0.00008,0.00604,0.00603,0.00016,0.05109,0.87771,0.0508,0.00024,0.05016,0.00106,0.0003,0.0004,0.00241,0.00008,0.00308
48,67060.96,67060.95,67060.55,67060.54,67060.12,67060.11,67059.69,67059.68,67059.67,67059.66,67060.97,67060.98,67061,67061.05,67061.07,67061.16,67061.18,67061.2,67061.21,67061.48,1.37288,0.00008,0.00024,0.1226,0.00024,0.01499,0.00024,0.12918,0.02935,0.00044,2.76929,0.00056,0.00031,0.00788,0.0009,0.00008,0.00191,0.00008,0.00174,0.00016
49,67028.64,67028.63,67028,67026.96,67026,67025.29,67025.28,67024.84,67024.83,67024.43,67028.65,67028.66,67030.3,67030.31,67030.32,67031.46,67032,67032.3,67032.31,67032.46,1.32465,0.00008,0.0008,0.00009,0.0008,0.00024,0.00827,0.00024,0.01525,0.00024,2.73811,0.00008,0.00999,0.00043,0.003,0.00008,0.00308,0.00008,0.00008,0.00008
50,67027,67026.99,67026.96,67026.95,67026.35,67026.34,67026.33,67026.22,67026,67025.55,67027.01,67027.02,67027.03,67027.85,67027.86,67027.87,67027.88,67028.22,67028.23,67028.37,2.67101,0.00116,0.00078,0.05115,0.00016,0.00915,0.00137,0.00008,0.0004,0.00008,0.52117,0.00032,0.00008,0.00008,0.00008,0.00008,0.00008,0.00016,0.00008,0.00008
51,67031.81,67031.8,67030.56,67030.28,67030.27,67030.24,67029.84,67029.83,67029.71,67029.7,67031.82,67031.83,67031.88,67032,67032.62,67033.49,67033.5,67033.56,67033.57,67033.58,1.73239,0.00008,0.00055,0.00016,0.01202,0.00008,0.00016,0.1291,0.00016,0.01488,1.41514,0.00024,0.00198,0.00428,0.00008,0.00016,0.00009,0.00024,0.22216,0.00016
52,67011.8,67011.79,67011.41,67011.4,67011.26,67011.25,67010.81,67010.16,67010.15,67010.14,67011.81,67011.82,67012,67013.12,67013.14,67013.15,67013.4,67013.41,67013.48,67013.51,3.40103,0.00008,0.00016,0.01475,0.00016,0.0565,0.00008,0.003,0.00016,0.11066,0.30982,0.00008,0.0008,0.00008,0.00008,0.00008,0.00017,0.00008,0.00008,0.00008
53,66985.65,66985.64,66984.96,66984.8,66984.68,66984.67,66984.36,66984.35,66984,66983.25,66985.66,66985.67,66986.64,66986.67,66988.12,66988.13,66988.14,66988.15,66988.16,66988.17,1.69992,0.0004,0.00062,0.00009,0.00008,0.00016,0.00024,0.01517,0.00128,0.00135,1.84105,0.00008,0.003,0.00008,0.00016,0.00901,0.00026,0.00016,0.12535,0.31929
54,67005.99,67005.98,67005.21,67005.12,67005.11,67004.78,67004.73,67004.65,67004.64,67004.35,67006,67006.01,67006.7,67006.81,67007.09,67007.45,67008,67008.3,67008.31,67008.48,2.92701,0.00008,0.00008,0.00308,0.00008,0.00008,0.00008,0.00016,0.05008,0.00022,0.94185,0.00032,0.00009,0.00008,0.0009,0.00008,0.0012,0.00008,0.0048,0.00008
55,66993.96,66993.95,66993.55,66993.54,66993.41,66993.36,66993.32,66993.31,66991.69,66991.68,66993.97,66993.98,66995.04,66995.76,66996.53,66996.54,66996.55,66996.56,66996.66,66997.05,2.70209,0.00008,0.00008,0.00008,0.00008,0.003,0.2578,0.10759,0.00746,0.00308,0.00513,0.00032,0.00008,0.00008,0.00008,0.00008,0.00032,0.5907,0.00008,0.00008
56,66984.22,66984.21,66984.01,66984,66983.45,66983.33,66983.28,66983.25,66983.18,66982.01,66984.23,66984.24,66984.53,66984.96,66984.97,66985.33,66986.04,66986.08,66986.09,66986.1,1.55378,0.00064,0.00024,0.13054,0.00486,0.00008,0.003,0.00009,0.00008,0.00008,1.44273,0.00016,0.00024,0.00008,0.00588,0.00008,0.00009,0.00897,0.001,0.00197
57,66960,66959.99,66959.96,66959.95,66959.81,66959.8,66959.75,66959.74,66959.2,66958.13,66960.01,66960.18,66960.77,66960.78,66960.79,66961.2,66961.21,66961.44,66961.87,66962.12,1.7579,0.00302,0.00016,0.05024,0.00106,0.00017,0.00016,0.02214,0.00008,0.00051,1.44684,0.00008,0.0004,0.05158,0.04201,0.00008,0.00031,0.00008,0.00008,0.00008
58,66955.65,66955.64,66955.34,66955.33,66955.2,66955.04,66954.72,66954,66953.84,66953.77,66955.66,66956.35,66956.36,66956.51,66958.08,66958.09,66958.2,66958.79,66958.8,66958.94,2.07427,0.01021,0.00008,0.00008,0.00316,0.00009,0.00008,0.0012,0.00008,0.00024,1.93334,0.00024,0.00008,0.00008,0.00008,0.00894,0.00008,0.00131,0.00008,0.00016
59,66991.99,66991.98,66991.78,66991.74,66991.73,66991.68,66991.28,66991.27,66990.84,66990.83,66992,66992.07,66992.8,66993,66993.01,66993.06,66993.08,66993.29,66993.3,66993.31,1.22306,0.0008,0.00008,0.00008,0.00605,0.00008,0.00024,0.49307,0.00008,0.0101,1.65875,0.00008,0.00008,0.00016,0.14094,0.00008,0.00008,0.00016,0.0857,0.05
60,66967.43,66967.42,66967.41,66966.92,66966.91,66966.89,66966.61,66966.6,66966.58,66966.5,66967.44,66967.64,66967.65,66967.66,66967.67,66967.68,66967.7,66968.16,66968.58,66968.91,0.11621,0.0004,0.00272,0.00008,0.00016,0.0009,0.00016,0.49293,0.00008,0.00017,4.5906,0.00016,1.92404,0.00016,4.59022,1.7918,0.00776,0.00308,0.00008,0.00746
61,66947.65,66947.64,66947.63,66946.48,66946.47,66946.32,66946.19,66946.18,66945.8,66945.12,66947.66,66947.67,66947.88,66948,66948.47,66949.75,66949.81,66949.99,66950,66950.08,1.66585,0.05547,0.0536,0.00016,0.12932,0.003,0.00016,0.05666,0.00008,0.00009,0.81472,0.00008,0.00008,0.00128,0.00008,0.00009,0.00367,0.00024,0.03241,0.00009
62,66909.89,66909.88,66909.86,66909.85,66909.81,66909.8,66908.94,66907.68,66907.42,66907.41,66909.9,66909.91,66910,66910.4,66910.52,66910.62,66910.94,66911.04,66911.07,66911.21,1.81504,0.00008,0.00016,0.05016,0.00016,0.05008,0.00008,0.00308,0.00016,0.00008,1.9664,0.00008,0.0012,0.00009,0.00008,0.00008,0.00008,0.00008,0.00008,0.00008
63,66879.4,66879.39,66879.09,66878.64,66878.57,66878.44,66878.34,66878.17,66878,66877.82,66879.41,66879.88,66879.9,66879.91,66879.92,66880.01,66880.72,66880.8,66880.88,66881.66,0.00252,0.00064,0.00009,0.00074,0.00042,0.00016,0.00026,0.00033,0.0012,0.00008,5.16441,0.00008,0.05298,1.28431,0.03208,0.16133,3.49695,0.00308,0.00008,0.04
64,66815.97,66815.96,66815.95,66815.93,66815.92,66815.42,66815.41,66815.31,66815.3,66815.14,66815.98,66816.01,66816.02,66816.31,66816.45,66816.67,66816.96,66817.12,66817.15,66817.36,0.79154,0.00088,0.00139,0.00016,0.0151,0.00008,0.00008,0.00024,0.01504,0.00016,1.23554,0.00008,0.01,0.00008,0.00045,0.00016,0.00008,0.00008,0.00008,0.00008
65,66820.69,66820.68,66820.55,66820.54,66820.32,66820.15,66820.14,66820,66819.9,66819.89,66820.7,66820.71,66822.49,66822.5,66822.51,66822.89,66823.68,66823.83,66824.52,66824.6,1.26119,0.00936,0.00024,0.02272,0.00008,0.00024,0.13482,0.0012,0.00024,0.49417,2.01468,0.00008,0.00016,0.02002,0.0004,0.00008,0.00308,0.00008,0.00008,0.00008
66,66742.33,66742.32,66742.01,66742,66741.39,66741.04,66741.01,66740.72,66739.87,66739.69,66742.34,66742.35,66742.39,66742.4,66742.43,66742.44,66743.04,66744,66744.07,66744.49,1.46554,0.00121,0.15941,0.49467,0.00082,0.00008,0.00844,0.00086,0.05642,0.00027,2.2241,0.00024,0.00016,0.01632,0.00016,0.13024,0.00008,0.00968,0.00008,0.00008
67,66781.43,66781.42,66780,66779.98,66779.97,66779.96,66779.6,66779.42,66779.41,66779.04,66781.44,66781.45,66781.85,66781.86,66781.87,66782,66782.25,66782.39,66782.45,66782.46,3.27291,0.00008,0.00008,0.00016,0.03555,0.003,0.00008,0.00024,0.0565,0.00016,0.71783,0.00008,0.00008,0.00008,0.01062,0.0012,0.00009,0.00008,0.00024,0.15032
68,66803.27,66803.26,66801.98,66801.97,66801.96,66801.71,66801.12,66801.11,66800.48,66800.47,66803.28,66803.52,66803.91,66803.92,66804,66804.17,66804.38,66804.43,66804.5,66804.63,0.04469,0.00072,0.00008,0.00008,0.00049,0.00008,0.00016,0.04285,0.00008,0.00016,2.98917,0.00316,0.03445,0.00016,0.0012,0.00008,0.00008,0.00016,0.00008,0.05
69,66817.35,66817.34,66816.97,66816.96,66816.95,66816.87,66816.47,66816.46,66816.37,66816.36,66817.36,66817.37,66818,66818.15,66818.21,66818.64,66818.96,66819.1,66819.13,66819.33,1.73262,0.0004,0.00008,0.00032,0.62884,0.01206,0.00024,0.24516,0.00016,0.0059,1.91909,0.00008,0.00128,0.00016,0.04492,0.003,0.00008,0.00009,0.00008,0.00008
70,66778.25,66778.24,66778.08,66778.07,66777.58,66776.64,66776.62,66776.35,66776.34,66776.33,66778.26,66778.27,66778.45,66778.46,66778.72,66779.42,66779.52,66779.56,66779.57,66779.58,4.30708,0.00443,0.00016,0.01206,0.00008,0.00008,0.003,0.00016,0.02742,0.05642,1.56022,0.00016,0.00016,0.01206,0.00008,0.00008,0.00016,0.00024,0.04062,0.13511
71,66813.26,66813.25,66812.68,66812.67,66812.43,66811.92,66811.76,66811.37,66811.22,66811.21,66813.27,66813.28,66813.46,66813.6,66813.87,66813.88,66814,66814.72,66815.45,66815.54,2.98365,0.0184,0.00016,0.04217,0.00008,0.003,0.00008,0.00024,0.00016,0.19245,1.57223,0.00016,0.00488,0.00008,0.00366,0.00012,0.0012,0.00031,0.00008,0.00009
72,66754.4,66754.39,66754,66753.75,66753.51,66753.5,66753.24,66753.12,66752.99,66752.98,66754.41,66754.91,66755.46,66755.99,66756,66756.01,66756.1,66756.48,66756.58,66757.69,1.0875,0.00048,0.00128,0.00008,0.00008,0.00008,0.00132,0.00008,0.00008,0.01062,5.20765,0.003,0.00008,0.00016,0.10006,0.33169,0.05,0.00008,0.003,0.00016
73,66668.46,66668.45,66668.4,66668.39,66668.38,66668.35,66668,66667.67,66667.52,66667.51,66668.47,66668.48,66668.5,66668.54,66668.55,66669.12,66669.66,66669.68,66669.74,66670.35,0.82556,0.00064,0.00024,0.01573,0.00282,0.00009,0.0012,0.00008,0.00016,0.49514,4.91074,0.00008,0.05016,0.09932,0.05008,0.00008,0.04008,0.00008,0.003,0.00008
74,66679.15,66679.14,66679.13,66678.7,66678.69,66678.68,66678.4,66678.09,66677.75,66677.73,66679.16,66679.17,66679.18,66679.28,66679.53,66679.54,66679.63,66679.68,66679.69,66680,2.83358,0.55602,0.0067,0.00016,0.05243,0.10375,0.00008,0.003,0.00032,0.00008,0.02909,0.0004,0.00242,0.00008,0.00098,0.00016,0.00008,0.00008,0.00016,0.0024
75,66731.84,66731.83,66731.2,66730.67,66730.12,66730,66729.81,66729.64,66729.63,66729.6,66731.85,66731.86,66732.96,66733.2,66733.34,66733.61,66733.62,66733.63,66734.87,66735.11,2.04014,0.10441,0.00076,0.00008,0.00027,0.00048,0.00016,0.00008,0.00008,0.00008,2.71642,0.00016,0.00008,0.003,0.00008,0.00016,0.07646,0.00671,0.003,0.00016
76,66706.87,66706.86,66706.48,66706.21,66706.08,66706.07,66706,66705.88,66705.87,66705.86,66706.88,66706.89,66707.21,66709.44,66709.57,66711.43,66711.44,66711.45,66712.64,66712.8,2.44206,0.00008,0.003,0.0009,0.00008,0.00008,0.0008,0.00008,0.07417,0.04023,0.00586,0.00024,0.00008,0.00008,0.00008,0.18075,0.00024,0.00008,0.00008,0.00008
77,66682.63,66682.62,66682.56,66682.24,66682.17,66682.05,66682,66681.84,66681.76,66681.75,66682.64,66682.65,66683.03,66683.04,66685.1,66685.11,66685.92,66685.96,66686.17,66686.18,1.90382,0.00008,0.00008,0.00009,0.0026,0.00077,0.0012,0.1039,0.00008,0.00017,0.11471,0.00024,0.0003,0.00008,0.00008,0.00016,0.00008,0.00009,0.00008,0.13957
78,66685.99,66685.98,66685.97,66685.96,66685.95,66685.92,66685.91,66685.9,66685.46,66684.28,66686,66686.01,66686.2,66686.43,66686.44,66686.91,66686.93,66686.94,66686.96,66686.99,0.9069,0.00072,0.00086,0.00024,0.05016,0.00008,0.00024,0.05016,0.00008,0.00016,1.49869,0.00008,0.0009,0.00008,0.003,0.00236,0.11881,0.10387,0.00008,0.00008
79,66735.32,66735.31,66735.3,66735.16,66735.15,66734.99,66734.98,66733.24,66733.23,66733.14,66735.33,66735.34,66735.35,66735.66,66735.67,66735.73,66736,66736.02,66736.32,66736.54,1.20074,0.00072,0.03573,0.00016,0.01208,0.00016,0.02008,0.00008,0.00814,0.00008,1.44407,0.00024,0.00009,0.00008,0.00253,0.00008,0.0012,0.00008,0.00008,0.003
80,66749.75,66749.74,66748.87,66748.86,66748.85,66748.77,66747.45,66747.27,66746.56,66746.46,66749.76,66749.77,66750,66750.71,66751.55,66751.56,66751.57,66751.88,66752,66752.1,0.78709,0.00048,0.00024,0.00016,0.00008,0.00008,0.49447,0.00016,0.003,0.00008,1.92499,0.00008,0.0012,0.00008,0.13437,0.11453,0.12469,0.00008,0.00128,0.00009
81,66712.63,66712.62,66712.61,66712.47,66712.46,66711.69,66711.68,66711.67,66711.66,66711.49,66712.64,66712.65,66712.69,66712.7,66712.8,66712.89,66712.93,66713.46,66713.47,66713.48,1.98381,0.00024,0.00784,0.00016,0.01208,0.00016,0.0366,0.00016,0.10814,0.003,1.63058,0.05032,0.00024,0.05,0.00008,0.0009,0.00012,0.00008,0.00016,0.00016
82,66683.15,66683.14,66683.13,66682.56,66681.25,66680.61,66680.6,66680.57,66680.38,66680.35,66683.16,66684.77,66684.94,66684.95,66685.02,66685.09,66685.53,66685.91,66685.92,66685.96,0.60528,0.00064,0.00186,0.00107,0.00008,0.00008,0.0004,0.003,0.00074,0.00024,4.6359,0.003,0.01587,0.05,0.00899,0.00008,0.00966,0.00749,0.00008,0.00009
83,66616.49,66616.48,66616.47,66616.46,66616.45,66616.41,66616.4,66616.37,66615.58,66615.57,66616.5,66616.51,66616.84,66617.31,66617.4,66617.76,66618,66618.1,66618.45,66618.46,1.46369,0.00008,0.001,0.00016,0.05016,0.00016,0.05016,0.0121,0.00016,0.10824,1.47008,0.00008,0.00153,0.00008,0.00008,0.00009,0.0012,0.00009,0.09852,0.13858
84,66646.36,66646.35,66646.31,66646.3,66646.14,66645.6,66645.56,66645.19,66643.84,66642.97,66646.37,66646.38,66646.74,66647.88,66648.02,66648.03,66648.05,66648.23,66648.73,66648.74,1.13472,0.54594,0.00016,0.05024,0.00432,0.00008,0.00008,0.00008,0.00008,0.00008,1.8412,0.00016,0.00324,0.00016,0.03614,0.00308,0.00008,0.00008,0.00008,0.00016
85,66717.57,66717.56,66717.55,66717.26,66717.23,66717.22,66717.21,66717.2,66717.17,66717.16,66717.58,66717.59,66718,66718.17,66718.23,66718.6,66718.8,66719.3,66719.31,66719.43,1.07843,0.0008,0.01417,0.00014,0.00008,0.00519,0.00024,0.01507,0.00016,0.10802,2.07062,0.00016,0.0012,0.003,0.0003,0.00009,0.0049,0.03658,0.11809,0.00008
86,66781.51,66781.5,66781.49,66781.44,66780.84,66780.83,66780.72,66780.7,66780.69,66780.6,66781.52,66781.53,66781.63,66781.89,66781.9,66781.91,66783.3,66783.36,66783.39,66783.41,0.55156,0.00088,0.01198,0.00009,0.00024,0.01504,0.00365,0.00016,0.10787,0.00024,3.36266,0.00008,0.003,0.14044,0.45808,0.00878,0.003,0.00008,1.06523,0.00032
87,66745.25,66745.24,66745.11,66744.89,66744.5,66744,66743.41,66743.29,66743.28,66743.26,66745.26,66745.27,66745.32,66745.33,66746.4,66747.46,66747.86,66747.99,66748,66748.03,1.97972,0.00016,0.00829,0.00092,0.00012,0.0012,0.00082,0.00016,0.01507,0.00016,1.47964,0.00016,0.00008,0.00008,0.00008,0.0005,0.00008,0.00008,0.00008,0.00016
88,66692.9,66692.89,66692.87,66692.78,66692.75,66692.74,66692.64,66692.16,66692,66691.8,66692.91,66692.92,66693.12,66693.68,66693.69,66693.7,66693.85,66694.45,66694.47,66694.6,0.48905,0.0004,0.00151,0.00009,0.00024,0.01544,0.00008,0.00009,0.0012,0.00009,2.87076,0.00008,0.003,0.1562,0.33571,0.05422,0.00016,0.00016,0.00008,0.01208
89,66696.19,66696.18,66696.01,66696,66695.99,66695.24,66695.23,66695.2,66695.19,66695.15,66696.2,66696.21,66696.9,66697.12,66697.97,66698,66698.29,66698.5,66699.36,66699.54,2.90545,0.00423,0.00027,0.00008,0.00022,0.65712,1.79804,0.22609,0.00008,0.00008,0.06445,0.00032,0.00036,0.00009,0.00008,0.0012,0.00008,0.00009,0.00008,0.0009
90,66701.35,66701.34,66701.19,66701.18,66700.18,66699.36,66698.5,66698.49,66698.13,66697.22,66701.36,66701.37,66701.44,66701.85,66701.97,66702,66702.08,66702.33,66702.34,66702.5,0.7023,0.00008,0.00024,0.10814,0.01208,0.00008,0.00024,0.1181,0.003,0.00031,1.98236,0.00016,0.00299,0.00009,0.00008,0.0012,0.00009,0.00008,0.00008,0.00367
91,66736.55,66736.54,66736.32,66736.3,66736.29,66736.03,66736,66735.83,66734.84,66734.48,66736.56,66736.57,66737.64,66738.21,66738.22,66738.23,66738.25,66738.71,66738.72,66738.73,0.03278,0.00008,0.00008,0.00024,0.03563,0.00008,0.0012,0.00248,0.00372,0.00008,3.15133,0.00008,0.00008,0.003,0.00757,0.00608,0.00608,0.3439,0.14307,0.00008
92,66742.41,66742.4,66742.35,66741.55,66741.39,66740.52,66740.45,66740.44,66740.43,66740.42,66742.42,66742.53,66742.54,66742.72,66743,66743.04,66743.05,66744,66744.07,66744.25,1.85756,0.00085,0.00008,0.003,0.00008,0.00009,0.00016,0.14658,0.00016,0.45691,1.70259,0.00008,0.00016,0.00008,0.00008,0.00008,0.00008,0.0004,0.00008,0.00008
93,66788.06,66788.05,66788,66787.34,66787.33,66786.97,66786.72,66786.71,66786.7,66786.6,66788.07,66788.08,66788.66,66788.67,66788.8,66788.97,66789.97,66790.08,66790.59,66790.6,1.29292,0.00572,0.0008,0.00016,0.01485,0.00008,0.00143,0.00016,0.10805,0.00371,1.96476,0.00008,0.00008,0.00031,0.00008,0.00008,0.00026,0.00008,0.00008,0.00008
94,66775.99,66775.98,66775.56,66775.55,66775.54,66775.33,66775.32,66775.04,66775.03,66774.98,66776,66776.48,66776.62,66776.64,66776.9,66777.38,66777.39,66777.57,66777.68,66778,0.76509,0.00178,0.00008,0.00066,0.00008,0.00024,0.03002,0.00057,0.00008,0.00024,2.28139,0.00009,0.003,0.00008,0.00008,0.10341,0.1035,0.00008,0.00008,0.0012
95,66813.24,66813.23,66813.22,66812.92,66812.91,66812.43,66812.09,66811.76,66811.57,66811.56,66813.25,66813.59,66813.6,66814,66814.11,66814.12,66814.13,66814.43,66814.82,66815.03,1.53775,0.0004,0.00188,0.00024,0.10365,0.00008,0.00071,0.00008,0.00024,0.05666,2.17295,0.00016,0.17548,0.0004,0.00028,0.00008,0.00008,0.00008,0.00008,0.00016
96,66816.57,66816.56,66816.49,66816.24,66816.23,66816,66815.79,66815.75,66815.54,66815.16,66816.58,66816.96,66818.61,66818.63,66818.64,66819.91,66819.92,66820.28,66820.29,66820.3,0.70415,0.00088,0.00016,0.00024,0.10353,0.0012,0.00008,0.00009,0.00009,0.00024,2.35512,0.00308,0.00748,0.00027,0.003,0.24625,0.00826,0.20588,0.14631,0.17554
97,66802.6,66802.59,66802.22,66802.21,66802.2,66801.9,66801.84,66801.71,66801.4,66801.39,66802.61,66802.62,66803.52,66806.22,66806.23,66806.24,66806.25,66806.35,66806.88,66807.15,2.29613,0.00008,0.00016,0.18069,0.10363,0.00009,0.003,0.00008,0.00016,0.05658,0.31409,0.00607,0.00008,0.00008,0.00008,0.00008,0.00045,0.0009,0.00008,0.00012
98,66804.99,66804.98,66804.34,66804.33,66803.99,66803.98,66803.72,66803.68,66803.52,66803.51,66805,66805.01,66805.7,66805.72,66806,66806.24,66806.35,66806.39,66806.88,66807.15,2.01313,0.00016,0.00024,0.49421,0.00008,0.00008,0.00008,0.00008,0.00008,0.00008,1.90625,0.00016,0.00009,0.00008,0.0012,0.00009,0.0009,0.00008,0.00308,0.00012
99,66757.28,66757.27,66756.93,66756.66,66756.64,66756.48,66756.14,66756.13,66756.01,66756,66757.29,66757.3,66758.25,66758.81,66759.11,66759.12,66759.13,66759.46,66759.84,66759.92,0.41093,0.00072,0.00247,0.00495,0.00009,0.00008,0.00024,0.01542,0.00008,0.00128,4.08329,0.00008,0.003,0.00008,0.02157,0.06112,0.00757,0.00022,0.00008,0.003
100,66700.2,66700.19,66700.02,66700,66699.77,66699.76,66699.68,66699.67,66699.54,66699.36,66700.21,66700.22,66700.38,66700.39,66700.4,66701.47,66701.84,66702.72,66703.14,66703.62,0.48396,0.00064,0.00021,0.0012,0.00024,0.10016,0.00008,0.00558,0.0009,0.00008,3.17283,0.00008,0.00749,0.09363,0.3069,0.003,0.00008,0.00008,0.003,0.00749
101,66659.87,66659.86,66659.72,66659.04,66658.14,66658.05,66657.34,66656.77,66656.38,66655.68,66659.88,66659.89,66659.9,66660,66660.57,66660.66,66661.18,66661.29,66661.37,66661.65,3.27076,0.00008,0.003,0.00008,0.012,0.003,0.10802,0.00008,0.003,0.00008,1.19911,0.00048,0.00008,0.0008,0.00441,0.00031,0.00008,0.00008,0.00008,0.00009
102,66700.33,66700.32,66700.31,66700.06,66699.71,66699.68,66699.54,66699.53,66699.36,66699.17,66700.34,66700.35,66701.47,66701.63,66701.7,66701.71,66701.72,66701.84,66701.85,66702,1.41097,0.00008,0.00248,0.00072,0.006,0.006,0.00016,0.49499,0.00008,0.00008,2.00669,0.00008,0.003,0.00008,0.00008,0.03333,0.10393,0.00008,0.00009,0.0012
103,66646.76,66646.75,66646.67,66646.6,66646.38,66646.37,66646.36,66646.32,66646.25,66646.19,66646.77,66646.78,66648.14,66648.7,66648.96,66651.83,66651.84,66651.85,66651.86,66652.32,2.21926,0.01597,0.0006,0.00008,0.00016,0.15132,0.10621,0.00115,0.00077,0.00091,0.50618,0.00016,0.00016,0.00136,0.00008,0.00024,0.40921,0.00016,0.0001,0.00008
104,66622.71,66622.7,66622.08,66621.71,66621.7,66621.31,66620.77,66620.76,66619.83,66619.82,66622.72,66622.73,66623.98,66623.99,66624,66624.1,66624.64,66624.8,66625.42,66625.43,1.98991,0.00008,0.00008,0.0844,0.05666,0.00429,0.00008,0.00008,0.21004,0.22524,0.00722,0.0004,0.00008,0.00008,0.0012,0.00008,0.00008,0.00009,0.00008,0.00008
105,66666.19,66666.18,66665.76,66665.6,66665.59,66665.58,66665.57,66665.56,66665.52,66664.73,66666.2,66666.21,66667.36,66667.7,66668,66668.35,66668.63,66668.75,66668.76,66668.82,3.73781,0.00008,0.00008,1.00259,0.49508,0.00038,0.35346,0.00064,0.01527,0.003,0.00081,0.00024,0.00009,0.00027,0.0012,0.00009,0.00008,0.00024,0.02999,0.00008
106,66678,66677.99,66677.96,66677.95,66677.28,66676.62,66676.61,66676.5,66676.39,66676.31,66678.01,66678.02,66678.09,66679.06,66679.2,66679.61,66679.62,66679.63,66679.66,66679.67,1.20794,0.00282,0.00024,0.012,0.00009,0.00008,0.00816,0.00369,0.00008,0.00435,3.08251,0.0004,0.003,0.00008,0.00008,0.05363,0.00008,0.00614,0.04688,0.14639
107,66696.86,66696.85,66696.22,66696.21,66696,66694.55,66694.54,66694.53,66694.52,66694.31,66696.87,66696.88,66697.15,66698.13,66698.49,66698.52,66698.53,66698.54,66698.64,66699.36,0.35022,0.00072,0.00024,0.10376,0.00016,0.00008,0.00308,0.00008,0.00823,0.00008,3.65177,0.00008,0.012,0.003,0.00008,0.03765,0.14639,0.00679,0.00016,0.00008
108,66692.19,66692.18,66692.17,66692.03,66692,66691.46,66691.45,66691.44,66691.13,66691.06,66692.2,66692.21,66692.57,66692.58,66692.59,66692.6,66692.64,66692.74,66693.11,66693.12,1.48883,0.00056,0.00234,0.00024,0.0004,0.01208,0.00032,0.01509,0.00008,0.10366,1.99456,0.00008,0.00024,0.49916,0.00008,0.00008,0.00008,0.00008,0.00008,0.003
109,66674.02,66674.01,66674,66673.08,66672.97,66672.86,66672.48,66672.46,66672.45,66672.32,66674.03,66674.04,66675.31,66675.58,66675.84,66676.25,66676.26,66676.27,66676.28,66676.41,1.37715,0.00008,0.00314,0.003,0.00376,0.0009,0.00082,0.00024,0.0149,0.00009,1.37563,0.0004,0.00551,0.00008,0.00008,0.11129,0.22208,0.00008,0.10375,0.00008
110,66679.52,66679.51,66679.26,66679.25,66679.23,66679.22,66679.2,66679.19,66678.53,66678.52,66679.53,66681.76,66682.3,66682.56,66683.09,66683.1,66683.47,66683.64,66683.65,66683.86,1.64619,0.00008,0.00008,0.00008,0.00024,0.10372,0.00032,0.0233,0.00008,0.00016,2.39132,0.00016,0.00008,0.00008,0.00008,0.003,0.00031,0.00008,0.00032,0.012
111,66697.98,66697.97,66697.96,66697.69,66697.68,66697.67,66697.66,66697.16,66696.6,66696.49,66697.99,66698,66698.27,66698.28,66698.46,66698.5,66698.7,66699.16,66699.35,66699.36,2.24018,0.00032,0.03014,0.00008,0.00016,0.00024,0.02599,0.00016,0.00119,0.00008,2.07906,0.00128,0.00016,0.012,0.00726,0.00009,0.00501,0.00008,0.00008,0.00016
112,66710.57,66710.56,66710.36,66710.35,66709.9,66709.44,66708.49,66708.48,66707.68,66707.36,66710.58,66711.24,66711.25,66711.26,66711.27,66711.29,66711.49,66711.53,66711.54,66711.57,0.31846,0.00064,0.00008,0.00008,0.00008,0.00008,0.00024,0.01208,0.00008,0.00316,2.46781,0.00008,0.00008,0.00008,0.00008,0.00016,0.003,0.09382,0.00016,0.00016
113,66686.66,66686.65,66686.26,66686.25,66686.2,66686.19,66685.92,66685.77,66684.83,66684.82,66686.67,66686.79,66687.2,66687.99,66688,66688.44,66688.45,66688.97,66689.28,66689.68,1.08149,0.00024,0.00024,0.104,0.00008,0.00842,0.00008,0.00008,0.00008,0.00008,1.77947,0.00489,0.00009,0.00025,0.0012,0.00008,0.00009,0.00576,0.00008,0.00008
114,66683.7,66683.69,66683.51,66683.17,66683.16,66683.02,66683.01,66682.96,66682.56,66682.54,66683.71,66683.72,66684.77,66685.09,66685.1,66685.92,66686.19,66686.2,66686.44,66686.96,0.48709,0.00064,0.00189,0.00024,0.01485,0.00008,0.0084,0.00008,0.00008,0.00016,5.40605,0.00008,0.003,1.30488,0.00024,0.00008,0.01373,0.19816,0.003,0.01411
115,66772.57,66772.56,66771.61,66771.55,66771.48,66771.47,66771.45,66771.31,66771.3,66771.11,66772.58,66772.59,66772.96,66773.28,66774,66774.19,66774.66,66775,66775.04,66775.23,2.59139,0.00008,0.003,0.00008,0.00016,0.01505,0.00832,0.00016,0.01533,0.00016,1.53839,0.00008,0.0009,0.00008,0.0012,0.00008,0.00008,0.00215,0.00008,0.00008
116,66774.88,66774.87,66774.79,66774.78,66774.23,66774.13,66774.12,66774,66773.76,66773.75,66774.89,66774.9,66774.95,66775.55,66775.57,66776,66776.01,66776.48,66776.51,66776.62,0.1538,0.00411,0.00057,0.00077,0.00008,0.00008,0.00842,0.0012,0.00024,0.01502,2.79383,0.00008,0.003,0.24726,0.35547,0.14639,0.19808,0.00803,0.00073,0.003
117,66721.45,66721.44,66721.43,66720.75,66719.85,66719.84,66719.52,66719.27,66719.26,66718.36,66721.46,66721.47,66721.48,66721.49,66721.51,66721.73,66721.74,66721.95,66721.99,66722,0.67007,0.00215,0.02268,0.0042,0.00852,0.003,0.00008,0.00024,0.01503,0.00016,1.60667,0.00048,0.00008,0.00008,0.00008,0.00016,0.28301,0.00009,0.00016,0.17628
118,66702.18,66702.17,66702.16,66702.06,66702.04,66701.99,66701.66,66701.64,66700.59,66700.57,66702.19,66702.2,66702.72,66702.92,66702.96,66702.99,66703,66703.01,66703.02,66703.03,0.1301,0.01215,0.0038,0.00083,0.00102,0.00008,0.00365,0.00107,0.00075,0.00008,2.16807,0.0019,0.00087,0.00008,0.31944,0.00757,0.17508,0.17508,0.17508,0.17508
119,66740.37,66740.36,66739.88,66739.72,66739.71,66739.7,66739.68,66739.6,66739.57,66739.38,66740.38,66740.39,66741.28,66741.29,66741.3,66741.38,66741.76,66741.92,66741.93,66741.99,3.0134,0.1773,0.17808,0.00026,0.29263,0.2854,0.00008,0.04008,0.00008,0.00008,0.07115,0.00032,0.00024,0.00513,0.00373,0.00008,0.00009,0.00016,0.05,0.00016
120,66790.72,66790.71,66790.51,66790.08,66789.45,66789.44,66788.98,66788.77,66788.76,66788.75,66790.73,66790.74,66790.98,66791.65,66792.76,66792.87,66792.88,66792.94,66792.95,66792.97,1.26323,0.00429,0.00089,0.00008,0.00024,0.49432,0.00008,0.00008,0.00008,0.00824,1.71886,0.00008,0.01619,0.00308,0.00016,0.00008,0.00024,0.00008,0.00008,0.00008
121,66816.14,66816.13,66815.59,66815.48,66814.1,66814.09,66813.8,66813.6,66813.32,66813.31,66816.15,66816.16,66816.88,66816.89,66816.96,66817.12,66817.14,66817.58,66817.59,66817.79,0.98391,0.01082,0.00016,0.00008,0.00024,0.10359,0.00008,0.00008,0.00024,0.01492,1.68679,0.00025,0.05298,0.05,0.00316,0.00008,0.00008,0.00016,0.10367,0.00008
122,66865.38,66865.37,66865.36,66865.19,66865.13,66865.12,66864.71,66864.7,66864.69,66864.04,66865.39,66865.4,66865.68,66865.69,66865.7,66865.76,66866,66866.51,66866.71,66866.73,2.19932,0.00024,0.0114,0.0015,0.00016,0.0414,0.00008,0.00016,0.49392,0.00008,0.55073,0.00016,0.00024,0.22024,0.00008,0.00009,0.00129,0.0009,0.00008,0.00008
123,66853.95,66853.94,66853.37,66853.36,66853.35,66853.34,66853.27,66853.14,66852.84,66852.83,66853.96,66853.97,66853.99,66854.01,66854.26,66854.65,66855.22,66855.23,66855.3,66855.32,0.12154,0.00148,0.00008,0.00692,0.00067,0.00195,0.00371,0.0009,0.00008,0.00008,3.0033,0.14663,0.11305,0.30589,0.03006,0.00008,0.00022,0.00016,0.00008,0.00008
124,66860.64,66860.63,66858.96,66858.68,66858.67,66858.66,66858.54,66858.53,66858.33,66858.28,66860.65,66860.66,66862.94,66863.24,66863.28,66864,66864.35,66864.43,66865.76,66865.98,4.18023,0.00341,0.003,0.00008,0.08084,0.19008,0.00022,0.00008,0.00261,0.00008,0.00815,0.00008,0.00016,0.00008,0.00009,0.00128,0.00031,0.00248,0.00009,0.00008
125,66899.99,66899.98,66899.94,66899.41,66898.58,66898.57,66898.56,66898.22,66897.6,66896.5,66900,66900.01,66900.05,66900.07,66900.09,66900.1,66900.15,66900.36,66900.4,66900.48,1.422,0.02784,0.00008,0.00008,0.00024,0.02308,0.00008,0.00008,0.00308,0.00008,1.16424,0.00032,0.00014,0.00028,0.00016,0.01196,0.00444,0.00015,0.00009,0.00009
126,66958.61,66958.6,66958.08,66955.8,66954.72,66953.88,66953.86,66953.41,66953.3,66953.04,66958.62,66958.69,66958.76,66959.04,66959.12,66959.34,66959.59,66959.66,66959.76,66959.8,0.75161,0.00008,0.00008,0.00008,0.00008,0.21091,0.19228,0.00031,0.00022,0.003,2.42945,0.00821,0.00009,0.00498,0.00008,0.00025,0.00577,0.20403,0.003,0.00009
127,66985.34,66985.33,66985.25,66985.23,66984.96,66984.8,66984.72,66984.67,66984.49,66984.48,66985.35,66986,66986.47,66986.67,66988,66988.01,66988.02,66988.23,66988.24,66988.25,2.29784,0.0004,0.00015,0.00008,0.00008,0.00009,0.00008,0.00125,0.00016,0.10768,1.32578,0.00055,0.00024,0.00008,0.27166,0.07378,0.20114,0.00008,0.00024,0.04138
128,67025.24,67025.23,67025.2,67025.16,67025.15,67024.61,67024.46,67024.21,67023.6,67023.58,67025.25,67025.26,67026.24,67026.25,67026.71,67026.8,67026.88,67026.96,67028,67028.64,3.66595,1.046,0.05024,0.09448,0.05008,0.00817,0.01499,0.00008,0.003,0.02,0.00459,0.00008,0.00015,0.00024,0.00113,0.00009,0.00008,0.00009,0.0008,0.00008
129,67000.37,67000.36,67000.35,67000.31,67000.3,67000.08,67000,66999.99,66999.41,66998.4,67000.38,67000.39,67000.52,67001.21,67001.22,67001.76,67002,67002.31,67002.32,67002.86,2.61056,0.00024,0.05016,0.00016,0.05008,0.003,0.00024,0.11864,0.00008,0.00308,0.06388,0.00467,0.00008,0.00024,0.02272,0.00008,0.00128,0.00008,0.00012,0.00267
130,66989.82,66989.81,66989.45,66989.44,66989.31,66989.2,66988.86,66988.85,66988.69,66988.32,66989.83,66989.84,66990,66990.01,66990.04,66990.48,66990.69,66991.22,66991.34,66991.35,0.58977,0.00286,0.00024,0.01202,0.00008,0.00008,0.00024,0.01485,0.00008,0.00008,2.17272,0.00008,0.003,0.00037,0.009,0.00008,0.00008,0.00008,0.0077,0.10481
131,66973.43,66973.42,66971.58,66971.52,66971.39,66970.89,66970.88,66970.87,66970.26,66969.88,66973.44,66973.45,66973.59,66973.82,66974,66974.01,66974.25,66974.43,66974.44,66974.45,1.12596,0.00056,0.00016,0.00016,0.00008,0.00008,0.00606,0.00598,0.00008,0.00024,1.97986,0.00016,0.0009,0.00904,0.0004,0.00008,0.00008,0.00016,0.04732,0.08016
132,66962.94,66962.93,66961.92,66961.91,66961.88,66961.44,66960.3,66960.29,66960.28,66960.18,66962.95,66962.96,66963.15,66964,66964.11,66964.12,66964.13,66964.56,66964.8,66964.96,2.09014,0.00249,0.00762,0.02043,0.00008,0.00008,0.00026,0.00016,0.01492,0.00016,1.95314,0.00048,0.00009,0.0012,0.00024,0.01827,0.05024,0.00008,0.00316,0.00009
