timestamp,bid_price_0,bid_price_1,bid_price_2,bid_price_3,bid_price_4,bid_price_5,bid_price_6,bid_price_7,bid_price_8,bid_price_9,ask_price_0,ask_price_1,ask_price_2,ask_price_3,ask_price_4,ask_price_5,ask_price_6,ask_price_7,ask_price_8,ask_price_9,bid_size_0,bid_size_1,bid_size_2,bid_size_3,bid_size_4,bid_size_5,bid_size_6,bid_size_7,bid_size_8,bid_size_9,ask_size_0,ask_size_1,ask_size_2,ask_size_3,ask_size_4,ask_size_5,ask_size_6,ask_size_7,ask_size_8,ask_size_9
0,67182.26,67182.25,67182,67181.91,67181.9,67181.54,67181.53,67181.52,67181.37,67181.16,67182.27,67182.28,67182.75,67183.07,67183.2,67183.66,67183.67,67183.68,67183.7,67183.71,0.59077,0.00106,0.0004,0.00024,0.49132,0.00008,0.00016,0.02361,0.00008,0.00314,5.39436,0.00008,0.00008,0.00024,0.003,0.00016,0.37228,0.00752,0.00024,0.99125
1,67172.99,67172.76,67172.71,67171.44,67170.96,67170.83,67170.82,67170.81,67170.47,67169.94,67173,67173.01,67173.19,67173.21,67173.28,67173.95,67174,67174.2,67174.81,67174.92,4.8523,0.00008,0.00022,0.003,0.3503,3.38198,0.42505,0.17508,0.44358,0.00744,0.00442,0.00064,0.00008,0.00008,0.00009,0.00027,0.0012,0.00009,0.0009,0.00009
2,67188.61,67188.6,67188.49,67188.24,67188.16,67188.1,67188.09,67188,67187.94,67187.74,67188.62,67188.63,67188.69,67188.7,67189.41,67189.75,67189.76,67189.8,67189.81,67189.92,0.62588,0.01178,0.00008,0.0009,0.00009,0.00024,0.02764,0.0012,0.00008,0.00008,10.95867,0.00057,0.00008,0.00008,0.00008,0.00016,0.06212,0.00016,0.10306,0.003
3,67166.02,67166,67165.31,67164.74,67164.73,67164.72,67164.36,67164.29,67164.28,67164.27,67166.03,67166.04,67166.1,67168.07,67168.53,67168.67,67168.68,67168.99,67169,67169.01,2.96458,0.0012,0.0565,0.01489,0.08981,0.003,0.11118,0.00744,0.00008,0.00008,0.00491,0.00016,0.00008,0.00026,0.00008,0.00024,0.03008,0.00008,0.00008,0.00008
4,67139.45,67139.44,67137.86,67136.61,67136.6,67136.54,67136.53,67136.32,67136.31,67136.3,67139.46,67139.47,67139.52,67139.99,67140,67140.14,67140.7,67141.02,67141.03,67141.04,0.88647,0.0004,0.01192,0.00008,0.03234,0.00008,0.1075,0.00008,0.00008,0.00008,2.8672,0.00048,0.003,0.00008,0.01236,0.00815,0.00009,0.00008,0.16134,0.10742
5,67131.52,67131.51,67131.1,67130.92,67130.9,67130.67,67130.63,67130.62,67130.29,67130.28,67131.53,67131.54,67132,67132.29,67132.53,67132.54,67132.55,67132.56,67132.7,67132.77,0.77477,0.00048,0.01192,0.00008,0.00008,0.00008,0.00016,0.10307,0.00016,0.1472,2.37123,0.00056,0.0012,0.00029,0.00016,0.10594,0.15576,0.00016,0.00366,0.00008
6,67121.64,67121.63,67121.09,67120.75,67120.74,67120.6,67120.22,67120.21,67120.08,67120.07,67121.65,67121.66,67121.8,67121.81,67121.83,67122.18,67122.72,67122.81,67123.71,67123.99,1.2596,0.00048,0.0009,0.00008,0.00008,0.00009,0.00008,0.00008,0.00016,0.03164,6.23837,0.00008,0.00016,0.28855,0.01192,0.00016,0.00308,0.00008,0.00008,0.00016
7,67095.85,67095.84,67093.24,67092.84,67092.83,67092.49,67091.71,67091.7,67091.64,67091.45,67095.86,67095.87,67096,67096.17,67096.58,67096.75,67096.8,67096.81,67096.82,67097.25,0.04326,0.00048,0.00066,0.00008,0.00008,0.00091,0.00008,0.00008,0.00008,0.00131,2.64703,0.00056,0.0004,0.00008,0.00008,0.05642,0.06416,0.00016,0.00008,0.00008
8,67009.07,67009.06,67008.89,67008.73,67008.49,67008.48,67008,67007.08,67006.7,67006.66,67009.08,67009.09,67009.59,67010.14,67010.16,67010.51,67010.52,67010.54,67010.55,67010.9,1.49549,0.00072,0.00024,0.00366,0.00008,0.00491,0.0012,0.0009,0.00009,0.00597,7.92767,0.00008,0.00008,0.00023,0.003,0.00024,1.85418,0.00016,5.68016,0.01528
9,66935.64,66935.63,66935.62,66935.48,66935.26,66935.2,66935.15,66934.92,66934.91,66934.86,66935.65,66935.66,66936.01,66936.1,66936.24,66936.33,66936.34,66936.36,66937.19,66937.35,0.60901,0.0008,0.00026,0.00016,0.00249,0.00009,0.00011,0.00016,0.00016,0.00008,12.45375,2.72103,0.00016,0.00016,0.003,0.0003,0.00016,0.118,0.00016,0.01194
10,66863.94,66863.93,66863.63,66863.6,66863.59,66863.28,66863.07,66862.94,66862.93,66862.74,66863.95,66863.96,66865.06,66865.07,66865.78,66865.79,66865.85,66866.36,66866.37,66866.38,1.16982,0.00072,0.00055,0.00008,0.00008,0.00009,0.00008,0.00024,0.17758,0.00009,1.92008,0.00008,0.00016,0.05008,0.10435,0.00348,0.01204,0.00016,0.00016,0.00008
11,66912.17,66912.16,66911.28,66911.27,66911.17,66910.95,66910.43,66910.42,66909.69,66909.6,66912.18,66912.19,66912.31,66912.59,66912.72,66912.9,66912.95,66913.02,66913.35,66913.62,2.36947,0.00016,0.00016,0.01479,0.00198,0.00008,0.00598,0.00598,0.11136,0.00825,0.63269,0.00145,0.00074,0.00008,0.003,0.00009,0.00008,0.00008,0.0009,0.00008
12,66925.71,66925.7,66925.69,66925.42,66925.19,66924.54,66924.16,66924,66922.95,66922.51,66925.72,66925.73,66925.87,66926.16,66927.38,66927.39,66927.61,66927.84,66928.62,66928.63,0.11264,0.00064,0.00008,0.00008,0.00013,0.00053,0.49321,0.0008,0.00009,0.00016,10.37968,0.00008,0.04008,0.003,0.20619,0.40311,0.05008,0.003,0.023,0.00027
13,66935.77,66935.76,66934.81,66934.8,66934.79,66934.41,66933.72,66933.17,66933.16,66933.09,66935.78,66935.79,66936.24,66937.75,66937.76,66937.92,66937.98,66937.99,66938,66938.01,1.93744,0.00161,0.00024,0.15059,0.49322,0.00008,0.0001,0.00008,0.00008,0.00008,1.82962,0.0004,0.003,0.06163,0.00008,0.00308,0.00008,0.00008,0.00016,0.00016
14,66988.11,66987.99,66986.98,66986.69,66986.68,66986.64,66986.63,66986.6,66986.59,66986.06,66988.12,66988.13,66989.76,66989.95,66990,66990.43,66991.1,66991.88,66991.89,66991.9,3.99958,0.00008,0.21074,0.00022,0.17516,0.003,0.20716,2.25302,0.34382,0.17516,0.0062,0.0004,0.00009,0.00009,0.0012,0.00229,0.00364,0.00024,0.00008,0.00008
15,66964.55,66964.54,66964.02,66964.01,66964,66963.99,66963.94,66963.93,66963.92,66963.89,66964.56,66964.57,66964.73,66964.96,66965.23,66965.99,66966,66966.11,66966.12,66966.29,4.01559,0.00008,0.00016,0.46663,0.66833,0.17524,0.00835,0.00016,0.17508,0.00038,0.1518,0.00064,0.00011,0.00009,0.00008,0.00008,0.0012,0.00008,0.00008,0.00008
16,66944.86,66944.85,66944.64,66944.08,66944.07,66943.79,66943.77,66943.76,66943.75,66943.74,66944.87,66944.88,66946.32,66946.46,66947.49,66947.5,66947.51,66947.52,66947.53,66947.66,4.08223,0.00008,0.003,0.00016,0.01537,0.00008,0.00016,0.1713,0.17524,0.29606,0.90597,0.00048,0.00028,0.00008,0.00016,0.08477,0.10851,0.00008,0.00016,0.003
17,67020.83,67020.82,67020.19,67018.02,67018.01,67018,67017.99,67017.96,67017.56,67016.95,67020.84,67020.85,67021.33,67021.78,67021.79,67021.92,67022,67022.49,67022.5,67022.79,0.11175,0.00008,0.00008,0.00008,0.00016,0.00874,0.00008,0.00008,0.00008,0.00446,2.61582,0.00008,0.02272,0.00746,0.01537,0.003,0.0012,0.21196,0.38075,0.10723
18,66996.66,66996.65,66996.45,66996.44,66996,66995.77,66995.7,66995.39,66995.3,66995.04,66996.67,66996.68,66998.2,66998.27,66998.38,66998.39,66998.58,66999.28,67000.03,67000.04,2.46181,0.00017,0.00016,0.00363,0.0012,0.00008,0.00039,0.00008,0.00024,0.003,1.24599,0.0004,0.00169,0.00008,0.00008,0.00008,0.00008,0.00008,0.00024,0.09633
19,67017.63,67017.62,67016.88,67016.84,67016.8,67016.79,67016.75,67016.09,67016,67015.96,67017.64,67017.65,67018.44,67018.45,67018.46,67020.85,67021.39,67021.58,67023.42,67023.44,2.12146,0.00008,0.003,0.00008,0.00016,0.00008,0.00009,0.00008,0.0012,0.00008,0.05927,0.00016,0.00008,0.00008,0.00008,0.00033,0.00008,0.00008,0.20285,0.00024
20,67079.99,67079.98,67079.44,67079.43,67079.42,67079.17,67076.42,67076.41,67076.4,67076.39,67080,67080.01,67080.16,67080.4,67080.64,67080.72,67080.83,67081.25,67081.51,67081.67,0.84854,0.0004,0.00008,0.00692,0.00008,0.00008,0.00016,0.02708,0.00049,0.01029,1.90321,0.00008,0.00016,0.00009,0.00008,0.003,0.0009,0.00362,0.00008,0.00016
21,67124.91,67124.9,67124.07,67124,67123.99,67123.91,67123.87,67123.86,67123.45,67123.26,67124.92,67124.93,67125.27,67125.28,67125.29,67126.08,67126.32,67126.33,67127.75,67127.76,1.02579,0.00056,0.00008,0.0004,0.00026,0.00089,0.00008,0.00067,0.00113,0.00008,2.08155,0.00008,0.00016,0.15509,0.33341,0.003,0.00016,0.14024,0.00008,0.003
22,67169.54,67169.53,67168.89,67168.31,67168.3,67168.22,67168.21,67168.08,67167.63,67166.4,67169.55,67169.56,67170.43,67170.85,67170.99,67171,67171.98,67171.99,67172,67172.55,3.39421,0.00008,0.00022,0.11716,0.00008,0.00098,0.22601,0.003,0.00008,0.003,0.13292,0.0004,0.00264,0.00009,0.00008,0.00032,0.00008,0.00008,0.0012,0.00008
23,67230.6,67230.59,67230.09,67230.07,67230.06,67230.04,67230,67229.89,67229.29,67228.95,67230.61,67230.62,67231.17,67231.58,67231.7,67232.02,67232.44,67232.67,67232.73,67232.74,0.131,0.00048,0.01192,0.00008,0.00016,0.00008,0.0008,0.00045,0.00008,0.00112,2.64124,0.04192,0.00016,0.003,0.0152,0.00008,0.0862,0.03224,0.00022,0.00016
24,67353.27,67353.26,67352.36,67351.75,67351.54,67349.67,67348.85,67348.58,67348.41,67348.4,67353.28,67353.29,67353.58,67354.95,67354.97,67354.98,67354.99,67355,67355.11,67355.12,0.00095,0.00056,0.00008,0.00009,0.00354,0.0009,0.00031,0.00008,0.00008,0.00017,3.38717,0.00008,0.05032,0.003,0.01639,0.06068,0.00008,0.00008,0.00125,0.00181
25,67381.9,67381.89,67381.87,67381.86,67381.85,67381.6,67381.44,67381.41,67381.4,67380.51,67381.91,67381.98,67382,67382.01,67382.1,67384.28,67384.8,67385.37,67387.06,67387.3,0.00215,0.00064,0.00008,0.00032,0.00008,0.00009,0.00008,0.00308,0.00008,0.00024,3.97748,0.12717,0.00016,0.00008,0.01188,0.10692,0.00008,0.003,0.003,0.51201
26,67377.97,67377.96,67377.92,67377.69,67377.68,67376.73,67376.72,67376.64,67376.61,67376.37,67377.98,67377.99,67378.08,67380.06,67380.07,67380.08,67381.21,67381.22,67381.44,67381.87,1.4784,0.00056,0.01186,0.00024,0.01504,0.00008,0.00016,0.00009,0.0009,0.00008,3.20373,0.00008,0.00008,0.00016,0.06658,0.22209,0.01186,0.00031,0.00008,0.00016
27,67334.04,67334.03,67334,67333.21,67333.2,67333.19,67333.12,67333.11,67332,67331.91,67334.05,67334.06,67334.4,67334.67,67336,67336.01,67336.19,67336.35,67336.36,67336.97,0.00302,0.00048,0.0012,0.00008,0.00008,0.00008,0.00008,0.00008,0.00129,0.00008,5.29627,0.00008,0.00008,0.003,0.53715,1.17137,0.00893,0.00742,0.003,0.17516
28,67347.16,67347.15,67346.88,67346.5,67346,67345.1,67345.09,67345.05,67344.86,67344.81,67347.17,67347.18,67347.5,67347.84,67347.85,67347.9,67347.98,67348.21,67349.13,67349.41,1.64044,0.00024,0.00009,0.00008,0.0012,0.00016,0.10699,0.00009,0.00016,0.0041,0.82823,0.00024,0.00009,0.00008,0.00008,0.00008,0.00026,0.00112,0.00016,0.00008
29,67341.02,67341.01,67340.73,67340.72,67340.62,67340.61,67340.33,67340.32,67340,67339.66,67341.03,67341.04,67341.08,67341.09,67341.1,67341.12,67341.14,67341.21,67341.87,67342.55,0.91669,0.00048,0.00024,0.01196,0.00008,0.00016,0.00016,0.10306,0.0022,0.0001,1.3168,0.00008,0.00016,0.03065,0.02251,0.00008,0.00008,0.00024,0.00008,0.00008
30,67344.47,67344.46,67344.45,67343.84,67343.62,67343.59,67343.54,67343.53,67343.22,67343.08,67344.48,67344.49,67344.76,67344.77,67344.78,67345.04,67345.05,67345.22,67345.3,67345.89,1.34522,0.00917,0.00132,0.00008,0.00008,0.00104,0.00016,0.05008,0.00008,0.01188,1.09662,0.00008,0.00499,0.0429,0.00008,0.00016,0.00009,0.00008,0.00373,0.00008
31,67346.75,67346.74,67346.5,67345.9,67344.81,67344.48,67344.47,67344.04,67343.34,67343.19,67346.76,67346.77,67347.07,67347.69,67347.7,67347.71,67347.84,67348,67348.4,67349.11,4.10341,0.00008,0.003,0.00008,0.003,0.13806,0.03208,0.00022,0.00008,0.25777,0.00175,0.00048,0.00008,0.00008,0.00008,0.00008,0.00008,0.0012,0.00009,0.00008
32,67357.96,67357.95,67357.92,67357.84,67357.52,67357.51,67357.29,67356.8,67356.44,67356.43,67357.97,67357.98,67358.33,67359.74,67359.75,67360.02,67360.11,67361.23,67361.28,67361.71,0.87789,0.00359,0.00095,0.00106,0.00024,0.01196,0.00008,0.00009,0.00024,0.10278,3.1949,0.00008,0.003,0.00016,0.04008,0.003,0.00008,0.00031,0.00008,0.003
33,67317.47,67317.46,67317.43,67317.12,67316.29,67316.01,67316,67315.71,67314.92,67314.91,67317.48,67317.49,67317.59,67317.6,67317.77,67317.85,67317.86,67317.87,67318.08,67318.41,0.30308,0.00072,0.0048,0.00009,0.00484,0.0009,0.0012,0.00099,0.00008,0.00016,1.79973,0.00008,0.00016,0.00008,0.003,0.00016,1.04644,0.1071,0.04008,0.00008
34,67297.43,67297.42,67294.83,67294.82,67294.78,67294.77,67294.19,67294.18,67294.08,67294.07,67297.44,67297.45,67297.49,67297.83,67297.86,67298,67298.01,67298.11,67298.15,67298.31,0.02743,0.01828,0.00008,0.00008,0.00016,0.01196,0.00016,0.10284,0.00024,0.00687,3.04134,0.00008,0.003,0.00008,0.00008,0.0004,0.00008,0.00008,0.00009,0.00008
35,67327.13,67327.12,67325.4,67325.39,67325.12,67324.95,67324.94,67324.86,67324.53,67324.49,67327.14,67327.15,67327.6,67327.68,67328,67328.3,67329.19,67329.29,67329.36,67329.37,2.84712,0.00008,0.00042,0.00008,0.00008,0.00107,0.01712,0.00008,0.003,0.00008,0.18594,0.00064,0.00008,0.00008,0.0012,0.00009,0.00016,0.00008,0.00016,0.1029
36,67312.12,67312.11,67312,67311.89,67311.55,67311.21,67311.2,67311.05,67310.88,67310.86,67312.13,67312.14,67312.7,67313.98,67314.24,67314.38,67314.39,67315.98,67315.99,67316,0.53284,0.00088,0.0012,0.00008,0.00009,0.00008,0.00008,0.00008,0.00008,0.00008,4.35737,0.00008,0.003,0.00046,0.00008,0.0075,0.003,0.00027,0.98903,1.24724
37,67247.68,67247.67,67247.04,67246.8,67246.55,67246.3,67246.27,67246,67245.13,67245.12,67247.69,67247.7,67247.73,67248.12,67248.48,67248.71,67249.25,67249.26,67249.38,67249.79,0.01011,0.03736,0.00008,0.00008,0.0024,0.00478,0.00008,0.0012,0.00008,0.00021,2.55426,0.00008,0.00008,0.00008,0.003,0.00008,0.37191,0.1488,0.00008,0.67912
38,67256.29,67256.28,67256,67255.45,67255.42,67254.7,67254.6,67254.19,67254.02,67254.01,67256.3,67256.31,67256.56,67256.57,67256.83,67256.84,67256.85,67256.86,67256.93,67257.06,0.6921,0.00207,0.00376,0.0009,0.00008,0.00008,0.00009,0.00008,0.00008,0.00751,4.31337,0.02445,0.00016,0.00818,0.06712,0.01145,0.00016,0.01523,0.003,0.00897
39,67240.32,67240.31,67240.17,67240.01,67240,67239.98,67239.97,67239.79,67239.34,67238.8,67240.33,67240.34,67241.17,67241.72,67241.91,67241.95,67241.96,67242.01,67242.02,67242.31,1.76727,0.02973,0.00011,0.00024,0.01344,0.00016,0.10289,0.00431,0.00008,0.00022,1.71223,0.00008,0.00008,0.003,0.0119,0.00016,0.02,0.00024,0.10982,0.10281
40,67194.88,67194.87,67194.19,67193.77,67193.28,67192.67,67191.83,67191.8,67191.49,67191.48,67194.89,67194.9,67194.94,67194.95,67194.96,67195.88,67196,67196.38,67196.44,67196.64,1.86001,0.00008,0.00027,0.00008,0.00008,0.00008,0.00604,0.00603,0.00016,0.04074,1.76347,0.05072,0.00024,0.05016,0.00106,0.0003,0.0004,0.00241,0.00008,0.00308
41,67060.96,67060.95,67060.55,67060.54,67060.12,67060.11,67059.69,67059.68,67059.67,67059.66,67060.97,67060.98,67061.04,67061.05,67061.07,67061.16,67061.18,67061.2,67061.21,67061.48,2.11607,0.00008,0.00016,0.1226,0.00016,0.01491,0.00016,0.1291,0.02935,0.00044,1.5394,0.00056,0.00008,0.00788,0.0009,0.00008,0.00191,0.00008,0.00174,0.00024
42,67028.64,67028.63,67026.96,67025.29,67025.28,67024.84,67024.83,67024.43,67024.42,67023.61,67028.65,67028.66,67030.29,67030.31,67030.32,67031.46,67032,67032.3,67032.31,67032.45,1.32457,0.00008,0.00009,0.00024,0.00827,0.00024,0.01525,0.00024,0.01536,0.00008,2.13213,0.00008,0.00498,0.00043,0.003,0.00008,0.00308,0.00008,0.00008,0.33124
43,67027,67026.99,67026.96,67026.95,67026.35,67026.34,67026.33,67026.22,67026,67025.55,67027.01,67027.02,67027.03,67027.85,67027.86,67027.87,67027.88,67028.22,67028.23,67028.37,2.67101,0.00116,0.00078,0.05115,0.00016,0.00915,0.00137,0.00008,0.0004,0.00008,0.52117,0.00032,0.00008,0.00008,0.00008,0.00008,0.00008,0.00016,0.00008,0.00008
44,67031.81,67031.8,67030.56,67030.28,67030.27,67030.24,67029.84,67029.83,67029.71,67029.7,67031.82,67031.83,67031.88,67032,67032.62,67033.49,67033.5,67033.56,67033.57,67033.58,1.73239,0.00008,0.00055,0.00016,0.01202,0.00008,0.00016,0.1291,0.00016,0.01488,1.41514,0.00024,0.00198,0.00428,0.00008,0.00016,0.00009,0.00024,0.22216,0.00016
45,67011.8,67011.79,67011.41,67011.4,67011.26,67011.25,67010.81,67010.16,67010.15,67010.14,67011.81,67011.82,67012,67013.12,67013.14,67013.15,67013.4,67013.41,67013.48,67013.51,3.40103,0.00008,0.00016,0.01475,0.00016,0.0565,0.00008,0.003,0.00016,0.11066,0.30982,0.00008,0.0008,0.00008,0.00008,0.00008,0.00017,0.00008,0.00008,0.00008
46,66985.65,66985.64,66984.96,66984.8,66984.68,66984.67,66984.36,66984.35,66984,66983.25,66985.66,66985.67,66986.64,66986.67,66988.12,66988.13,66988.14,66988.15,66988.16,66988.17,1.70187,0.00032,0.00062,0.00009,0.00008,0.00016,0.00024,0.01517,0.00128,0.00135,1.84105,0.00008,0.003,0.00008,0.00016,0.00901,0.00026,0.00016,0.12535,0.31929
47,67005.99,67005.98,67005.21,67005.12,67005.11,67004.78,67004.73,67004.65,67004.64,67004.34,67006,67006.01,67006.7,67006.81,67007.09,67007.45,67008,67008.3,67008.31,67008.48,2.92039,0.00008,0.00008,0.00308,0.00008,0.00008,0.00008,0.00016,0.05008,0.00008,1.037,0.00032,0.00009,0.00008,0.0009,0.00008,0.0012,0.00008,0.0048,0.00008
48,66993.96,66993.95,66993.55,66993.54,66993.41,66993.36,66993.32,66993.31,66991.68,66991.45,66993.97,66993.98,66995.04,66995.76,66996.53,66996.54,66996.55,66996.56,66996.66,66997.05,2.69993,0.00008,0.00008,0.00008,0.00008,0.003,0.00016,0.10751,0.00308,0.00016,0.35837,0.00032,0.00008,0.00008,0.00008,0.00008,0.00032,0.5907,0.00008,0.00008
49,66984.22,66984.21,66984.01,66984,66983.45,66983.33,66983.25,66983.18,66982.01,66982,66984.23,66984.24,66984.53,66984.96,66984.97,66985.33,66986.04,66986.08,66986.09,66986.1,0.97911,0.00056,0.00024,0.13062,0.00486,0.00008,0.00009,0.00008,0.00008,0.0012,1.7929,0.00008,0.00024,0.00008,0.00588,0.00008,0.00009,0.00897,0.001,0.00197
50,66960,66959.99,66959.96,66959.95,66959.81,66959.8,66959.75,66959.74,66959.2,66958.13,66960.01,66960.18,66960.77,66960.78,66960.79,66961.2,66961.21,66961.44,66961.87,66962.12,1.7579,0.00302,0.00016,0.05024,0.00106,0.00017,0.00016,0.02214,0.00008,0.00051,1.44684,0.00008,0.0004,0.05158,0.04201,0.00008,0.00031,0.00008,0.00008,0.00008
51,66955.65,66955.64,66955.34,66955.33,66955.2,66955.04,66954.72,66954,66953.84,66953.77,66955.66,66956.35,66956.36,66956.51,66958.08,66958.09,66958.2,66958.79,66958.8,66958.94,2.07427,0.01021,0.00008,0.00008,0.00316,0.00009,0.00008,0.0012,0.00008,0.00024,1.93334,0.00024,0.00008,0.00008,0.00008,0.00894,0.00008,0.00131,0.00008,0.00016
52,66991.99,66991.98,66991.78,66991.74,66991.73,66991.68,66991.28,66991.27,66990.84,66990.83,66992,66992.07,66992.8,66993.06,66993.08,66993.29,66993.3,66993.31,66993.36,66993.37,1.22298,0.00072,0.00008,0.00008,0.00605,0.00008,0.00024,0.49299,0.00008,0.0101,1.65867,0.00008,0.00008,0.00008,0.00008,0.00016,0.0857,0.05,0.003,0.00008
53,66967.43,66967.42,66967.41,66966.92,66966.91,66966.89,66966.61,66966.6,66966.58,66966.5,66967.44,66967.64,66967.65,66967.66,66967.67,66967.68,66967.7,66968.16,66968.58,66968.91,0.11621,0.0004,0.00272,0.00008,0.00016,0.0009,0.00016,0.49293,0.00008,0.00017,4.5906,0.00016,1.92404,0.00016,4.59022,1.7918,0.00776,0.00308,0.00008,0.00746
54,66947.65,66947.64,66947.63,66946.48,66946.47,66946.32,66946.19,66946.18,66945.8,66945.5,66947.66,66947.67,66947.88,66948,66948.47,66949.75,66949.81,66949.99,66950,66950.08,1.66585,0.1598,0.0536,0.00016,0.12932,0.003,0.00016,0.05682,0.00008,0.01493,0.81424,0.00016,0.00008,0.00128,0.00008,0.00009,0.00367,0.00024,0.03241,0.00009
55,66909.89,66909.88,66909.86,66909.85,66909.81,66909.8,66908.94,66907.68,66907.39,66907.38,66909.9,66909.91,66910,66910.4,66910.52,66910.62,66910.94,66911.04,66911.07,66911.21,1.81496,0.00008,0.00016,0.05016,0.13017,0.05008,0.00008,0.00308,0.00016,0.36136,1.96824,0.00016,0.0012,0.00009,0.00008,0.00008,0.00008,0.00008,0.00008,0.00008
56,66879.4,66879.39,66879.09,66878.64,66878.57,66878.44,66878.34,66878.17,66878,66877.82,66879.41,66879.88,66879.9,66879.91,66879.92,66880.01,66880.72,66880.8,66880.88,66881.66,0.00252,0.00064,0.00009,0.00074,0.00042,0.00016,0.00026,0.00033,0.0012,0.00008,5.16441,0.00008,0.05298,1.28431,0.03208,0.16133,3.49695,0.00308,0.00008,0.04
57,66815.97,66815.96,66815.95,66815.93,66815.92,66815.42,66815.41,66815.31,66815.3,66815.14,66815.98,66816.01,66816.02,66816.31,66816.45,66816.67,66816.96,66817.12,66817.15,66817.36,0.79154,0.00088,0.00139,0.00016,0.0151,0.00008,0.00008,0.00024,0.01504,0.00016,1.23554,0.00008,0.01,0.00008,0.00045,0.00016,0.00008,0.00008,0.00008,0.00008
58,66820.69,66820.68,66820.55,66820.54,66820.32,66820.15,66820.14,66820,66819.9,66819.89,66820.7,66820.71,66822.49,66822.5,66822.51,66822.89,66823.68,66823.83,66824.52,66824.6,1.26119,0.00936,0.00024,0.02272,0.00008,0.00024,0.13482,0.0012,0.00024,0.49417,2.01468,0.00008,0.00016,0.02002,0.0004,0.00008,0.00308,0.00008,0.00008,0.00008
59,66742.33,66742.32,66742.01,66742,66741.39,66741.04,66741.01,66740.72,66739.87,66739.69,66742.34,66742.35,66742.39,66742.4,66742.43,66742.44,66743.04,66744,66744.07,66744.49,1.46554,0.00121,0.15941,0.49467,0.00082,0.00008,0.00844,0.00086,0.05642,0.00027,2.2241,0.00024,0.00016,0.01632,0.00016,0.13024,0.00008,0.00968,0.00008,0.00008
60,66781.43,66781.42,66780,66779.98,66779.97,66779.96,66779.6,66779.42,66779.41,66779.04,66781.44,66781.45,66781.85,66781.86,66781.87,66782,66782.25,66782.39,66782.45,66782.46,3.27291,0.00008,0.00008,0.00016,0.03555,0.003,0.00008,0.00024,0.0565,0.00016,0.71783,0.00008,0.00008,0.00008,0.01062,0.0012,0.00009,0.00008,0.00024,0.15032
61,66803.27,66803.26,66801.98,66801.97,66801.96,66801.71,66801.65,66801.64,66801.12,66801.11,66803.28,66803.52,66803.91,66803.92,66804,66804.17,66804.38,66804.43,66804.5,66804.63,0.04434,0.00072,0.00008,0.00008,0.00049,0.00008,0.00016,0.49415,0.00016,0.04285,2.99665,0.00316,0.03445,0.00016,0.0012,0.00008,0.00008,0.00016,0.00008,0.05
62,66817.35,66817.34,66816.97,66816.96,66816.95,66816.87,66816.47,66816.46,66816.37,66816.36,66817.36,66817.37,66818,66818.2,66818.21,66818.64,66818.96,66819.1,66819.13,66819.2,1.87483,0.0004,0.00008,0.00032,0.62884,0.01206,0.00024,0.24516,0.00016,0.0059,1.51332,0.00008,0.00128,0.00016,0.04492,0.003,0.00008,0.00009,0.00008,0.05
63,66778.25,66778.24,66778.08,66778.07,66777.58,66776.64,66776.62,66776.35,66776.34,66776.33,66778.26,66778.27,66778.45,66778.46,66778.72,66779.42,66779.52,66779.56,66779.57,66779.58,4.30708,0.00443,0.00016,0.01206,0.00008,0.00008,0.003,0.00016,0.02742,0.05642,1.56022,0.00016,0.00016,0.01206,0.00008,0.00008,0.00016,0.00024,0.04062,0.13511
64,66813.26,66813.25,66812.68,66812.67,66812.43,66811.92,66811.76,66811.37,66811.22,66811.21,66813.27,66813.28,66813.46,66813.6,66813.87,66813.88,66814,66814.72,66815.45,66815.54,2.98365,0.0184,0.00016,0.04217,0.00008,0.003,0.00008,0.00024,0.00016,0.19245,1.57223,0.00016,0.00488,0.00008,0.00366,0.00012,0.0012,0.00031,0.00008,0.00009
65,66754.4,66754.39,66754,66753.75,66753.51,66753.5,66753.24,66753.12,66752.99,66752.98,66754.41,66754.91,66755.99,66756,66756.01,66756.14,66756.15,66756.48,66756.58,66757.69,1.0868,0.00048,0.00128,0.00008,0.00008,0.00008,0.00132,0.00008,0.00008,0.01062,5.21814,0.003,0.00016,0.10006,0.33169,0.00016,0.05,0.00008,0.003,0.00016
66,66668.46,66668.45,66668.4,66668.39,66668.38,66668.35,66668,66667.67,66667.52,66667.51,66668.47,66668.48,66668.5,66668.54,66668.55,66669.12,66669.66,66669.68,66669.74,66670.35,0.82556,0.00064,0.00024,0.01573,0.00282,0.00009,0.0012,0.00008,0.00016,0.49514,4.91074,0.00008,0.05016,0.09932,0.05008,0.00008,0.04008,0.00008,0.003,0.00008
67,66683.68,66683.67,66682.6,66682.56,66682.21,66682.2,66681.8,66681.79,66681.43,66680.47,66683.69,66683.7,66684,66684.19,66684.2,66684.4,66684.51,66684.52,66684.88,66685.09,1.64333,0.00032,0.012,0.00008,0.11872,0.10375,0.00008,0.00008,0.003,0.00016,1.58436,0.00024,0.0012,0.00024,0.01208,0.00485,0.14728,0.10391,0.00024,0.00016
68,66731.84,66731.83,66731.2,66730.67,66730.12,66730,66729.81,66729.64,66729.63,66729.6,66731.85,66731.86,66732.96,66733.2,66733.34,66733.61,66733.62,66733.63,66734.87,66735.11,2.04014,0.10441,0.00076,0.00008,0.00027,0.00048,0.00016,0.00008,0.00008,0.00008,2.71642,0.00016,0.00008,0.003,0.00008,0.00016,0.07646,0.00671,0.003,0.00016
69,66706.87,66706.86,66706.48,66706.21,66706.08,66706.07,66706,66705.88,66705.87,66705.86,66706.88,66706.89,66707.21,66709.44,66709.57,66711.43,66711.44,66711.45,66712.64,66712.8,2.44206,0.00008,0.003,0.0009,0.00008,0.00008,0.0008,0.00008,0.07417,0.04023,0.00586,0.00024,0.00008,0.00008,0.00008,0.18075,0.00024,0.00008,0.00008,0.00008
70,66682.63,66682.62,66682.56,66682.24,66682.17,66682.05,66682,66681.84,66681.76,66681.75,66682.64,66682.65,66683.03,66683.04,66685.1,66685.11,66685.92,66685.96,66686.17,66686.18,1.90382,0.00008,0.00008,0.00009,0.0026,0.00077,0.0012,0.1039,0.00008,0.00017,0.11471,0.00024,0.0003,0.00008,0.00008,0.00016,0.00008,0.00009,0.00008,0.13957
71,66685.99,66685.98,66685.97,66685.96,66685.95,66685.92,66685.91,66685.9,66685.46,66684.28,66686,66686.01,66686.2,66686.43,66686.44,66686.91,66686.93,66686.94,66686.96,66686.99,0.9069,0.00072,0.00086,0.00024,0.05016,0.00008,0.00024,0.05016,0.00008,0.00016,1.49869,0.00008,0.0009,0.00008,0.003,0.00236,0.11881,0.10387,0.00008,0.00008
72,66735.32,66735.31,66735.3,66735.16,66735.15,66734.98,66733.24,66733.23,66733.14,66732.96,66735.33,66735.34,66735.35,66735.66,66735.67,66735.73,66736,66736.02,66736.32,66736.54,1.0906,0.00072,0.03573,0.00016,0.01208,0.00008,0.00008,0.00008,0.00008,0.00008,1.55152,0.00024,0.00009,0.00008,0.00253,0.00008,0.0012,0.00008,0.00008,0.003
73,66749.75,66749.74,66748.87,66748.86,66748.85,66748.77,66747.45,66747.27,66746.56,66746.46,66749.76,66749.77,66750,66750.71,66751.55,66751.56,66751.57,66751.88,66752,66752.1,0.78709,0.00048,0.00024,0.00016,0.00008,0.00008,0.49447,0.00016,0.003,0.00008,1.92499,0.00008,0.0012,0.00008,0.13437,0.11453,0.12469,0.00008,0.00128,0.00009
74,66712.63,66712.62,66712.61,66712.47,66712.46,66711.69,66711.68,66711.67,66711.66,66711.49,66712.64,66712.65,66712.69,66712.7,66712.8,66712.89,66712.93,66713.46,66713.47,66713.48,1.98381,0.00024,0.00784,0.00016,0.01208,0.00016,0.0366,0.00016,0.10814,0.003,1.63058,0.05032,0.00024,0.05,0.00008,0.0009,0.00012,0.00008,0.00016,0.00016
75,66683.15,66683.14,66683.13,66682.56,66681.25,66680.61,66680.6,66680.57,66680.38,66680.35,66683.16,66684.77,66684.94,66684.95,66685.02,66685.09,66685.53,66685.91,66685.92,66685.96,0.60029,0.00064,0.00186,0.00107,0.00008,0.00008,0.0004,0.003,0.00074,0.00024,4.6359,0.003,0.01587,0.05,0.00899,0.00008,0.00966,0.00749,0.00008,0.00009
76,66616.49,66616.48,66616.47,66616.46,66616.45,66616.41,66616.4,66616.37,66615.58,66615.57,66616.5,66616.51,66616.84,66617.31,66617.4,66617.76,66618,66618.1,66618.45,66618.46,1.46369,0.00008,0.001,0.00016,0.05016,0.00016,0.05016,0.0121,0.00016,0.10824,1.47008,0.00008,0.00153,0.00008,0.00008,0.00009,0.0012,0.00009,0.09852,0.13858
77,66646.36,66646.35,66646.31,66646.3,66646.14,66645.6,66645.56,66645.19,66643.84,66642.97,66646.37,66646.38,66646.74,66647.88,66648.02,66648.03,66648.05,66648.23,66648.73,66648.74,1.13472,0.54594,0.00016,0.05024,0.00432,0.00008,0.00008,0.00008,0.00008,0.00008,1.8412,0.00016,0.00324,0.00016,0.03614,0.00308,0.00008,0.00008,0.00008,0.00016
78,66717.57,66717.56,66717.55,66717.26,66717.23,66717.22,66717.21,66717.2,66717.17,66717.16,66717.58,66717.59,66718,66718.17,66718.23,66718.6,66718.8,66719.3,66719.31,66719.43,1.07843,0.0008,0.01417,0.00014,0.00008,0.00519,0.00024,0.01507,0.00016,0.10802,2.07062,0.00016,0.0012,0.003,0.0003,0.00009,0.0049,0.03658,0.11809,0.00008
79,66781.51,66781.5,66781.49,66781.44,66780.84,66780.83,66780.72,66780.7,66780.69,66780.6,66781.52,66781.53,66781.63,66781.89,66781.9,66781.91,66783.3,66783.36,66783.39,66783.41,0.53148,0.00096,0.01206,0.00009,0.00024,0.01504,0.00365,0.00016,0.10787,0.00024,3.25561,0.00008,0.003,0.14044,0.45808,0.00878,0.003,0.00008,1.06523,0.00032
80,66745.25,66745.24,66745.11,66744.89,66744.5,66744,66743.41,66743.29,66743.28,66743.26,66745.26,66745.27,66745.32,66745.33,66746.4,66747.46,66747.86,66747.99,66748,66748.03,1.84651,0.00016,0.00829,0.00092,0.00012,0.0012,0.00082,0.00016,0.01507,0.00016,1.47956,0.00016,0.00008,0.00008,0.00008,0.0005,0.00008,0.00008,0.00008,0.00016
81,66692.9,66692.89,66692.87,66692.78,66692.75,66692.74,66692.64,66692.16,66692,66691.8,66692.91,66692.92,66693.12,66693.68,66693.69,66693.7,66693.85,66694.45,66694.47,66694.6,0.46862,0.0004,0.00151,0.00009,0.00024,0.01544,0.00008,0.00009,0.0012,0.00009,2.87076,0.00008,0.003,0.1562,0.33571,0.05422,0.00008,0.00016,0.00008,0.01208
82,66696.19,66696.18,66696.01,66696,66695.99,66695.24,66695.23,66695.2,66695.19,66695.15,66696.2,66696.21,66696.9,66697.12,66697.97,66698,66698.29,66698.5,66699.36,66699.54,2.90545,0.00423,0.00027,0.00008,0.00022,0.65712,1.79804,0.22609,0.00008,0.00008,0.06445,0.00032,0.00036,0.00009,0.00008,0.0012,0.00008,0.00009,0.00008,0.0009
83,66701.35,66701.34,66701.19,66701.18,66700.18,66699.36,66698.5,66698.49,66698.13,66697.22,66701.36,66701.37,66701.44,66701.85,66701.97,66702,66702.08,66702.33,66702.34,66702.5,0.7023,0.00008,0.00024,0.10814,0.01208,0.00008,0.00024,0.1181,0.003,0.00031,1.98236,0.00016,0.00299,0.00009,0.00008,0.0012,0.00009,0.00008,0.00008,0.00367
84,66739.68,66739.67,66739.66,66739.65,66739.61,66739.6,66739.59,66739.58,66739.57,66738.89,66739.69,66739.7,66739.88,66740.73,66741.09,66741.2,66741.21,66741.55,66741.73,66742.04,0.15198,0.0004,0.00016,0.05008,0.00016,0.05016,0.00024,0.03227,0.0009,0.00008,4.60347,0.00008,0.003,0.01208,0.00022,0.22519,0.341,0.003,0.108,0.22765
85,66742.41,66742.4,66741.39,66740.52,66740.46,66740.43,66740.42,66740.23,66739.88,66739.83,66742.42,66742.53,66742.54,66742.72,66743,66743.04,66743.05,66744,66744.07,66744.25,1.3616,0.00085,0.00008,0.00009,0.00757,0.00016,0.44978,0.00008,0.003,0.00008,1.96307,0.00008,0.00016,0.00008,0.00008,0.00008,0.00008,0.0004,0.00008,0.00008
86,66788.06,66788.05,66788,66787.34,66787.33,66786.97,66786.72,66786.71,66786.7,66786.6,66788.07,66788.08,66788.66,66788.67,66788.8,66788.97,66789.97,66790.08,66790.59,66790.6,1.29292,0.00572,0.0008,0.00016,0.01485,0.00008,0.00143,0.00016,0.10805,0.00371,1.96476,0.00008,0.00008,0.00031,0.00008,0.00008,0.00026,0.00008,0.00008,0.00008
87,66775.99,66775.98,66775.56,66775.55,66775.54,66775.33,66775.32,66775.04,66775.03,66774.98,66776,66776.48,66776.62,66776.64,66776.9,66777.38,66777.39,66777.57,66777.68,66778,0.76509,0.00178,0.00008,0.00066,0.00008,0.00024,0.03002,0.00057,0.00008,0.00024,2.28139,0.00009,0.003,0.00008,0.00008,0.10341,0.1035,0.00008,0.00008,0.0012
88,66813.24,66813.23,66813.22,66812.92,66812.91,66812.43,66812.09,66811.57,66811.56,66811.35,66813.25,66813.6,66814,66814.11,66814.12,66814.13,66814.43,66814.82,66815.03,66815.06,0.70578,0.0004,0.00188,0.00024,0.10365,0.00008,0.00071,0.00024,0.05666,0.01469,2.34652,0.17548,0.0004,0.00028,0.00008,0.00008,0.00008,0.00008,0.00016,0.53288
89,66816.57,66816.56,66816.49,66816.24,66816.23,66816,66815.79,66815.75,66815.54,66815.16,66816.58,66816.96,66818.61,66818.63,66818.64,66819.91,66819.92,66820.28,66820.29,66820.3,0.70415,0.00088,0.00016,0.00024,0.10353,0.0012,0.00008,0.00009,0.00009,0.00024,2.35512,0.00308,0.00748,0.00027,0.003,0.24625,0.00826,0.20588,0.14631,0.17554
90,66802.6,66802.59,66802.22,66802.21,66802.2,66801.9,66801.84,66801.71,66801.4,66801.39,66802.61,66802.62,66803.52,66806.22,66806.23,66806.24,66806.25,66806.35,66806.88,66807.15,2.29613,0.00008,0.00016,0.18069,0.10363,0.00009,0.003,0.00008,0.00016,0.05658,0.31409,0.00607,0.00008,0.00008,0.00008,0.00008,0.00045,0.0009,0.00008,0.00012
91,66804.99,66804.98,66804.34,66804.33,66803.99,66803.98,66803.72,66803.68,66803.52,66803.51,66805,66805.01,66805.2,66805.3,66805.31,66805.33,66805.34,66805.7,66805.72,66806,0.91327,0.00032,0.00024,0.49421,0.00008,0.00008,0.00008,0.00008,0.00008,0.00008,2.35552,0.00024,0.003,0.00016,0.01198,0.00016,0.10348,0.00009,0.00008,0.0012
92,66757.28,66757.27,66756.93,66756.66,66756.64,66756.48,66756.14,66756.13,66756.01,66756,66757.29,66757.3,66758.25,66758.81,66759.11,66759.12,66759.13,66759.46,66759.84,66759.92,0.39161,0.0008,0.00247,0.00495,0.00009,0.00008,0.00024,0.01542,0.00008,0.00128,4.08365,0.00008,0.003,0.00008,0.02157,0.06112,0.00757,0.00022,0.00008,0.003
93,66700.2,66700.19,66700.02,66700,66699.77,66699.76,66699.68,66699.67,66699.54,66699.36,66700.21,66700.22,66700.38,66700.39,66700.4,66701.47,66701.84,66702.72,66703.14,66703.62,0.48396,0.00064,0.00021,0.0012,0.00024,0.10016,0.00008,0.00558,0.0009,0.00008,3.17283,0.00008,0.00749,0.09363,0.3069,0.003,0.00008,0.00008,0.003,0.00749
94,66659.87,66659.86,66659.72,66659.04,66658.14,66658.05,66657.34,66656.77,66656.38,66655.68,66659.88,66659.89,66659.9,66660,66660.57,66660.66,66661.18,66661.29,66661.37,66661.65,3.27076,0.00008,0.003,0.00008,0.012,0.003,0.10802,0.00008,0.003,0.00008,1.19911,0.00048,0.00008,0.0008,0.00441,0.00031,0.00008,0.00008,0.00008,0.00009
95,66700.33,66700.32,66700.31,66700.06,66699.71,66699.68,66699.54,66699.53,66699.36,66699.17,66700.34,66700.35,66701.47,66701.63,66701.7,66701.71,66701.72,66701.84,66701.85,66702,1.41097,0.00008,0.00248,0.00072,0.006,0.006,0.00016,0.49499,0.00008,0.00008,2.00669,0.00008,0.003,0.00008,0.00008,0.03333,0.10393,0.00008,0.00009,0.0012
96,66646.76,66646.75,66646.67,66646.6,66646.38,66646.37,66646.36,66646.32,66646.25,66646.19,66646.77,66646.78,66648.14,66648.7,66648.96,66651.83,66651.84,66651.85,66651.86,66652.32,1.80394,0.01597,0.0006,0.00008,0.00016,0.15132,0.10613,0.00115,0.00077,0.00091,0.50674,0.00016,0.00016,0.00136,0.00008,0.42121,0.00016,0.00008,0.0001,0.00008
97,66622.71,66622.7,66622.08,66621.71,66621.7,66621.31,66620.77,66620.76,66619.83,66619.82,66622.72,66622.73,66623.98,66623.99,66624,66624.1,66624.64,66624.8,66625.42,66625.43,1.98991,0.00008,0.00008,0.0844,0.05666,0.00429,0.00008,0.00008,0.21004,0.22524,0.00722,0.0004,0.00008,0.00008,0.0012,0.00008,0.00008,0.00009,0.00008,0.00008
98,66666.19,66666.18,66665.76,66665.61,66665.6,66665.59,66665.58,66665.57,66665.52,66664.99,66666.2,66666.21,66667.36,66667.7,66667.96,66668,66668.35,66668.63,66668.81,66668.82,2.50918,0.00008,0.00008,0.00016,0.28224,0.50266,0.00046,0.3239,0.01535,0.00008,1.3067,0.00024,0.00009,0.00027,0.00031,0.0012,0.00009,0.00008,0.00008,0.00008
99,66678,66677.99,66677.96,66677.95,66677.28,66676.62,66676.61,66676.5,66676.39,66676.31,66678.01,66678.02,66678.09,66679.06,66679.2,66679.61,66679.62,66679.63,66679.66,66679.67,1.20794,0.00282,0.00024,0.012,0.00009,0.00008,0.00816,0.00369,0.00008,0.00435,3.08251,0.0004,0.003,0.00008,0.00008,0.05363,0.00008,0.00614,0.04688,0.14639
100,66696.86,66696.85,66696.22,66696.21,66696,66694.55,66694.54,66694.53,66694.52,66694.31,66696.87,66696.88,66697.15,66698.13,66698.49,66698.52,66698.53,66698.54,66698.64,66699.36,0.43208,0.00072,0.00024,0.10376,0.00016,0.00008,0.00308,0.00008,0.00823,0.00008,3.65348,0.00008,0.012,0.003,0.00008,0.03765,0.14639,0.00679,0.00016,0.00008
101,66692.19,66692.18,66692.17,66692.03,66692,66691.47,66691.46,66691.45,66691.44,66691.13,66692.2,66692.21,66692.57,66692.58,66692.59,66692.6,66692.64,66692.74,66693.11,66693.13,2.06461,0.00008,0.00234,0.00024,0.0004,0.00016,0.00008,0.00024,0.01509,0.00008,0.40221,0.00008,0.00024,0.49916,0.00008,0.00008,0.00008,0.00008,0.00008,0.00008
102,66674.02,66674.01,66674,66673.08,66672.97,66672.86,66672.48,66672.46,66672.45,66672.32,66674.03,66674.04,66675.31,66675.58,66675.84,66676.25,66676.26,66676.27,66676.28,66676.41,1.37715,0.00008,0.00314,0.003,0.00376,0.0009,0.00082,0.00024,0.0149,0.00009,1.37563,0.0004,0.00551,0.00008,0.00008,0.11129,0.22208,0.00008,0.10375,0.00008
103,66679.52,66679.51,66679.26,66679.25,66679.23,66679.22,66679.2,66679.19,66678.53,66678.52,66679.53,66681.76,66682.3,66682.56,66683.09,66683.1,66683.47,66683.64,66683.65,66683.86,1.64619,0.00008,0.00008,0.00008,0.00024,0.10372,0.00032,0.0233,0.00008,0.00016,2.39132,0.00016,0.00008,0.00008,0.00008,0.003,0.00031,0.00008,0.00032,0.012
104,66697.98,66697.97,66697.69,66697.68,66697.67,66697.66,66697.16,66696.94,66696.6,66696.56,66697.99,66698,66698.13,66698.46,66698.5,66698.52,66698.53,66698.7,66699.16,66699.35,0.18064,0.00008,0.00008,0.00016,0.00024,0.02599,0.00016,0.012,0.00119,0.00016,2.62317,0.0012,0.003,0.00726,0.00009,0.03449,0.10395,0.00501,0.00008,0.00008
105,66710.57,66710.56,66710.36,66710.35,66709.9,66709.44,66708.49,66708.48,66707.68,66707.36,66710.58,66711.24,66711.25,66711.26,66711.27,66711.29,66711.49,66711.53,66711.54,66711.57,0.31846,0.00064,0.00008,0.00008,0.00008,0.00008,0.00024,0.01208,0.00008,0.00316,2.46781,0.00008,0.00008,0.00008,0.00008,0.00016,0.003,0.09382,0.00016,0.00016
106,66686.66,66686.65,66686.26,66686.25,66686.2,66686.19,66685.92,66685.77,66684.83,66684.82,66686.67,66686.79,66687.2,66687.99,66688,66688.44,66688.45,66688.97,66689.28,66689.68,1.08149,0.00024,0.00024,0.104,0.00008,0.00842,0.00008,0.00008,0.00008,0.00008,1.77947,0.00489,0.00009,0.00025,0.0012,0.00008,0.00009,0.00576,0.00008,0.00008
107,66683.7,66683.69,66683.51,66683.17,66683.16,66683.02,66683.01,66682.96,66682.56,66682.54,66683.71,66683.72,66684.77,66685.09,66685.1,66685.92,66686.19,66686.2,66686.44,66686.96,0.48709,0.00064,0.00189,0.00024,0.01485,0.00008,0.0084,0.00008,0.00008,0.00016,5.40605,0.00008,0.003,1.30488,0.00024,0.00008,0.01373,0.19816,0.003,0.01411
108,66772.57,66772.56,66771.61,66771.55,66771.48,66771.47,66771.45,66771.31,66771.3,66771.11,66772.58,66772.59,66772.96,66773.28,66774,66774.19,66774.66,66775,66775.04,66775.23,2.59139,0.00008,0.003,0.00008,0.00016,0.01505,0.00832,0.00016,0.01533,0.00016,1.53839,0.00008,0.0009,0.00008,0.0012,0.00008,0.00008,0.00215,0.00008,0.00008
109,66774.88,66774.87,66774.79,66774.78,66774.23,66774.13,66774.12,66774,66773.76,66773.75,66774.89,66774.9,66774.95,66775.55,66775.57,66776,66776.01,66776.48,66776.51,66776.62,0.1538,0.00411,0.00057,0.00077,0.00008,0.00008,0.00842,0.0012,0.00024,0.01502,2.79383,0.00008,0.003,0.24726,0.35547,0.14639,0.19808,0.00803,0.00073,0.003
110,66721.45,66721.44,66721.43,66720.75,66719.85,66719.84,66719.52,66719.27,66719.26,66718.36,66721.46,66721.47,66721.48,66721.49,66721.51,66721.73,66721.74,66721.95,66721.99,66722,0.67007,0.00215,0.02268,0.0042,0.00852,0.003,0.00008,0.00024,0.01503,0.00016,1.60667,0.00048,0.00008,0.00008,0.00008,0.00016,0.28301,0.00009,0.00016,0.17628
111,66698,66697.99,66697.36,66697.35,66697.29,66697.28,66697.27,66697.12,66696.8,66696,66698.01,66698.02,66698.13,66699.36,66699.6,66699.8,66699.83,66700.47,66700.56,66700.57,0.07784,0.00056,0.00008,0.00008,0.00497,0.00024,0.00008,0.00009,0.00008,0.00128,4.32424,0.00016,0.003,0.00008,0.00009,0.003,0.00008,0.14624,0.4346,0.05024
112,66740.37,66740.36,66739.88,66739.72,66739.71,66739.7,66739.68,66739.6,66739.57,66739.38,66740.38,66740.39,66741.28,66741.29,66741.3,66741.38,66741.76,66742,66742.05,66742.06,3.75655,0.1773,0.17808,0.00026,0.29263,0.17524,0.00008,0.00008,0.00008,0.00008,0.00086,0.00032,0.00008,0.00497,0.00373,0.00008,0.00009,0.00128,0.00009,0.00008
113,66790.72,66790.71,66790.51,66790.08,66789.45,66789.44,66788.98,66788.77,66788.76,66788.75,66790.73,66790.74,66790.98,66791.65,66792.76,66792.87,66792.88,66792.94,66792.95,66792.97,1.26323,0.00429,0.00089,0.00008,0.00024,0.49432,0.00008,0.00008,0.00008,0.00824,1.71886,0.00008,0.01619,0.00308,0.00016,0.00008,0.00024,0.00008,0.00008,0.00008
114,66816.14,66816.13,66815.59,66815.48,66814.1,66814.09,66813.8,66813.6,66813.32,66813.31,66816.15,66816.16,66816.88,66816.89,66816.96,66817.12,66817.14,66817.58,66817.59,66817.79,0.98391,0.01082,0.00016,0.00008,0.00024,0.10359,0.00008,0.00008,0.00024,0.01492,1.68679,0.00025,0.05298,0.05,0.00316,0.00008,0.00008,0.00016,0.10367,0.00008
115,66865.38,66865.37,66865.36,66865.19,66865.13,66865.12,66864.71,66864.7,66864.69,66864.04,66865.39,66865.4,66865.68,66865.69,66865.7,66865.76,66866,66866.51,66866.71,66866.73,2.19932,0.00024,0.0114,0.0015,0.00016,0.0414,0.00008,0.00016,0.49392,0.00008,0.55073,0.00016,0.00024,0.22024,0.00008,0.00009,0.00129,0.0009,0.00008,0.00008
116,66853.95,66853.94,66853.37,66853.36,66853.35,66853.34,66853.27,66853.14,66852.84,66852.83,66853.96,66853.97,66853.99,66854.01,66854.26,66854.65,66855.22,66855.23,66855.3,66855.32,0.12154,0.00148,0.00008,0.00692,0.00067,0.00195,0.00371,0.0009,0.00008,0.00008,3.0033,0.14663,0.11305,0.30589,0.03006,0.00008,0.00022,0.00016,0.00008,0.00008
117,66865.99,66865.98,66865.72,66865.71,66865.32,66865.31,66864.71,66864.45,66864.43,66864.42,66866,66866.02,66866.29,66866.3,66866.51,66866.92,66867.18,66867.19,66867.36,66867.58,2.7631,0.00016,0.00016,0.01204,0.00016,0.10368,0.00008,0.00747,0.00008,0.00008,1.24304,0.003,0.00024,0.05,0.0009,0.00008,0.00008,0.01196,0.00008,0.00024
118,66899.99,66899.98,66899.94,66899.41,66898.58,66898.57,66898.56,66898.22,66897.6,66896.5,66900,66900.01,66900.05,66900.07,66900.09,66900.1,66900.15,66900.36,66900.4,66900.48,1.422,0.02784,0.00008,0.00008,0.00024,0.02308,0.00008,0.00008,0.00308,0.00008,1.16424,0.00032,0.00014,0.00028,0.00016,0.01196,0.00444,0.00015,0.00009,0.00009
119,66958.61,66958.6,66958.54,66958.08,66956.17,66956.16,66955.81,66955.8,66955.76,66955.75,66958.62,66958.63,66958.69,66958.76,66959.04,66959.12,66959.34,66959.59,66959.64,66959.66,1.32595,0.00032,0.01306,0.00008,0.18321,0.01196,0.00024,0.00008,0.00016,0.10337,1.59836,0.00008,0.00829,0.00009,0.00498,0.00008,0.00025,0.00585,0.00016,0.00008
120,66985.34,66985.33,66985.25,66985.23,66984.96,66984.8,66984.72,66984.67,66984.49,66984.48,66985.35,66986,66986.47,66986.67,66988,66988.01,66988.02,66988.23,66988.24,66988.25,2.29784,0.0004,0.00015,0.00008,0.00008,0.00009,0.00008,0.00125,0.00016,0.10768,1.32578,0.00055,0.00024,0.00008,0.27166,0.07378,0.20114,0.00008,0.00024,0.04138
121,67025.24,67025.23,67025.2,67025.16,67025.15,67024.61,67024.46,67024.21,67023.6,67023.58,67025.25,67025.26,67026.24,67026.25,67026.71,67026.8,67026.88,67026.96,67028,67028.64,3.68595,1.046,0.05024,0.14006,0.05016,0.00817,0.01499,0.00008,0.003,0.00008,0.00063,0.00008,0.00015,0.00024,0.00113,0.00009,0.00008,0.00009,0.0008,0.00008
122,67000.37,67000.36,67000.35,67000.31,67000.3,67000.08,67000,66999.99,66999.41,66998.4,67000.38,67000.39,67000.52,67001.21,67001.22,67001.76,67002,67002.31,67002.32,67002.86,2.61056,0.00024,0.05016,0.00016,0.05008,0.003,0.00024,0.11864,0.00008,0.00308,0.06388,0.00467,0.00008,0.00024,0.02272,0.00008,0.00128,0.00008,0.00012,0.00267
123,66989.82,66989.81,66989.45,66989.44,66989.31,66989.2,66988.86,66988.85,66988.69,66988.32,66989.83,66989.84,66990,66990.01,66990.04,66990.48,66990.69,66991.22,66991.34,66991.35,0.58977,0.00286,0.00024,0.01202,0.00008,0.00008,0.00024,0.01485,0.00008,0.00008,2.17272,0.00008,0.003,0.00037,0.009,0.00008,0.00008,0.00008,0.0077,0.10481
124,66973.43,66973.42,66971.58,66971.52,66971.39,66970.89,66970.88,66970.87,66970.26,66969.88,66973.44,66973.45,66973.59,66973.82,66974,66974.01,66974.25,66974.43,66974.44,66974.45,1.12596,0.00056,0.00016,0.00016,0.00008,0.00008,0.00606,0.00598,0.00008,0.00024,1.97986,0.00016,0.0009,0.00904,0.0004,0.00008,0.00008,0.00016,0.04732,0.08016
125,66962.94,66962.93,66961.92,66961.91,66961.88,66961.44,66960.3,66960.29,66960.28,66960.18,66962.95,66962.96,66963.15,66964,66964.11,66964.12,66964.13,66964.56,66964.8,66964.96,2.09014,0.00249,0.00762,0.02043,0.00008,0.00008,0.00026,0.00016,0.01492,0.00016,1.95314,0.00048,0.00009,0.0012,0.00024,0.01827,0.05024,0.00008,0.00316,0.00009
126,66974.6,66974.59,66974.01,66974,66973.67,66973.64,66973.63,66973.59,66973.28,66973.2,66974.61,66974.62,66974.88,66975.21,66975.22,66975.28,66975.78,66975.95,66976.45,66976.55,0.41944,0.0021,0.00015,0.0012,0.00008,0.00008,0.00008,0.0009,0.00008,0.00009,3.7069,0.00335,0.00308,0.029,0.0565,0.00008,0.04008,0.00008,0.00016,0.84051
127,66987.22,66987.21,66987.19,66986.68,66986.64,66986.45,66986.44,66986.03,66985.99,66985.56,66987.23,66987.24,66988,66988.01,66988.32,66989,66989.76,66989.95,66990,66990.11,4.55847,0.00008,0.00852,0.04196,0.003,0.3177,0.0838,0.35529,0.00008,0.00008,0.01629,0.00056,0.0012,0.00008,0.00008,0.003,0.00009,0.00009,0.0012,0.00031
128,66990.35,66990.34,66988.35,66988.32,66988.31,66987.5,66987.2,66987.19,66986.68,66986.64,66990.36,66990.37,66991.68,66991.8,66992,66992.07,66992.16,66992.17,66992.18,66992.2,1.00833,0.00149,0.01194,0.00032,0.10391,0.00145,0.00024,0.01498,0.00008,0.003,1.49428,0.00016,0.00308,0.00023,0.0012,0.00008,0.00016,0.05438,0.18104,0.00008
129,67029.54,67029.53,67029.44,67029.25,67028.94,67028.64,67028,67027.57,67027.56,67027.2,67029.55,67029.56,67029.67,67029.68,67029.69,67030.15,67030.16,67030.23,67030.3,67030.32,0.79253,0.00064,0.00009,0.05,0.00008,0.00008,0.00173,0.17287,0.00008,0.00008,2.46026,0.00008,0.00024,3.27072,0.05363,0.00016,0.14647,0.00008,0.00008,0.003
130,67051.06,67051.05,67050.26,67050.25,67050.07,67050,67049.83,67049.82,67049.67,67049.45,67051.07,67051.08,67051.89,67051.9,67052.14,67052.15,67052.16,67052.35,67052.47,67052.72,0.82662,0.0008,0.00056,0.00114,0.00024,0.0012,0.00076,0.00008,0.00008,0.00024,1.89701,0.00008,0.01707,0.04008,0.00016,0.00008,0.00308,0.00008,0.00016,0.00008
131,66980.88,66980.87,66980.56,66980.46,66980.45,66980.29,66980.28,66980.18,66980,66979.92,66980.89,66980.9,66981.6,66982.45,66983.22,66983.25,66983.26,66983.81,66983.82,66984.96,1.95287,0.00008,0.00008,0.00016,0.12513,0.0009,0.00054,0.00112,0.0012,0.00378,0.23378,0.00008,0.00008,0.00016,0.00027,0.00024,0.10409,0.00024,0.00008,0.00016
132,66949.99,66949.98,66949.92,66949.79,66949.68,66949.29,66949.06,66949.04,66948.68,66948.09,66950,66950.01,66950.48,66951.35,66951.36,66951.56,66951.82,66951.94,66952,66952.14,3.16337,0.00008,0.00008,0.00008,0.003,0.0015,0.14075,0.10356,0.00008,0.18527,0.00055,0.00048,0.00008,0.00008,0.00016,0.00008,0.00008,0.00009,0.0008,0.00008
133,66984.91,66984.9,66984.8,66984.1,66984,66983.69,66983.68,66983.67,66983.3,66983.29,66984.92,66984.93,66985.33,66985.39,66987.16,66987.17,66987.18,66988.04,66988.05,66988.32,1.76341,0.00008,0.00009,0.00026,0.00136,0.00746,0.00016,0.10335,0.00016,0.00016,0.38146,0.00008,0.00008,0.00008,0.20206,0.21559,0.00008,0.00008,0.01202,0.00308
134,67034.01,67034,67033.99,67033.44,67033.43,67032.92,67032.25,67032,67031.99,67031.46,67034.02,67034.03,67034.13,67034.33,67034.4,67034.86,67034.92,67035.36,67035.7,67035.71,0.2236,0.00906,0.00205,0.00144,0.00129,0.00008,0.00008,0.00016,0.00008,0.00008,1.41181,0.00008,0.00088,0.00374,0.00009,0.00022,0.00008,0.00308,0.15954,0.09829
135,67005.13,67005.12,67005.11,67005,67003.89,67003.8,67003.44,67002.94,67002.12,67002.08,67005.14,67005.15,67005.25,67005.26,67005.27,67005.28,67005.29,67005.44,67005.67,67006.5,3.59304,0.018,0.10957,0.00008,0.00813,0.01485,0.00308,0.00119,0.00807,0.01492,0.00274,0.00064,0.00008,0.00016,0.00008,0.00008,0.00816,0.00008,0.00008,0.00009
136,67005.15,67005.14,67005.12,67005.1,67004.6,67004.59,67004.47,67004.46,67004.45,67004.11,67005.16,67005.17,67005.21,67005.22,67006.1,67006.11,67007.43,67007.48,67008.48,67008.57,1.72926,0.008,0.00056,0.00008,0.00016,0.10323,0.00016,0.00024,0.49265,0.00008,0.65511,0.00016,0.00008,0.01202,0.00028,0.00008,0.00016,0.00008,0.00008,0.00008
137,67003.97,67003.96,67003.29,67002.9,67002.88,67002.87,67002.77,67001.76,67001.08,67000.09,67003.98,67003.99,67004,67004.62,67004.64,67004.83,67005.11,67005.12,67005.13,67005.31,2.27479,0.00653,0.01194,0.00015,0.00016,0.10349,0.00008,0.00316,0.00008,0.00746,0.31357,0.10397,0.0012,0.00008,0.00009,0.00016,0.00008,0.00008,0.0051,0.00008
138,67047.43,67047.42,67047.17,67047.15,67047.12,67045.45,67045.44,67045.4,67045.29,67045.1,67047.44,67047.45,67047.66,67048,67048.12,67048.47,67048.48,67048.8,67049.28,67049.99,4.98488,0.08346,0.34183,0.34951,0.003,0.00753,0.00308,0.00008,0.00008,0.00008,0.15444,0.00048,0.00008,0.0012,0.00378,0.00008,0.01008,0.00008,0.00261,0.00024
139,67078,67077.99,67077.73,67077.71,67077.65,67077.6,67077.55,67077.36,67077.16,67077.06,67078.01,67078.02,67078.76,67078.77,67078.8,67078.96,67079,67079.01,67079.04,67079.6,3.4945,0.36928,0.00008,0.00008,0.00008,0.05008,0.05,0.003,0.00008,0.00751,0.00167,0.00056,0.00008,0.00008,0.002,0.00265,0.00008,0.0051,0.00017,0.002
140,67079.67,67079.66,67079.63,67079.47,67079.46,67079.39,67079.17,67079.07,67079.04,67078.5,67079.68,67079.69,67080.04,67080.27,67080.28,67080.72,67081.16,67081.48,67081.49,67081.5,0.1288,0.00072,0.00024,0.00024,0.14947,0.00008,0.00008,0.00008,0.00017,0.00008,1.56259,0.00008,0.00017,0.00016,0.09565,0.003,0.00015,0.16168,0.16266,0.00008
141,67057.53,67057.52,67057.42,67057.41,67057.04,67056.95,67056.94,67056.53,67056.38,67056,67057.54,67057.55,67057.56,67058.88,67058.89,67058.9,67059.05,67059.38,67059.99,67060.52,1.22641,0.00104,0.00024,0.11178,0.00008,0.00009,0.00067,0.00008,0.00008,0.0012,1.14009,0.00008,0.00024,0.00308,0.00008,0.00173,0.00008,0.00024,0.00121,0.00901
142,67057.06,67057.05,67055.99,67055.52,67055.49,67055.28,67055.27,67055.26,67055.25,67054.3,67057.07,67057.08,67057.71,67058,67058.42,67058.43,67058.44,67058.68,67058.88,67059.2,3.11635,0.00008,0.36782,0.00008,0.00008,0.198,0.42918,0.00032,0.05978,0.00753,0.00439,0.00048,0.00008,0.0012,0.00008,0.00024,0.00008,0.003,0.00008,0.00009
143,67030.23,67030.22,67030.21,67030.2,67029.86,67029.76,67028.64,67028.56,67028.23,67026.96,67030.24,67030.25,67030.9,67031.89,67031.9,67031.91,67031.92,67032,67032.24,67032.33,3.59242,0.49262,0.03028,0.1719,0.02008,0.00022,0.00308,0.00066,0.00008,0.003,0.00207,0.00064,0.00008,0.00016,0.00008,0.00008,0.00008,0.00088,0.00008,0.00016
144,67003.7,67003.69,67003.68,67003.47,67003.44,67003.17,67002.69,67002.49,67002.48,67002.1,67003.71,67003.72,67004,67004.1,67004.64,67005.12,67005.84,67005.85,67006,67006.43,3.011,0.00008,0.03157,0.015,0.003,0.2227,0.10754,0.49291,0.01115,0.00008,0.00293,0.00072,0.0012,0.00008,0.00009,0.00008,0.00008,0.00008,0.0012,0.00008
145,67030.92,67030.91,67030.9,67030.89,67030.61,67030.32,67030.24,67028.97,67028.65,67028.64,67030.93,67030.94,67031.8,67032,67032.24,67032.6,67032.61,67032.62,67032.91,67033.34,2.41191,0.00032,0.01591,0.00016,0.00834,0.003,0.00008,0.00027,0.00753,0.00308,0.35727,0.00112,0.00008,0.00128,0.00008,0.00016,0.0414,0.13505,0.00008,0.003
146,67009.62,67009.61,67009.6,67008.48,67008.2,67008.09,67008.08,67008.01,67008,67007.53,67009.63,67009.64,67009.77,67010.02,67010.06,67010.16,67010.17,67010.52,67010.8,67011.28,0.15733,0.00072,0.00009,0.00008,0.00076,0.00024,0.17267,0.00119,0.0012,0.00008,3.85351,0.00008,2.08662,0.00008,0.00008,0.003,0.00008,0.00008,0.00008,0.00008
147,67029.99,67029.98,67029.97,67029.79,67029.78,67029.32,67029.3,67028.9,67028.66,67028.65,67030,67030.01,67030.15,67030.32,67030.49,67030.5,67030.51,67030.9,67031.45,67031.46,0.95452,0.00064,0.01672,0.00059,0.01918,0.00476,0.00825,0.00008,0.00016,0.10343,0.80826,0.00064,0.00009,0.003,0.00008,0.00008,0.00016,0.00008,0.00016,0.18147
148,66984.66,66984.65,66984.06,66984,66983.55,66983.3,66983.25,66983.04,66982.92,66982.91,66984.67,66984.95,66984.96,66985.34,66985.4,66985.45,66985.46,66985.47,66986,66986.01,2.08669,0.00808,0.00825,0.00198,0.00382,0.00008,0.00009,0.00039,0.00008,0.00008,1.23727,0.0003,0.00008,0.01194,0.00016,0.00008,0.00008,0.00008,0.00008,0.00016
149,66964.64,66964.63,66964.45,66964.44,66964.43,66964.39,66964.38,66964.09,66964.03,66964,66964.65,66964.66,66964.8,66965.9,66966.36,66966.41,66966.42,66966.43,66966.44,66966.56,1.6838,0.00137,0.00016,0.16115,0.00048,0.00016,0.10332,0.00031,0.00117,0.00136,0.13216,0.00056,0.00008,0.00037,0.00008,0.00008,0.00008,0.00008,0.00008,0.00024
150,66983.03,66983.02,66982.5,66981.99,66981.66,66981.65,66981.6,66981.15,66980.01,66980,66983.04,66983.05,66983.22,66983.25,66983.26,66983.92,66984,66984.42,66984.43,66984.54,2.40404,0.00108,0.00016,0.00008,0.00016,0.0152,0.00008,0.00753,0.00016,0.13065,0.30468,0.00072,0.00008,0.00009,0.00008,0.01194,0.0012,0.00016,0.10322,0.00024
151,67035.36,67035.35,67035.16,67034.51,67034.41,67034.4,67034.26,67034,67033.99,67033.98,67035.37,67035.38,67037.17,67037.18,67037.52,67037.53,67037.57,67038,67038.01,67038.12,2.01471,0.0015,0.00127,0.00822,0.00016,0.00017,0.00115,0.00264,0.00008,0.00057,0.96272,0.00072,0.1776,0.14339,0.00008,0.00008,0.00008,0.00008,0.00008,0.00016
152,67020.49,67020.48,67020.11,67020.1,67020,67019.52,67019.2,67019.19,67018.59,67018.58,67020.5,67020.51,67021.31,67021.32,67021.33,67021.34,67021.49,67021.52,67021.91,67021.92,0.93354,0.00072,0.00008,0.00009,0.0012,0.00061,0.00024,0.49255,0.00008,0.00008,2.94427,0.00008,0.00016,1.07699,3.66378,0.00008,0.09534,0.00008,0.00032,0.00308
153,67074.31,67074.3,67074.29,67074.12,67073.96,67073.95,67073.7,67073.19,67073.17,67073.13,67074.32,67074.33,67075.68,67075.78,67075.79,67075.8,67075.81,67077.21,67077.22,67077.23,1.28687,0.00072,0.00145,0.0009,0.00016,0.06116,0.00009,0.00008,0.00514,0.00008,0.68089,0.00008,0.00008,0.03437,0.11438,0.00008,0.00016,0.00016,0.11801,0.11454
154,67046.8,67046.79,67046.76,67046.75,67045.97,67045.92,67045.44,67045.43,67045.22,67044.25,67046.81,67046.82,67046.94,67046.95,67046.96,67047.12,67047.66,67047.96,67047.97,67047.98,0.04641,0.00056,0.00024,0.00008,0.00008,0.00008,0.00008,0.00008,0.00025,0.00008,4.01219,0.00008,1.21174,0.04008,0.00008,0.003,0.00008,0.00753,0.00022,0.00016
155,67037.16,67037.15,67036.85,67036.31,67036,67035.6,67035.37,67035.36,67035.35,67035.34,67037.17,67037.18,67037.21,67037.61,67038.72,67039.05,67039.06,67039.07,67039.92,67040.39,0.63005,0.00274,0.00009,0.00008,0.0012,0.00008,0.00024,0.11246,0.00597,0.00597,6.21097,0.00008,0.00008,0.00008,0.00308,0.00016,0.01634,0.05395,0.00008,0.00753
156,67008.46,67008.45,67008.25,67008.23,67008.11,67008.01,67008,67007.45,67007.44,67007.43,67008.47,67008.48,67008.79,67009.15,67009.22,67009.23,67010.21,67010.58,67010.59,67011.45,1.82339,0.00008,0.05658,0.01485,0.05008,0.00016,0.0012,0.18689,0.12871,0.49287,0.01674,0.00016,0.00008,0.00008,0.00008,0.00008,0.00008,0.00008,0.00056,0.00186
157,67035.35,67035.34,67035.33,67034.01,67034,67033.9,67033.89,67033.67,67033.59,67032.89,67035.36,67035.37,67035.59,67035.61,67035.62,67035.94,67035.97,67036,67036.12,67036.13,2.07994,0.00088,0.00384,0.00016,0.01499,0.00026,0.00008,0.00016,0.00008,0.00356,1.03346,0.0004,0.00008,0.00008,0.00517,0.00008,0.00012,0.0012,0.00016,0.17782
158,67020.07,67020.06,67019.53,67018.57,67018.56,67018.4,67018.39,67018.18,67017.72,67016.88,67020.08,67020.09,67020.1,67020.18,67020.34,67021.33,67021.34,67021.35,67021.52,67021.56,3.61266,0.00008,0.015,0.00026,0.00308,0.05406,0.12126,0.00008,0.0565,0.003,0.00305,0.00072,0.00008,0.00008,0.0002,0.00023,0.00032,0.00151,0.00008,0.00008
159,67023.01,67023,67021.92,67021.53,67020.49,67020.24,67019.83,67018.93,67018.9,67018.74,67023.02,67023.03,67023.45,67023.53,67023.56,67024,67024.33,67024.48,67024.88,67024.89,1.39809,0.00091,0.00308,0.00008,0.01335,0.003,0.00008,0.00008,0.00838,0.00016,1.2527,0.00048,0.00009,0.00024,0.00008,0.0012,0.00383,0.00009,0.00016,1.54599
160,66936.14,66936.13,66936.07,66936,66935.48,66935.44,66935.2,66934.77,66934.76,66934.56,66936.15,66936.16,66936.17,66936.22,66936.23,66936.24,66936.25,66936.3,66936.99,66937.08,1.13764,0.00124,0.00751,0.0012,0.00016,0.00383,0.00009,0.00016,0.49317,0.00308,1.01969,0.1149,0.13492,0.0049,0.00008,0.0011,0.00903,0.00008,0.01202,0.00008
161,66880.8,66880.79,66880.73,66880.72,66880.64,66880,66879.89,66879.87,66879.71,66879.4,66880.81,66880.82,66880.92,66880.93,66880.94,66882.01,66882.22,66882.23,66882.48,66882.66,0.29155,0.00064,0.00024,0.02272,0.00009,0.00191,0.0009,0.00009,0.0038,0.00009,1.76817,0.00008,0.12114,1.92819,0.13473,0.00008,0.00008,0.00008,0.003,3.57778
162,66952.83,66952.82,66952.72,66952.71,66952.03,66951.36,66951.35,66950.43,66949.75,66949.74,66952.84,66952.85,66953.1,66953.28,66953.29,66953.5,66954,66954.72,66955.04,66955.24,2.98747,0.00008,0.1089,0.13458,0.00008,0.00308,0.08428,0.021,0.24998,0.14639,0.0028,0.00056,0.00009,0.00024,0.03432,0.0009,0.0012,0.00008,0.00009,0.00008
163,66959.78,66959.77,66959.66,66959.65,66959.49,66959.48,66958.93,66958.62,66958.28,66958.08,66959.79,66959.8,66960.14,66960.15,66960.17,66960.18,66960.53,66961.44,66961.64,66961.65,1.23397,0.00064,0.00016,0.10334,0.00016,0.49322,0.00008,0.00087,0.00008,0.00308,0.47758,0.01296,0.00024,0.19057,0.00024,0.10366,0.00008,0.00008,0.11463,0.11525
164,66945.61,66945.6,66945.12,66944.64,66944.01,66944,66943.47,66943.05,66942.82,66942.76,66945.62,66945.63,66945.64,66945.65,66945.7,66946,66946.01,66946.32,66946.4,66946.45,0.00122,0.0004,0.00009,0.00036,0.00008,0.0012,0.00046,0.00009,0.00378,0.00008,4.31929,0.1014,0.10303,0.05,0.05,1.29207,1.06157,0.003,0.00008,0.01479
165,66909.86,66909.85,66909.59,66909.58,66909.57,66909.36,66907.68,66907.3,66907.24,66907.15,66909.87,66909.88,66910,66910.14,66910.29,66910.4,66910.94,66911.01,66911.02,66911.04,3.21733,0.00008,0.00016,0.49335,0.00008,0.003,0.00308,0.00008,0.00016,0.14639,0.11195,0.00048,0.0012,0.01204,0.00251,0.00009,0.00008,0.00008,0.00008,0.00008
166,66943.87,66943.86,66943.85,66943.36,66943.35,66943.23,66943.12,66943.03,66942.96,66942.55,66943.88,66943.89,66943.96,66944,66944.36,66944.37,66944.51,66944.64,66944.93,66945,0.03093,0.00159,0.00187,0.00008,0.00008,0.00068,0.00135,0.00024,0.00043,0.00353,1.87465,0.00008,0.00008,0.0012,0.06188,0.10341,0.0565,0.00308,0.00008,0.00008
167,66966.49,66966.48,66966.47,66966.28,66964.82,66964.81,66964.8,66964.79,66964.68,66964.57,66966.5,66966.51,66966.89,66966.97,66966.98,66966.99,66967.24,66967.98,66967.99,66968,1.65931,0.00024,0.0295,0.00008,0.00016,0.10128,0.1048,0.00008,0.00008,0.00008,0.29553,0.00072,0.0009,0.00024,0.0724,0.10369,0.00008,0.00008,0.00008,0.0012
168,67057.4,67057.39,67057.38,67056.39,67056.38,67055.52,67055.08,67055.07,67054.66,67054.32,67057.41,67057.42,67058,67058.84,67058.88,67059.04,67059.05,67059.06,67059.07,67059.1,1.32544,0.08681,0.06355,0.01146,0.00008,0.00008,0.00119,0.10765,0.00008,0.00725,0.76395,0.41553,0.0012,0.00376,0.00308,0.00016,0.03739,0.09993,0.01494,0.00016
169,67030.6,67030.59,67030.36,67030.24,67030.15,67030,67029.73,67029.63,67029.57,67029.45,67030.61,67030.62,67030.91,67031.57,67032,67032.24,67032.28,67032.29,67032.3,67032.51,0.03964,0.00072,0.00111,0.00008,0.00009,0.00258,0.00109,0.00008,0.00008,0.00008,1.14005,0.00016,0.00812,0.00008,0.00308,0.00008,0.00016,0.03927,0.10036,0.00746
170,66990,66989.99,66989.95,66989.76,66988.6,66988.4,66988.32,66988,66987.86,66987.81,66990.01,66990.02,66991.68,66993.35,66993.36,66994.93,66995.04,66995.08,66995.35,66995.36,0.92169,0.00064,0.00009,0.00009,0.003,0.00008,0.00008,0.0012,0.00028,0.00378,1.82198,0.00008,0.00308,0.00016,0.11974,0.04008,0.00308,0.00008,0.10991,1.10377
171,66974.42,66974.41,66974.28,66973.65,66971.54,66971.53,66971.52,66971.41,66971.39,66970.02,66974.43,66974.44,66974.88,66976.56,66976.95,66977.27,66977.84,66977.96,66977.98,66977.99,0.13664,0.00056,0.00008,0.00024,0.00008,0.00008,0.00008,0.00068,0.00416,0.00031,2.74392,0.00008,0.00308,0.1207,0.00008,0.31657,0.00259,0.00008,0.00008,0.00008
172,66973.2,66973.19,66972,66971.91,66971.9,66971.62,66971.52,66970.86,66970.85,66970.84,66973.21,66973.22,66974.3,66974.59,66974.61,66974.66,66974.88,66975.66,66976.33,66976.55,0.00342,0.00048,0.0012,0.00008,0.00755,0.00371,0.00008,0.00008,0.00008,0.00134,5.40736,0.00008,0.0015,0.00903,0.00008,0.01469,0.00308,0.00031,0.00813,0.01208
173,66935.09,66935.01,66934.56,66934.41,66933.01,66932.88,66932.86,66932.85,66932.75,66932,66935.1,66935.11,66935.2,66935.67,66935.74,66936,66936.05,66936.06,66936.07,66936.32,2.06631,0.00044,0.00008,0.00008,0.00008,0.003,0.00016,0.01494,0.00008,0.00029,0.97172,0.00056,0.00009,0.00605,0.00008,0.0012,0.16141,0.00024,0.10348,0.00026
174,66966.5,66966.49,66966.48,66966.19,66966.18,66966.1,66966,66964.96,66964.8,66964.64,66966.51,66966.52,66966.76,66966.77,66966.78,66966.84,66966.87,66966.92,66966.93,66967.19,1.30535,0.0004,0.00096,0.00016,0.10347,0.00252,0.0012,0.00009,0.00008,0.00386,0.95968,0.00072,0.00024,0.13015,0.00008,0.00844,0.00605,0.00038,0.00024,0.00016
175,66987.99,66987.98,66987.97,66986.91,66986.9,66986.89,66986.68,66986.66,66986.65,66986.64,66988,66988.01,66988.14,66988.15,66988.32,66988.68,66989.22,66989.35,66989.65,66989.76,2.17828,0.00024,0.03177,0.00016,0.10565,0.00008,0.00008,0.00016,0.08635,0.01372,0.00246,0.00096,0.00008,0.00008,0.00008,0.00016,0.00379,0.00008,0.00049,0.00009
176,66951.33,66951.32,66950.6,66950.08,66950,66949.75,66949,66948.01,66948,66947.89,66951.34,66951.35,66951.36,66951.52,66951.83,66951.84,66952.44,66952.49,66952.56,66953.04,0.08484,0.00414,0.0001,0.00009,0.0012,0.00009,0.00008,0.00008,0.00278,0.00008,4.21752,0.07197,0.003,0.015,0.01782,0.05666,0.02008,0.00008,0.00008,0.003
177,66964.54,66964,66963.99,66963.87,66963.21,66962.89,66962.8,66962.79,66962.65,66962.64,66966.47,66966.48,66966.5,66966.58,66966.59,66966.6,66966.89,66967.37,66967.38,66967.4,0.54873,0.0003,0.65119,0.81609,0.62968,0.0041,0.87079,1.68248,0.67421,0.34799,0.0004,0.0293,0.00009,0.00016,0.00024,0.00008,0.0009,0.00008,0.046,0.00016
178,67006.23,67006.22,67006.21,67006,67005.97,67005.8,67005.45,67005.12,67004.97,67004.64,67006.24,67006.25,67006.85,67007.55,67007.77,67008.47,67008.48,67009.05,67009.06,67009.95,1.65461,0.00088,0.05032,0.0012,0.00008,0.00012,0.00008,0.00308,0.0001,0.00009,3.19595,0.00008,0.00008,0.0069,0.00597,0.00016,0.00008,0.03038,0.04008,0.00008
179,67026.25,67026.24,67025.28,67024.16,67024.15,67024,67023.99,67023.88,67023.85,67023.53,67026.26,67026.27,67026.64,67026.65,67026.66,67026.8,67027.17,67027.2,67027.42,67027.55,0.97042,0.00088,0.00008,0.00016,0.08245,0.00008,0.00008,0.00008,0.00008,0.00008,1.39087,0.00024,0.00016,0.08231,0.10753,0.00009,0.00605,0.0009,0.00187,0.00008
180,67023.62,67023.61,67023.6,67021.92,67021.91,67021.9,67021.87,67020.5,67020.49,67020.24,67023.63,67023.64,67023.86,67024,67024.48,67025.03,67025.04,67025.05,67025.24,67025.28,2.58875,0.00008,0.003,0.00308,0.00016,0.14647,0.00008,0.00724,0.22815,0.003,1.10379,0.00072,0.00377,0.0012,0.00009,0.00024,0.03854,0.05016,0.00016,0.00008
181,66998.4,66998.39,66998.34,66998.33,66998,66997.4,66997.34,66996.73,66996.72,66996.69,66998.41,66998.42,66998.66,66999.41,66999.42,66999.45,66999.46,66999.57,66999.68,66999.7,1.09459,0.00395,0.00008,0.00016,0.0012,0.00008,0.00252,0.00008,0.00055,0.00016,3.97059,0.00064,0.00008,0.00016,0.17135,0.00016,0.05008,0.0082,0.00009,0.01502
182,67012,67011.99,67011.84,67011.5,67011.28,67010.54,67010.53,67010.51,67010.05,67010,67012.01,67012.02,67012.19,67012.2,67012.26,67012.27,67012.28,67012.47,67012.51,67012.73,0.00104,0.0004,0.00008,0.00378,0.00252,0.00008,0.00008,0.00008,0.00009,0.0012,3.10197,0.00008,0.08936,0.00008,2.44903,4.8976,1.62675,0.01514,0.10335,0.00008
183,67047.91,67047.9,67047.42,67047.3,67047,67046.9,67046.57,67046.56,67046.51,67046.33,67047.92,67047.93,67048.8,67049.48,67049.49,67050.46,67050.47,67050.48,67050.99,67051,0.11153,0.00024,0.00009,0.0009,0.00008,0.00009,0.00008,0.00008,0.00377,0.00008,3.63449,0.00008,0.00308,0.01684,0.05658,0.12516,0.0149,0.08327,0.08346,0.89412
184,67018.56,67018.55,67018.2,67018,67017.88,67017.51,67017.12,67016.88,67016.84,67016.75,67018.57,67018.58,67020.06,67020.07,67020.08,67020.18,67020.24,67021.36,67021.37,67021.38,1.32369,0.00008,0.00053,0.0012,0.00008,0.00008,0.00605,0.00036,0.00008,0.00009,1.49266,0.00132,0.00016,0.13155,0.02906,0.00008,0.003,0.00016,0.13686,0.08946
185,67037.12,67037.11,67037.04,67036.87,67035.9,67035.78,67035.6,67035.39,67035.38,67035.37,67037.13,67037.14,67037.18,67037.39,67038,67038.28,67038.65,67038.66,67038.72,67038.93,1.94456,0.0031,0.003,0.00008,0.002,0.00597,0.00008,0.00016,0.10313,0.00016,1.56323,0.00048,0.00008,0.00251,0.0012,0.00008,0.00024,0.01499,0.00008,0.00016
186,66999.56,66999.55,66999.51,66999.5,66999.15,66999.14,66998.88,66998.87,66998.86,66998.85,66999.57,66999.58,66999.59,67000,67000.08,67000.24,67000.39,67000.71,67000.75,67001.76,2.70564,0.05016,0.00016,0.05,0.00022,0.00008,0.00016,0.00024,0.20383,0.00198,0.99774,0.00072,0.0004,0.00049,0.00008,0.0003,0.0009,0.00152,0.00008,0.10467
187,66975.99,66975.98,66975.36,66975.35,66975.34,66974.88,66974.4,66973.2,66972.71,66972.69,66976,66976.01,66976.02,66977.34,66977.79,66977.8,66977.81,66977.83,66977.93,66977.94,3.21001,0.00008,0.00016,0.11987,0.1076,0.00308,0.22553,0.003,0.20079,0.05642,0.01135,0.0004,0.00008,0.00008,0.00008,0.00008,0.00008,0.00008,0.00024,0.04224
188,66883.71,66883.7,66883.46,66883.45,66882.78,66882.77,66882.76,66882.48,66882,66881.66,66883.72,66883.73,66883.74,66883.75,66883.78,66883.79,66883.8,66884.16,66884.45,66884.5,2.16805,0.00103,0.00015,0.00008,0.09218,0.43188,0.10797,0.003,0.0016,0.00008,1.09494,0.0008,0.00008,0.00016,0.00008,0.00008,0.00024,0.00008,0.00008,0.05
189,66838.81,66838.8,66838.55,66838,66837.93,66837.78,66837.52,66837.12,66837.02,66836.96,66838.82,66838.83,66838.84,66838.85,66838.88,66838.89,66838.9,66839.55,66839.78,66839.94,1.83083,0.00308,0.00074,0.0012,0.00048,0.00022,0.00016,0.00308,0.00008,0.00008,0.68797,0.00032,0.00016,0.05016,0.00008,0.00024,0.05024,0.00008,0.00008,0.00008
190,66817.52,66817.51,66817.5,66816.96,66816.95,66815.81,66815.8,66815.74,66815.73,66815.44,66817.53,66817.54,66817.79,66818,66818.22,66818.44,66818.45,66818.83,66819.1,66819.13,4.68168,0.00008,0.00607,0.00308,0.00022,0.10208,0.34188,0.28681,0.34461,0.19808,0.12124,0.00658,0.00008,0.0012,0.00499,0.00008,0.00016,0.0006,0.00017,0.00008
191,66840.56,66840.55,66840.5,66840.48,66840.34,66840.33,66840.01,66840,66839.99,66839.57,66840.57,66840.58,66840.96,66841.14,66841.15,66841.16,66841.18,66841.24,66841.56,66841.57,1.43752,0.00016,0.00064,0.00308,0.00008,0.4941,0.0002,0.00008,0.00008,0.00549,0.78302,0.02376,0.00009,0.00008,0.00016,0.04008,0.00008,0.00008,0.00008,0.00509
192,66849.67,66849.66,66849.64,66849.4,66849.25,66849.07,66849.06,66848.88,66848.62,66848,66849.68,66849.69,66850.07,66850.54,66850.55,66850.56,66850.62,66851.32,66851.33,66852.36,1.0681,0.00024,0.00073,0.00027,0.00009,0.00016,0.10388,0.00341,0.00008,0.00128,1.6751,0.00024,0.00886,0.00241,0.00008,0.00008,0.00008,0.06845,0.10356,0.10896
193,66866.95,66866.94,66864.59,66864.18,66864.17,66864,66863.79,66862.8,66862.79,66862.78,66866.96,66867.36,66867.41,66867.52,66867.53,66867.55,66867.56,66867.57,66868.99,66869,0.47933,0.00008,0.00606,0.00008,0.10348,0.00008,0.00031,0.00008,0.05154,0.08174,1.94986,0.00308,0.00016,0.00008,0.07004,0.00008,0.00008,0.00016,0.00008,0.09256
194,66842.84,66842.83,66842.82,66842.16,66842.11,66842,66841.92,66841.2,66841.19,66841.09,66842.85,66842.86,66843.34,66843.81,66843.82,66843.83,66843.84,66843.92,66844.85,66844.86,1.33726,0.11609,0.00009,0.003,0.00008,0.0004,0.00008,0.00756,0.00008,0.00008,0.79287,0.00032,0.00434,0.00016,0.04028,0.00008,0.00008,0.00008,0.00008,0.00016
195,66867.98,66867.97,66867.39,66867.36,66866.95,66866.94,66866.72,66866.63,66866.62,66866.61,66867.99,66868,66868.05,66869.13,66869.14,66869.15,66869.16,66869.17,66869.35,66869.39,1.65062,0.00381,0.00008,0.00364,0.026,0.0565,0.00008,0.08806,0.11966,0.00008,0.05493,0.00176,0.00008,0.00193,0.00307,0.00008,0.00008,0.00511,0.00009,0.00008
196,66912.99,66912.98,66912.96,66912.95,66912.9,66912.79,66912.72,66912.48,66912.47,66912.46,66913,66913.01,66913.34,66913.62,66913.68,66913.69,66914,66914.03,66914.31,66914.4,1.34061,0.00008,0.00008,0.05008,0.05016,0.01489,0.003,0.00755,0.15934,0.03431,0.37264,0.00056,0.0009,0.00016,0.00016,0.00511,0.0012,0.00008,0.00008,0.00008
197,66875.47,66875.46,66875.19,66875.11,66875.1,66875.09,66875.08,66875.01,66875,66874.91,66875.48,66875.49,66875.7,66875.71,66876.97,66876.98,66877.03,66877.04,66877.05,66877.43,1.58948,0.00398,0.00376,0.00016,0.0787,0.05818,0.0012,0.00016,0.029,0.00008,1.50777,0.0004,0.00008,0.10338,0.01248,0.01562,0.00008,0.00008,0.50032,0.00008
198,66892.67,66892.66,66892.56,66891.82,66891.81,66891.52,66890.99,66890.97,66890.88,66890.85,66892.68,66892.69,66893.26,66893.27,66893.52,66893.78,66893.87,66893.88,66893.89,66894.19,2.36903,0.00072,0.003,0.00008,0.01467,0.00008,0.00008,0.00016,0.00308,0.00008,0.92719,0.00068,0.00008,0.00036,0.00008,0.00606,0.00008,0.06039,0.10372,0.00008
199,66902.99,66902.98,66902.91,66902.85,66902.69,66902.47,66902.46,66902.24,66902.01,66902,66903,66903.01,66903.25,66903.76,66903.81,66903.82,66903.83,66904.24,66904.32,66904.68,0.01008,0.00064,0.00008,0.00009,0.00251,0.00008,0.00008,0.00008,0.00091,0.0012,2.60677,0.00049,0.0565,0.01538,0.08236,1.84555,0.00826,0.00008,0.00308,0.00022
200,66911.81,66911.04,66910.95,66910.69,66910.41,66910.4,66910.39,66910.28,66910.02,66909.36,66911.82,66911.83,66911.84,66912,66912.13,66912.14,66912.74,66912.75,66912.76,66912.9,3.16024,0.00308,0.00008,0.00008,0.00755,0.1943,0.00008,0.00067,0.00008,0.003,0.6261,0.001,0.00606,0.00136,0.00016,0.10353,0.00008,0.01008,0.00025,0.00009
201,66911.4,66911.04,66909.97,66909.96,66909.94,66909.93,66909.92,66909.61,66909.49,66909.36,66911.41,66911.42,66911.98,66911.99,66912,66912.74,66912.75,66912.76,66912.9,66913.06,3.83741,0.00308,0.00008,0.07818,0.00008,0.14639,0.00642,0.00008,0.01477,0.003,0.62043,0.00098,0.00008,0.00606,0.00136,0.00008,0.01008,0.00025,0.00009,0.00008
202,66894.09,66894.08,66892.28,66891.5,66890.88,66890.47,66890.3,66889.91,66889.9,66889.37,66894.1,66894.11,66894.14,66894.17,66894.24,66894.96,66894.97,66894.98,66895.53,66895.9,1.57038,0.00024,0.08374,0.00031,0.00308,0.08366,0.00598,0.00008,0.10343,0.00008,1.66289,0.00114,0.00119,0.00025,0.00008,0.00016,0.0591,0.10343,0.00008,0.00016
203,66905.99,66905.98,66905.95,66905.9,66905.78,66905.44,66904.32,66904.31,66904.25,66903.74,66906,66906.01,66906.03,66906.2,66906.48,66906.49,66906.64,66906.92,66906.98,66907.39,2.64556,0.00008,0.05008,0.05,0.00008,0.00008,0.07317,0.14671,0.00016,0.07931,0.43761,0.00105,0.00035,0.00009,0.00016,0.02008,0.0009,0.00008,0.00606,0.00008
204,66914.13,66914.12,66913.5,66913,66912.96,66912.72,66912.69,66912.68,66912.38,66912.37,66914.14,66914.15,66914.26,66914.31,66914.38,66914.4,66914.75,66914.82,66915.09,66915.1,2.10642,0.00076,0.00846,0.00015,0.00008,0.003,0.00008,0.0565,0.00008,0.01611,0.28426,0.0008,0.00008,0.00008,0.00016,0.00008,0.00008,0.00378,0.00008,0.00008
205,66962.27,66962.26,66962.22,66961.74,66961.45,66961.44,66961.22,66961.21,66960.98,66960.97,66962.28,66962.29,66963.79,66964.8,66964.89,66965.4,66965.41,66966.84,66966.85,66966.86,2.23712,0.00008,0.00573,0.00008,0.00738,0.00308,0.00747,0.00008,0.01905,0.00606,0.0058,0.00072,0.00286,0.00008,0.00008,0.00008,0.00008,0.00016,0.07016,0.00008
206,66934.53,66934.52,66933,66932.99,66932.88,66932,66931.99,66931.47,66931.46,66931.2,66934.54,66934.55,66934.58,66934.59,66934.6,66934.92,66935.2,66936,66936.04,66936.05,1.74266,0.00048,0.00008,0.14647,0.003,0.07551,0.11367,0.00008,0.03008,0.0035,1.33859,0.0009,0.00008,0.0418,0.00016,0.00377,0.00009,0.0012,0.00008,0.05008
207,66993.33,66993.32,66993.3,66992.99,66992.71,66992.4,66992.08,66992,66991.68,66991.2,66993.34,66993.35,66993.36,66994.18,66994.19,66994.49,66995.04,66996.71,66996.72,66996.85,0.0019,0.00072,0.00009,0.00016,0.00008,0.00012,0.00008,0.0008,0.00008,0.00008,4.60393,0.35128,0.003,0.06013,0.10379,0.04008,0.00308,0.00754,0.00308,0.05682
208,66984.02,66984.01,66984,66983.43,66983.39,66983.33,66983.25,66983.09,66983.08,66982.93,66984.03,66984.04,66984.81,66984.82,66984.83,66984.85,66984.96,66985.33,66986.03,66986.04,0.7967,0.0004,0.00199,0.00069,0.00008,0.00008,0.00009,0.00016,0.05032,0.00008,1.27609,0.00113,0.00008,0.06077,0.10361,0.01472,0.00008,0.00008,0.00008,0.07608
209,66948.63,66948.62,66948.48,66948.43,66948.25,66948.14,66948.13,66948,66947.89,66947.81,66948.64,66948.65,66948.7,66949.16,66949.68,66949.76,66950.01,66950.96,66950.98,66951.19,0.15677,0.00048,0.00008,0.00375,0.00062,0.00008,0.00509,0.00128,0.00008,0.00008,5.58308,4.82778,0.05008,0.05008,0.003,0.14655,0.05074,0.00755,0.05022,0.00031
210,66920.16,66920.15,66919.44,66919.14,66919.12,66918.06,66918.05,66918.04,66917.76,66917.46,66920.17,66920.18,66920.57,66920.59,66920.6,66920.81,66920.82,66920.99,66921.12,66921.5,2.5518,0.00008,0.003,0.00008,0.00008,0.00016,0.04455,0.10339,0.00308,0.00598,1.51125,0.00072,0.00008,0.00016,0.01504,0.07567,0.10339,0.00008,0.00008,0.00025
211,66924.47,66924.46,66924.27,66924.26,66923.99,66923.35,66923.34,66923.11,66923.01,66922.61,66924.48,66924.49,66925.23,66925.24,66925.25,66925.28,66925.68,66925.79,66926,66926.16,1.17184,0.00016,0.00008,0.00008,0.01196,0.00024,0.49341,0.00025,0.00008,0.00016,1.93303,0.00064,0.00016,0.06481,0.04211,0.00009,0.00008,0.00008,0.0012,0.003
212,66918.01,66918,66917.76,66916.41,66916.4,66916.31,66916.25,66916.01,66916,66915.54,66918.02,66918.03,66918.52,66918.53,66918.54,66918.57,66918.58,66918.59,66918.98,66919.44,0.32783,0.01446,0.00008,0.00008,0.00138,0.00008,0.00009,0.00008,0.0004,0.00008,2.70397,0.00008,0.00016,0.02208,0.00008,0.00016,0.15933,0.04008,0.00008,0.003
213,66900,66899.99,66899.95,66899.5,66898.64,66898.16,66898.15,66898.11,66898.1,66898.01,66900.01,66900.02,66900.95,66900.96,66901.17,66901.18,66901.56,66901.66,66901.67,66901.78,1.83765,0.0004,0.0009,0.00009,0.00027,0.00008,0.00058,0.00113,0.08019,0.00016,2.21549,0.00056,0.00029,0.00008,0.00016,0.02208,0.00008,0.00016,0.01503,0.00016
214,66903.1,66903.09,66902.8,66902.79,66902.62,66902,66901.6,66901.57,66901.23,66901.22,66903.11,66903.12,66903.42,66903.43,66903.44,66903.65,66903.97,66904.24,66904.32,66904.39,1.43714,0.0008,0.00008,0.00008,0.00008,0.0004,0.00377,0.00008,0.00016,0.07891,2.29011,0.00008,0.00016,0.0312,0.04008,0.00847,0.01487,0.00008,0.00308,0.00919
215,66923.63,66923.62,66922.8,66922.34,66921.6,66921.59,66921.12,66921.11,66921.08,66921.07,66923.64,66923.65,66924,66924.34,66924.48,66925.28,66925.79,66925.86,66925.87,66926,3.9219,0.28256,0.003,0.00008,0.08178,0.14647,0.00308,0.00008,0.00022,0.00008,0.00553,0.00072,0.0012,0.00008,0.00008,0.00009,0.00008,0.00008,0.00008,0.0012
216,66979.84,66978.79,66978.78,66978.76,66978.64,66978.54,66978.41,66978.25,66978.24,66977.97,66979.85,66979.86,66979.9,66979.91,66980,66980.17,66980.18,66980.29,66980.69,66980.7,3.77545,0.07378,0.05642,0.00022,0.00008,0.05,0.01482,0.016,0.00308,0.00008,0.11642,0.00072,0.00009,0.00008,0.0012,0.00008,0.0051,0.0009,0.00008,0.00008
217,67052.99,67052.98,67052.62,67052.36,67052.16,67051.69,67051.06,67051.02,67050.67,67050.25,67053,67053.01,67053.84,67054.37,67054.86,67054.87,67054.89,67054.92,67055.4,67055.52,0.04063,0.00048,0.00152,0.00008,0.00095,0.00008,0.00135,0.00008,0.00026,0.00009,1.77443,0.00662,0.003,0.05666,0.02208,0.06503,0.07875,0.07221,0.0151,0.00308
218,67021.33,67020.74,67020.55,67020.54,67020.49,67020.37,67020.33,67020.32,67020.24,67020.19,67021.34,67021.35,67021.92,67023.23,67024.17,67024.18,67024.4,67024.41,67024.84,67025.27,1.41395,0.01194,0.00008,0.10342,0.0009,0.00016,0.00008,0.05,0.003,0.00016,0.23767,0.00064,0.00008,0.00016,0.00016,0.01471,0.00008,0.00008,0.00396,0.00008
219,67035.94,67035.36,67032.91,67032.9,67032.62,67032.57,67032.55,67032.29,67032,67031.89,67035.95,67035.96,67037.04,67037.56,67037.57,67037.61,67037.94,67037.95,67037.96,67037.98,0.68607,0.00008,0.12557,0.12598,0.00016,0.00016,0.00008,0.00031,0.00308,0.00016,1.21883,0.00064,0.003,0.00016,0.015,0.00008,0.00016,0.06896,0.07978,0.00016
220,67013.28,67013.27,67012.97,67012.91,67012.9,67012.89,67012.88,67012.58,67012.5,67012.48,67013.29,67013.3,67013.61,67013.62,67013.66,67013.67,67013.68,67014.15,67014.49,67015.2,1.56771,0.00064,0.00862,0.00008,0.07991,0.49267,0.10322,0.0001,0.00012,0.00008,0.86884,0.00056,0.00008,0.00008,0.00008,0.03127,0.10354,0.00008,0.01202,0.00008
221,66970.58,66970.57,66970.49,66970.48,66969.08,66969.07,66969.05,66969.04,66969.03,66968.92,66970.59,66970.6,66971.05,66971.23,66971.26,66971.34,66971.35,66971.36,66971.37,66971.46,1.37045,0.00088,0.00016,0.4929,0.00008,0.00098,0.00096,0.00008,0.00284,0.00232,2.31719,0.00008,0.00024,0.00377,0.00008,0.00915,0.02617,0.00008,0.00008,0.00016
222,66970.59,66970.58,66970.49,66970,66969.92,66969.85,66969.07,66969.05,66969.03,66968.92,66970.6,66970.61,66970.72,66970.73,66971.15,66971.46,66971.47,66971.52,66971.87,66971.93,0.55815,0.00324,0.00026,0.0012,0.00009,0.00009,0.00098,0.00088,0.0026,0.00232,2.54905,0.00008,0.00016,0.0345,0.00902,0.0077,0.05682,0.00308,0.00022,0.00008
223,66980.19,66980.18,66979.95,66979.94,66979.93,66979.92,66979.6,66979.54,66979.31,66978.98,66980.2,66980.21,66980.29,66980.71,66980.72,66981.02,66981.1,66981.11,66981.12,66981.31,2.96282,0.00008,0.00015,0.25085,0.00016,0.003,0.01487,0.1034,0.00008,0.03008,0.08553,0.00072,0.0009,0.00008,0.00016,0.00008,0.00016,0.02272,0.00039,0.00008
224,67016.94,67016.93,67016.9,67016.89,67016.84,67016.8,67016.34,67016,67015.99,67015.77,67016.95,67016.96,67017.37,67017.38,67017.6,67017.61,67017.92,67018,67018.17,67018.23,0.00117,0.0008,0.00008,0.00008,0.00008,0.00008,0.00008,0.00008,0.00008,0.00008,7.45896,0.00008,0.00022,0.01111,0.14803,0.10362,0.00463,0.0012,0.00008,0.00512
225,67057.41,67057.4,67056.59,67056.52,67056.38,67056.22,67056.21,67056.2,67055.81,67055.52,67057.42,67057.43,67057.53,67057.88,67058,67058.06,67058.15,67058.16,67058.39,67058.6,1.98227,0.00104,0.00605,0.00122,0.00008,0.00008,0.09495,0.10323,0.00605,0.00047,1.60415,0.00008,0.00126,0.00008,0.00201,0.00009,0.00008,0.01491,0.00008,0.00008
226,67093.66,67093.65,67093.14,67093.13,67093.12,67092.96,67092.57,67092.48,67092.18,67091.9,67093.67,67093.68,67094.32,67094.34,67094.35,67094.5,67095.01,67095.02,67095.08,67095.09,2.19185,0.00016,0.00016,0.18544,0.49224,0.00377,0.00008,0.00308,0.00027,0.00008,2.06203,0.00008,0.00028,0.00016,0.14915,0.00424,0.00016,0.14929,0.00016,0.10316
227,67099.99,67099.98,67099.95,67099.9,67099.42,67099.4,67099.39,67099.38,67099.37,67099.2,67100,67100.01,67100.06,67100.5,67100.6,67100.63,67100.68,67100.92,67100.96,67101.25,6.1906,0.00008,0.05016,0.05008,0.43738,0.00016,0.00008,0.48341,1.26665,0.00308,11.5277,0.00162,0.00008,0.00107,0.00008,0.00251,0.00111,0.00106,0.0009,0.00154
228,67076.02,67076.01,67076,67075.68,67075.04,67074.66,67074.65,67074.48,67074.12,67074.08,67076.03,67076.04,67077.36,67077.82,67078.97,67078.98,67078.99,67079.03,67079.04,67079.05,1.07657,0.00056,0.0012,0.00008,0.0038,0.00008,0.00008,0.00008,0.0009,0.00009,3.55744,0.00008,0.003,0.00008,0.00753,0.00016,0.13247,0.00016,0.29872,0.00332
229,67009.86,67009.85,67009.37,67009.36,67009.35,67009.33,67009.04,67008.48,67007.38,67006.8,67009.87,67009.88,67009.95,67009.96,67010,67010.21,67011.84,67011.85,67011.86,67013.12,4.03984,0.00008,0.21265,0.5575,0.00103,0.00016,0.01527,0.00308,0.00836,0.003,0.23081,0.00064,0.00008,0.00043,0.00072,0.01202,0.00016,0.01534,0.05008,0.00008
230,67019.84,67019.83,67019.52,67018.74,67018.56,67018.44,67018.43,67018.18,67018,67017.89,67019.85,67019.86,67020.09,67020.17,67020.24,67020.62,67020.85,67021.57,67021.63,67021.73,0.01083,0.00064,0.00009,0.01132,0.00008,0.00024,0.0066,0.00008,0.0012,0.00008,1.73021,0.00115,0.5,0.01395,0.003,0.05642,0.00008,0.05862,0.04393,0.00008
231,67005.22,67005.21,67005.15,67005.14,67005.13,67005.12,67004.8,67004.64,67004.16,67004,67005.23,67005.24,67006.8,67007.07,67007.08,67007.09,67007.72,67007.76,67008.47,67008.48,1.95662,0.0008,0.00008,0.00016,0.00008,0.0011,0.00106,0.00009,0.00379,0.00215,3.57579,0.00008,0.003,0.00016,0.01577,0.04008,0.00902,0.00008,0.00754,0.00308
232,67034.13,67034.12,67033.71,67033.68,67033.22,67032.9,67032.82,67032.81,67032,67031.89,67034.14,67034.15,67034.4,67034.77,67034.78,67034.92,67035.11,67035.12,67035.13,67035.36,3.58069,0.00008,0.00016,0.003,0.01194,0.00802,0.07785,0.10326,0.09027,0.00008,0.01065,0.00048,0.00009,0.00008,0.00379,0.00008,0.00008,0.00032,0.00008,0.00008
233,67010.46,67010.45,67010.05,67010,67009.6,67009.47,67009.4,67009.39,67008.63,67008.62,67010.47,67010.48,67010.49,67010.5,67010.54,67010.55,67010.77,67010.78,67011.79,67011.84,1.55896,0.00096,0.00009,0.0012,0.00009,0.00008,0.00008,0.00513,0.00027,0.00253,1.29927,0.00032,0.04603,0.05016,0.00016,0.05024,0.00016,0.04008,0.00008,0.00008
234,66995.31,66995.3,66995.04,66994.77,66994.76,66994.72,66994.64,66994.48,66994.26,66994.25,66995.32,66995.33,66996.87,66996.88,66996.89,66997.12,66998.4,66999.08,66999.09,66999.38,1.55083,0.00072,0.00008,0.00016,0.02301,0.00009,0.00008,0.0003,0.00016,0.08134,1.64077,0.00725,0.00024,0.01748,0.015,0.00008,0.00308,0.00024,0.03008,0.00027
235,66986.18,66986.17,66986.15,66986.1,66985.92,66985.53,66985.52,66985.51,66985.42,66985.41,66986.19,66986.2,66986.59,66986.6,66986.99,66987.34,66987.55,66987.9,66988,66988.01,4.99366,0.00588,0.00008,0.00008,0.04496,0.00754,0.14878,0.14938,0.00839,0.14938,0.25638,0.0004,0.00015,0.00009,0.0009,0.00008,0.00008,0.00338,0.0012,0.00008
236,66993.69,66993.68,66993.38,66993.36,66993.31,66993.29,66992.82,66992.78,66992.77,66992.76,66993.7,66993.71,66995.04,66995.31,66995.38,66997.62,66998,66998.23,66998.24,66998.25,2.66204,0.00334,0.00317,0.003,0.00008,0.00008,0.00016,0.00016,0.24715,0.49274,1.12282,0.00008,0.00008,0.00107,0.00008,0.00053,0.0012,0.00024,0.08573,0.08419
237,66976.96,66976.95,66976.93,66976.66,66976.56,66975.86,66975.85,66975.42,66975.34,66975.32,66976.97,66976.98,66978.16,66978.24,66978.25,66979.51,66979.52,66979.63,66979.99,66980.24,1.86686,0.00008,0.00008,0.00038,0.003,0.09774,0.10325,0.00008,0.00827,0.12732,0.00994,0.00032,0.00008,0.00008,0.00008,0.00016,0.10325,0.00008,0.01202,0.00008
238,66985.62,66985.61,66985.17,66985.16,66984.96,66984.9,66984.89,66984.88,66984.71,66984.67,66985.63,66985.64,66986.55,66986.56,66986.6,66986.61,66986.64,66986.67,66987.69,66987.84,0.16018,0.00088,0.00016,0.14937,0.00008,0.00008,0.00008,0.00016,0.0026,0.00008,4.6401,0.00008,0.00754,0.00601,0.00016,0.05275,0.003,0.00008,0.00008,0.00016
239,66961.03,66961.02,66960.96,66960.95,66960.6,66960.59,66960.58,66960.24,66960.23,66960.21,66961.04,66961.05,66961.09,66961.1,66961.22,66961.44,66961.87,66961.89,66961.9,66961.91,1.42535,0.00064,0.00024,0.02303,0.00016,0.09914,0.10336,0.00096,0.00008,0.00392,2.39141,0.05072,0.00016,0.05016,0.01202,0.00121,0.00008,0.00016,0.00024,0.12441
240,66939.42,66939.41,66939.4,66939.37,66939.36,66939.35,66939.24,66939.09,66939.05,66939.04,66939.43,66939.44,66940.12,66940.96,66940.97,66941.12,66941.28,66941.36,66941.75,66941.76,2.11115,0.00024,0.05024,0.00016,0.11705,0.05008,0.00094,0.00295,0.00024,0.10412,0.68891,0.00016,0.00008,0.00008,0.00008,0.00008,0.00008,0.00008,0.00024,0.09885
241,66942.24,66942.23,66942.21,66942.2,66942.16,66942.15,66942.06,66942.05,66942.03,66942.02,66942.25,66942.26,66942.44,66943.05,66944,66944.18,66944.19,66944.64,66944.8,66944.97,2.16081,0.00016,0.00032,0.05016,0.00016,0.05024,0.00016,0.35792,0.00016,0.9327,0.16871,0.0007,0.00008,0.00009,0.0008,0.00008,0.00008,0.07782,0.00008,0.00008
242,66965.27,66965.26,66965.16,66964.96,66964.8,66964.57,66964.01,66964,66963.5,66963.15,66965.28,66965.29,66966.12,66966.48,66966.57,66966.67,66966.68,66966.69,66967.24,66967.72,0.49515,0.00088,0.00025,0.00009,0.00008,0.00008,0.00008,0.0012,0.00131,0.00009,5.8352,0.00008,0.00016,0.003,0.00008,0.00016,0.59103,1.61648,0.00008,0.00016
243,66945.58,66945.57,66945.36,66945.35,66945.12,66944.64,66944.63,66944.45,66944.44,66944.17,66945.59,66945.6,66946.32,66946.46,66947.42,66947.43,66947.83,66947.84,66947.85,66947.99,0.19489,0.00384,0.00024,0.49309,0.00009,0.00016,0.00008,0.00008,0.00638,0.00008,4.46399,0.00008,0.003,0.00008,0.0077,0.11599,0.00016,0.35605,0.0005,0.00016
244,66944,66943.99,66943.96,66943.95,66943.84,66943.83,66941.92,66941.91,66941.9,66941.89,66944.01,66944.02,66944.14,66944.15,66944.16,66944.64,66945.12,66945.36,66945.59,66945.65,0.19035,0.00088,0.00024,0.0504,0.00024,0.04945,0.00016,0.08973,0.17919,0.09042,2.14885,0.00008,0.00016,0.06044,0.00024,0.00308,0.00008,0.00016,0.00091,0.00008
245,66943.51,66943.5,66941.28,66941.27,66940.96,66940.95,66940.79,66940.65,66940.64,66940.34,66943.52,66943.53,66944,66944.01,66944.1,66944.44,66944.45,66944.64,66945,66945.12,1.14935,0.01513,0.00318,0.02005,0.00024,0.08098,0.00008,0.00008,0.01204,0.00016,2.02518,0.00008,0.00144,0.00419,0.00389,0.00746,0.00008,0.00316,0.00008,0.00017
246,66939.82,66939.81,66938.6,66938.59,66938.43,66938.27,66938.26,66938.06,66938.05,66938.04,66939.83,66940.26,66940.27,66940.81,66941.28,66941.77,66941.95,66941.96,66942,66942.01,0.60816,0.00088,0.00023,0.00521,0.00008,0.00008,0.00051,0.00016,0.1499,0.49314,2.20554,0.00016,0.03221,0.00008,0.00308,0.00008,0.00016,0.09339,0.00746,0.00056
247,66939.24,66939.23,66939.03,66939.02,66939.01,66938.6,66938.59,66938.43,66938.3,66938.26,66939.25,66939.26,66939.76,66939.82,66939.83,66940.43,66941.27,66941.28,66941.99,66942,2.5694,0.00008,0.00016,0.06462,0.10332,0.00015,0.0003,0.00008,0.00009,0.00051,0.23366,0.0004,0.00008,0.00008,0.00409,0.00008,0.00008,0.01204,0.00016,0.11997
248,67005.72,67005.71,67005.5,67005.12,67004.78,67004.67,67004.11,67003.91,67003.9,67003.89,67005.73,67005.74,67006,67006.56,67006.64,67006.65,67006.66,67006.67,67006.7,67006.78,6.63649,0.00008,0.00047,0.00308,0.00076,0.00837,0.00008,0.00016,0.04479,0.00008,0.5906,0.00048,0.0012,0.00389,0.00008,0.00016,0.00016,0.00008,0.00009,0.00008
249,66989.41,66989.4,66989.29,66989.28,66989.1,66989.09,66989,66988.86,66988.85,66988.71,66989.42,66989.43,66989.44,66989.45,66989.49,66989.5,66989.62,66989.63,66989.64,66991.68,1.11549,0.00088,0.00024,0.01517,0.00057,0.00807,0.00605,0.00008,0.10329,0.00024,2.09691,0.00024,0.00016,0.05,0.00016,0.05,0.00016,0.07075,0.00008,0.00308
250,66977.35,66977.34,66976.55,66976.09,66976,66975.96,66975.84,66975.83,66975.56,66975.55,66977.36,66977.37,66977.58,66977.75,66977.76,66978.24,66978.25,66978.26,66978.62,66978.63,0.17504,0.00072,0.00025,0.00074,0.0012,0.00008,0.00024,0.49286,0.00016,0.67236,5.18614,0.1697,0.00904,0.00022,0.00016,0.00316,0.00008,0.00016,0.01308,0.00008
251,66952.93,66952.92,66952.2,66952,66951.83,66951.57,66951.36,66951.35,66951.34,66951.33,66952.94,66952.95,66953.06,66953.07,66953.08,66954,66954.01,66954.03,66954.04,66954.5,0.30304,0.00064,0.00012,0.0012,0.00131,0.00008,0.00008,0.00008,0.00024,0.09921,6.14964,0.00008,0.00016,0.03667,0.04008,0.00754,0.00016,0.00016,0.04758,0.00008
252,66901.92,66901.91,66901.8,66901.79,66901.35,66900.96,66900.46,66900.45,66900.44,66900.26,66901.93,66901.94,66902,66902.37,66902.38,66902.39,66902.64,66902.85,66902.9,66903.23,0.5498,0.00096,0.00008,0.00008,0.00008,0.00008,0.00024,0.0866,0.67298,0.00024,1.83949,0.00008,0.0012,0.00016,0.1157,0.10375,0.003,0.00009,0.00008,0.00015
253,66930.54,66930.53,66930.37,66929.72,66929.52,66929.47,66929.46,66929.45,66929.05,66927.84,66930.55,66930.56,66931.06,66931.07,66931.2,66931.72,66932,66932.01,66932.19,66932.2,3.09082,0.27087,0.01499,0.00008,0.003,0.00016,0.04925,0.03542,0.00008,0.00308,0.96927,0.00024,0.00016,0.00387,0.00008,0.00008,0.01204,0.00042,0.00016,0.04602
254,66951.22,66951.21,66951.2,66951.16,66951.15,66950.73,66950.72,66950.49,66950.23,66950.2,66951.23,66951.36,66951.94,66952,66952.31,66952.32,66952.49,66952.75,66952.76,66952.93,1.31289,0.00096,0.05016,0.00016,0.0504,0.00016,0.10334,0.00008,0.01204,0.00016,1.44197,0.00308,0.00009,0.0012,0.00008,0.00008,0.00008,0.00024,0.00008,0.00016
255,66932.68,66932.67,66932.4,66932.13,66932,66931.73,66931.2,66931,66930.99,66930.63,66932.69,66932.88,66933.02,66934,66934.01,66934.56,66934.57,66934.58,66934.99,66935,0.6744,0.00768,0.00008,0.00258,0.0012,0.00008,0.00016,0.00008,0.00524,0.00008,4.61862,0.003,0.00896,0.00016,0.34285,0.00324,1.01537,0.45063,0.00016,3.31892
256,66912.5,66912.49,66912.2,66912,66911.76,66911.18,66911.17,66911.15,66911.14,66911.08,66912.51,66912.66,66912.72,66912.73,66912.91,66914.4,66916.08,66916.26,66917.76,66918.69,0.68738,0.00064,0.00028,0.00132,0.00388,0.00008,0.00008,0.00024,0.01482,0.00008,5.67737,0.06201,0.15269,0.14639,0.34917,0.00308,0.003,0.198,0.00308,0.52581
257,66885.88,66885.87,66885.64,66885.6,66885.22,66885.21,66885.05,66885.04,66884.98,66884.97,66885.89,66885.9,66887.23,66887.52,66888.3,66888.53,66889.14,66889.15,66889.16,66889.2,1.51754,0.00088,0.00008,0.00083,0.00008,0.00008,0.00008,0.00614,0.00079,0.00016,3.85698,0.00818,0.00008,0.00308,0.00267,0.00008,0.00755,0.00029,0.00031,0.003
258,66867.62,66867.61,66867.37,66867.36,66866.72,66864,66863.27,66863.26,66863.25,66862.65,66867.63,66867.64,66867.72,66868,66868.2,66868.21,66868.31,66868.72,66869.04,66869.33,0.22255,0.00016,0.00008,0.00008,0.00146,0.00008,0.00008,0.00048,0.00008,0.00008,2.32857,0.00008,0.00012,0.0008,0.04532,0.12032,0.03008,0.00008,0.003,0.00024
259,66765.7,66765.69,66765.5,66764.68,66764.52,66764.51,66764.18,66764.04,66764,66763.59,66765.71,66765.72,66766.42,66766.43,66766.44,66766.55,66766.56,66766.6,66766.64,66766.65,1.22545,0.0004,0.00009,0.00384,0.00024,0.49466,0.00008,0.00008,0.0012,0.00008,2.01557,0.0061,0.00756,0.00016,0.04008,0.00029,0.00008,0.003,0.00016,0.05008
260,66782.36,66782.35,66782.34,66782.33,66782.32,66782.31,66782.3,66782.26,66782.25,66782,66782.37,66782.38,66782.4,66782.45,66782.65,66782.66,66782.79,66782.81,66783.3,66783.36,0.0501,0.0004,0.00008,0.00008,0.00008,0.00008,0.00008,0.00008,0.00586,0.0012,2.83299,0.00008,0.05016,0.05008,0.00022,0.00008,0.00008,0.37534,0.003,0.00008
261,66816.59,66816.58,66816.57,66816.56,66816.55,66816.51,66816.5,66813.62,66813.61,66813.6,66816.6,66816.61,66816.96,66817.79,66817.99,66818,66818.46,66818.64,66818.67,66818.92,1.44006,0.00072,0.00088,0.08649,0.05016,0.00016,0.05024,0.00016,0.04616,0.10617,0.87549,0.00008,0.00008,0.00016,0.00008,0.0012,0.00008,0.003,0.00016,0.12194
262,66820.53,66820.52,66820.32,66819.12,66818.95,66818.46,66818.45,66818.31,66817.56,66817.4,66820.54,66820.55,66821.12,66821.61,66821.62,66821.9,66822,66822.24,66822.37,66822.45,2.99074,0.00008,0.00008,0.35136,1.23238,0.00022,0.19816,0.19808,0.01496,0.00008,0.13003,0.00032,0.00009,0.00008,0.00488,0.002,0.0012,0.00382,0.00255,0.00009
263,66815.21,66815.2,66814.21,66814.2,66814.01,66814,66813.99,66813.6,66813.41,66813.4,66815.22,66815.23,66815.75,66815.83,66816,66816.16,66816.45,66816.96,66817.03,66817.04,2.3104,0.00101,0.00016,0.10366,0.00016,0.1067,0.34391,0.00308,0.00756,0.00016,0.17662,0.0004,0.00009,0.01206,0.0012,0.00009,0.00008,0.00008,0.00016,0.1039
264,66835.32,66835.31,66835.22,66833.76,66833.38,66832.65,66832.64,66832.27,66831.9,66831.89,66835.33,66835.34,66835.44,66835.85,66836,66836.26,66836.27,66836.28,66836.54,66836.55,0.68264,0.00008,0.00008,0.00008,0.01206,0.00016,0.10361,0.00008,0.00016,0.09025,0.97154,0.00056,0.003,0.00009,0.00129,0.00016,0.15286,0.10353,0.00027,0.00008
265,66854.11,66854.1,66853.92,66852.45,66852.44,66851.79,66850.83,66850.81,66850.8,66850.56,66854.12,66854.13,66854.8,66854.81,66854.82,66855.51,66855.6,66855.84,66855.89,66855.95,0.1133,0.00048,0.00008,0.00016,0.67381,0.01198,0.03103,0.00024,0.1034,0.00008,1.40985,0.00008,0.00016,0.06707,0.10356,0.015,0.003,0.00009,0.00008,0.00009
266,66871.43,66871.42,66871.41,66870.72,66870.53,66870.52,66870.07,66869.54,66869.53,66869.52,66871.44,66871.45,66871.59,66871.6,66871.61,66871.99,66872,66872.4,66872.7,66873.2,0.91445,0.00504,0.00008,0.00008,0.00008,0.01196,0.00008,0.00115,0.05607,0.00008,1.19058,0.00024,0.00016,0.0373,0.10366,0.00015,0.0012,0.003,0.00009,0.00098
267,66874.69,66874.68,66874.67,66874.35,66874.34,66874.08,66874,66873.67,66873.42,66873.2,66874.7,66874.71,66875.76,66875.85,66875.87,66875.88,66876.27,66876.47,66877.42,66877.43,1.97969,0.00016,0.00024,0.00008,0.00008,0.00008,0.0012,0.00008,0.00008,0.0009,1.68351,0.00024,0.00008,0.00016,0.00008,0.00008,0.00008,0.00722,0.00016,0.09119
268,66919.85,66919.84,66919.06,66919.05,66918.24,66918.23,66917.81,66917.8,66917.79,66917.76,66919.86,66919.87,66919.99,66920,66920.04,66920.32,66920.85,66920.86,66921.12,66921.15,1.05861,0.6772,0.00008,0.01204,0.00008,0.00899,0.00008,0.03118,0.10346,0.00008,1.25781,0.00032,0.00016,0.01318,0.0009,0.00009,0.00016,0.02272,0.00308,0.00016
269,66932.66,66932.65,66931.8,66931.73,66931.48,66931.2,66931.16,66931.06,66930.39,66930.38,66932.67,66932.68,66932.88,66933,66933.42,66933.45,66933.64,66934,66934.11,66934.12,1.40883,0.00072,0.00043,0.00008,0.00009,0.00008,0.00817,0.00008,0.00016,0.01493,2.31255,0.00008,0.003,0.00009,0.0009,0.00029,0.00074,0.0012,0.00008,0.00606
270,66923.53,66923.52,66922.8,66922.37,66922.36,66922.35,66922.34,66922.15,66922.14,66921.67,66923.54,66923.55,66923.7,66924,66924.34,66924.35,66924.39,66924.4,66924.48,66924.51,3.73619,0.00025,0.003,0.00016,0.0269,0.03,0.00008,0.00016,0.05642,0.00008,0.43644,0.0008,0.00028,0.0008,0.00008,0.00257,0.00008,0.00522,0.00008,0.00117
271,66878.09,66878.08,66878,66877.87,66877.86,66877.44,66876.54,66876.1,66876.05,66876,66878.1,66878.11,66878.14,66878.15,66878.51,66878.77,66879.12,66879.43,66879.44,66879.85,0.6599,0.0008,0.0012,0.00024,0.10338,0.00008,0.00385,0.00008,0.00009,0.0012,2.9804,0.00008,0.00016,0.05008,0.00016,0.00008,0.003,0.00755,0.00008,0.00016
272,66823.62,66823.61,66822.79,66822.22,66822.21,66822.2,66822,66821.51,66821.32,66821.31,66823.63,66823.64,66823.96,66823.97,66823.98,66824,66824.49,66825.62,66825.8,66825.91,3.10533,0.00023,0.00832,0.00016,0.20281,0.67304,0.003,0.01496,0.00016,0.05642,0.33022,0.00056,0.00008,0.00008,0.00008,0.0012,0.00008,0.00008,0.00009,0.00077
273,66816.81,66816.8,66816.37,66816.16,66816,66815.75,66815.46,66815.08,66815.07,66815.02,66816.82,66816.83,66816.95,66816.96,66816.97,66817.67,66818.64,66818.87,66820.32,66820.54,0.73489,0.00064,0.00008,0.00009,0.0012,0.00009,0.00008,0.00024,0.05,0.00384,2.27331,0.00008,0.00016,0.08536,0.23184,0.01204,0.003,0.09393,0.09011,0.93907
274,66854.09,66854.08,66853.92,66853.91,66853.9,66853.32,66852.12,66852.11,66850.56,66850.55,66854.1,66854.11,66854.32,66855.47,66855.48,66855.49,66855.6,66855.61,66855.84,66855.89,0.96429,0.00281,0.00031,0.00024,0.10356,0.00008,0.00008,0.00008,0.00016,0.00809,1.55529,0.00008,0.0001,0.03508,0.06356,0.10348,0.003,0.01206,0.00009,0.00008
275,66859.81,66859.8,66859.2,66858.96,66858.93,66858.83,66858.68,66858.48,66858.01,66857.28,66859.82,66859.83,66860,66860.63,66860.64,66860.68,66860.8,66861,66861.35,66861.99,2.62452,0.00485,0.00238,0.003,0.07178,0.04192,0.00008,0.01529,0.00008,0.11942,0.1838,0.00122,0.0012,0.00024,0.0228,0.00008,0.00009,0.00256,0.00008,0.00008
276,66844.04,66844.03,66844,66843.85,66843.84,66843.75,66843.73,66843.42,66843.41,66843.26,66844.05,66844.06,66844.53,66844.54,66845.31,66845.93,66846.37,66846.38,66846.39,66846.4,2.10891,0.00466,0.0012,0.00873,0.00308,0.0003,0.00838,0.00016,0.23163,0.00008,0.98034,0.00056,0.00016,0.04671,0.00375,0.00008,0.08778,0.10977,0.00024,0.11032
277,66836,66835.99,66835.85,66835.44,66835.29,66835.22,66835.02,66834.64,66834.63,66834.62,66836.01,66836.02,66836.61,66836.62,66837.12,66837.22,66837.32,66837.33,66837.89,66838.31,1.09494,0.00032,0.00009,0.003,0.00064,0.00008,0.01206,0.00016,0.0333,0.10348,1.23313,0.00048,0.00016,0.10348,0.00008,0.00008,0.00024,0.04647,0.00008,0.00016
278,66852.97,66852.96,66852.6,66852.14,66852.13,66852,66851.97,66851.74,66851.73,66851.3,66852.98,66852.99,66853.92,66853.97,66854,66854.01,66854.37,66855.28,66855.29,66855.6,0.82178,0.00072,0.00009,0.00008,0.0004,0.0012,0.00008,0.00008,0.00632,0.00008,4.10722,0.00008,0.00308,0.01196,0.10438,0.3219,0.1034,0.00755,0.00024,0.003
279,66853.07,66853.06,66852.99,66852.98,66852.97,66852.6,66852.3,66852.29,66852.28,66852.22,66853.08,66853.09,66853.28,66853.29,66853.64,66853.65,66853.91,66853.92,66853.98,66854.39,0.65625,0.00088,0.00008,0.00016,0.00024,0.00009,0.00016,0.05055,0.05024,0.00008,4.52809,0.06363,0.00024,0.11558,0.00016,0.05016,0.00755,0.00308,0.00008,0.01504
280,66865.32,66865.31,66864.02,66864,66862.95,66862.94,66862.93,66862.32,66862.03,66862.02,66865.33,66865.34,66865.76,66866,66866.04,66866.12,66866.13,66866.51,66866.71,66866.92,2.17767,0.00024,0.00015,0.00008,0.00016,0.04128,0.09052,0.003,0.00016,0.02008,1.34774,0.0008,0.00009,0.00129,0.00008,0.00008,0.00396,0.0009,0.00008,0.00008
281,66862.93,66862.92,66862.91,66862.7,66862,66861.36,66860.64,66860.06,66860.01,66860,66862.94,66862.95,66863.28,66864,66864.01,66864.03,66864.42,66865.38,66865.39,66865.68,0.08729,0.0025,0.00181,0.00008,0.0004,0.00008,0.00037,0.00049,0.00024,0.07104,3.7748,4.51322,0.00009,0.00308,0.34731,0.11179,0.00008,0.00022,0.00008,0.003
282,66854,66853.99,66853.92,66853.65,66853.32,66853.15,66853.14,66853.08,66852.65,66852.6,66854.01,66854.02,66854.81,66855.6,66855.99,66856.45,66856.46,66856.47,66857.28,66857.29,0.04177,0.00048,0.00008,0.0039,0.00008,0.00008,0.00098,0.00225,0.00008,0.00009,2.9097,0.00008,0.00008,0.003,0.00008,0.1139,0.09142,0.27593,0.00308,0.00905
283,66834.8,66834.79,66834,66833.88,66833.84,66833.76,66833.24,66833.23,66833.08,66832.78,66834.81,66834.82,66835.44,66835.69,66835.88,66836,66836.24,66836.25,66836.53,66836.55,0.00569,0.00288,0.0012,0.00008,0.00008,0.00008,0.00008,0.00008,0.0009,0.00008,2.63008,0.00008,0.003,0.0084,0.00008,0.00009,0.06707,0.22467,0.01511,0.00008
284,66857.88,66857.87,66857.86,66857.28,66856.93,66856.74,66856.68,66856.49,66856.45,66856.44,66857.89,66857.9,66857.98,66858,66858.14,66858.2,66858.35,66858.45,66858.46,66858.67,0.10849,0.0008,0.01142,0.00008,0.00606,0.00035,0.00606,0.00112,0.00019,0.00016,1.35591,0.00048,0.0039,0.00728,0.0026,0.00017,0.01129,0.00016,0.01512,0.00008
285,66840.06,66840.05,66840,66839.98,66839.77,66839.58,66839.57,66839.53,66839.52,66839.2,66840.07,66840.08,66840.23,66840.24,66840.48,66840.86,66841.74,66841.75,66841.9,66842.15,0.10711,0.00064,0.0012,0.00391,0.0009,0.00008,0.00008,0.00809,0.00024,0.00009,2.80779,0.00933,0.17891,0.33564,0.00308,0.00031,0.00748,0.0404,0.00812,0.00756
286,66831.91,66831.9,66831.87,66831.74,66831.6,66831.26,66831.25,66831.24,66831.21,66831.2,66831.92,66831.93,66832,66832.46,66832.47,66832.49,66832.5,66832.81,66833,66833.09,1.64964,0.00528,0.00008,0.01206,0.00008,0.00016,0.07679,0.14971,0.00027,0.00008,0.1244,0.00048,0.0004,0.00392,0.00095,0.00008,0.00009,0.00164,0.00015,0.0009
287,66825,66824.99,66824.64,66824.63,66824.53,66824.46,66824.45,66824.35,66824,66823.68,66825.01,66825.02,66825.34,66825.35,66825.36,66827.04,66827.18,66827.19,66828.47,66828.48,0.86366,0.00064,0.00016,0.1035,0.00134,0.00008,0.00008,0.0004,0.0012,0.00008,1.51456,0.00008,0.03193,0.1035,0.003,0.00308,0.00016,0.10525,0.00016,0.04
288,66845.68,66845.67,66845.66,66845.65,66845.6,66845.52,66845.32,66844.11,66843.84,66843.51,66845.69,66845.7,66845.9,66845.92,66846,66846.32,66846.46,66847.2,66847.63,66848,2.2536,0.00216,0.06609,0.05016,0.05016,0.003,0.02008,0.01493,0.00308,0.00848,0.06871,0.00554,0.00009,0.00009,0.0012,0.00261,0.0009,0.00008,0.00008,0.0012
289,66815.73,66815.72,66815.41,66815.4,66815.28,66814.93,66814.92,66814.91,66813.6,66813.05,66815.74,66815.75,66815.91,66815.92,66815.93,66816,66816.11,66816.16,66816.41,66816.42,1.64165,0.00008,0.00607,0.00607,0.003,0.00016,0.03196,0.10368,0.00308,0.42588,0.10984,0.00286,0.00008,0.00615,0.00607,0.0012,0.00008,0.00009,0.00008,0.00008
290,66778.84,66778.83,66778,66777.24,66777.15,66777.01,66777,66776.95,66776.64,66776.52,66778.85,66778.86,66778.9,66779.96,66780,66780.47,66781.43,66781.44,66781.63,66781.89,0.12545,0.00056,0.0012,0.0041,0.0001,0.00024,0.4495,0.00012,0.00008,0.00008,3.13469,0.00008,0.05008,0.003,0.00008,0.20466,0.01908,0.00009,0.003,1.1245
291,66766.27,66766.26,66766.06,66766.05,66766.04,66766,66765.76,66765.75,66765.74,66765.72,66766.28,66766.29,66766.3,66766.56,66766.6,66766.69,66766.7,66766.88,66766.9,66767.59,0.19627,0.00048,0.00097,0.00533,0.00008,0.0012,0.00049,0.00016,0.67438,0.00008,0.47051,0.00096,0.00607,0.00008,0.003,0.13746,0.10376,0.00008,0.0565,0.04012
292,66779.25,66779.24,66778.66,66778.57,66778.56,66778.55,66778.54,66776.64,66776.62,66776.12,66779.26,66779.27,66779.85,66779.86,66779.9,66779.91,66779.95,66779.96,66780,66780.34,0.2191,0.0004,0.00008,0.00024,0.59139,0.00292,0.00452,0.00008,0.003,0.00008,0.98667,0.00008,0.00016,0.31367,0.00008,0.00008,0.00008,0.003,0.01136,0.00016
293,66794.36,66794.35,66794.31,66794.3,66794.24,66794.23,66794.22,66794.01,66794,66793.44,66794.37,66794.38,66794.64,66794.65,66794.66,66794.67,66794.81,66794.82,66795.63,66795.65,1.10411,0.0504,0.00016,0.05,0.00016,0.30737,0.5881,0.00016,0.05,0.00008,0.15412,0.00008,0.00008,0.00008,0.00008,0.00717,0.00024,0.0147,0.00843,0.00009
294,66815.73,66815.72,66815.71,66815.7,66815.66,66815.65,66815.41,66815.36,66815.28,66813.81,66815.74,66815.75,66816,66816.16,66816.35,66816.96,66817.99,66818,66818.03,66818.66,1.71639,0.00261,0.06008,0.05,0.00016,0.05,0.01487,0.01122,0.003,0.00083,0.90172,0.00057,0.0012,0.00009,0.00262,0.00008,0.00008,0.0012,0.00008,0.003
295,66820.54,66820.53,66820.52,66820.32,66820.18,66820,66819.72,66819.1,66818.66,66818.65,66820.55,66820.56,66821.18,66821.19,66823.36,66823.37,66823.38,66823.39,66823.4,66823.66,1.18228,0.00008,0.00028,0.00308,0.01486,0.0012,0.0009,0.00009,0.05457,0.0565,0.1473,0.00024,0.00008,0.00631,0.00008,0.00008,0.00016,0.00008,0.00016,0.00008
296,66837.94,66837.93,66837.12,66836.06,66836.05,66836,66835.44,66835.21,66834.91,66834.31,66837.95,66837.96,66838,66838.8,66839.2,66839.51,66839.52,66839.77,66840,66840.47,2.16746,0.00008,0.00308,0.44945,0.67376,0.00009,0.003,0.03008,0.12008,0.00031,0.07436,0.0004,0.0012,0.00262,0.00009,0.00008,0.00008,0.0009,0.0012,0.00008
