timestamp,bid_price_0,bid_price_1,bid_price_2,bid_price_3,bid_price_4,bid_price_5,bid_price_6,bid_price_7,bid_price_8,bid_price_9,ask_price_0,ask_price_1,ask_price_2,ask_price_3,ask_price_4,ask_price_5,ask_price_6,ask_price_7,ask_price_8,ask_price_9,bid_size_0,bid_size_1,bid_size_2,bid_size_3,bid_size_4,bid_size_5,bid_size_6,bid_size_7,bid_size_8,bid_size_9,ask_size_0,ask_size_1,ask_size_2,ask_size_3,ask_size_4,ask_size_5,ask_size_6,ask_size_7,ask_size_8,ask_size_9
0,0.342,0.3419,0.3418,0.3417,0.3416,0.3415,0.3414,0.3413,0.3412,0.3411,0.3421,0.3422,0.3423,0.3424,0.3425,0.3426,0.3427,0.3428,0.3429,0.343,481.9,1820.4,3267.8,1696.7,2678.6,2872.2,6272.1,5904.1,1765.1,4886.8,344.3,940,1995.8,1930.8,4905.8,5709.8,476,9579.9,21074.1,3008.7
1,0.342,0.3419,0.3418,0.3417,0.3416,0.3415,0.3414,0.3413,0.3412,0.3411,0.3421,0.3422,0.3423,0.3424,0.3425,0.3426,0.3427,0.3428,0.3429,0.343,981.9,1820.4,3267.8,1696.7,3381.4,3380.9,6272.1,5904.1,1765.1,4886.8,29.3,940,1995.8,1930.8,4905.8,5709.8,476,9554.8,21074.1,3008.7
2,0.3422,0.3421,0.342,0.3419,0.3418,0.3417,0.3416,0.3415,0.3414,0.3413,0.3423,0.3424,0.3425,0.3426,0.3427,0.3428,0.3429,0.343,0.3431,0.3432,938.4,634,29.3,3233.9,5040,344.3,2465.4,6014.3,7691.9,2065.6,759.1,1249.4,4158.2,1249.7,3150.8,6670.9,6737.6,344.2,27604.6,1154.5
3,0.3421,0.342,0.3419,0.3418,0.3417,0.3416,0.3415,0.3414,0.3413,0.3412,0.3423,0.3424,0.3425,0.3426,0.3427,0.3428,0.3429,0.343,0.3431,0.3432,529.3,344.3,2502.6,4272.5,964.7,4130.7,6014.3,7691.9,2065.6,1163,759.1,1249.4,4749.1,1979.6,1747.7,4723,12611,344.2,27604.6,1154.5
4,0.342,0.3419,0.3418,0.3417,0.3416,0.3415,0.3414,0.3413,0.3412,0.3411,0.3421,0.3422,0.3423,0.3424,0.3425,0.3426,0.3427,0.3428,0.3429,0.343,543.2,1286.9,3267.8,1696.4,2773.6,3074.9,6447.2,5728.7,1765.1,1923.6,618.7,558.7,1343.8,1979.7,4984.4,4979.6,476,4723,25965.4,344.2
5,0.342,0.3419,0.3418,0.3417,0.3416,0.3415,0.3414,0.3413,0.3412,0.3411,0.3421,0.3422,0.3423,0.3424,0.3425,0.3426,0.3427,0.3428,0.3429,0.343,543.2,1286.9,3267.8,1696.4,3047.1,3310.4,6447.2,5728.7,344.4,3343.2,315,558.7,1343.8,1979.7,4984.4,4979.6,476,4723,25703.7,344.2
6,0.342,0.3419,0.3418,0.3417,0.3416,0.3415,0.3414,0.3413,0.3412,0.3411,0.3421,0.3422,0.3423,0.3424,0.3425,0.3426,0.3427,0.3428,0.3429,0.343,543.2,1319.7,3267.8,1696.4,2997.5,2353.6,7911.9,2065.6,344.4,3343.2,315,558.7,1343,1249.4,5714.5,4249.7,1935.7,5418.4,25700.7,344.2
7,0.3418,0.3417,0.3416,0.3415,0.3414,0.3413,0.3412,0.3411,0.341,0.3409,0.3419,0.342,0.3421,0.3422,0.3423,0.3424,0.3425,0.3426,0.3427,0.3428,916.5,344.3,1706.4,3072.8,4626.1,3742.9,7007.9,1394.6,10770.2,12827.3,470.3,652.9,1191.5,1289.4,932.3,1979.8,4766.5,6203.7,21803.9,3959.4
8,0.3412,0.3411,0.341,0.3409,0.3408,0.3407,0.3406,0.3405,0.3404,0.3403,0.3413,0.3414,0.3415,0.3416,0.3417,0.3418,0.3419,0.342,0.3421,0.3422,29.4,29.4,1074.2,344.4,1078.1,3243,10524.3,1813,5439.8,4002.8,754.6,315,1217.4,2782.7,3446.9,2670.1,6091.2,4382.7,3299.8,24182.6
9,0.3407,0.3406,0.3405,0.3404,0.3403,0.3402,0.3401,0.34,0.3399,0.3398,0.3409,0.341,0.3411,0.3412,0.3413,0.3414,0.3415,0.3416,0.3417,0.3418,651.9,1691.2,2067,2024.4,5750.7,5865.5,344.5,12028.6,8315.8,5481.9,419.7,1074.2,1536.2,1077.3,3065.1,7914.9,2278,21074.1,3271.2,4002.4
10,0.3404,0.3403,0.3402,0.3401,0.34,0.3399,0.3398,0.3397,0.3396,0.3395,0.3405,0.3406,0.3407,0.3408,0.3409,0.341,0.3411,0.3412,0.3413,0.3414,29.4,5498.9,775.5,1946,12087,6378.3,3274.5,7460,2480.7,3261.6,167.6,344.4,1851.9,315.2,1181,3024.2,6868.2,3181.9,22539.8,3274.8
11,0.3408,0.3407,0.3406,0.3405,0.3404,0.3403,0.3402,0.3401,0.34,0.3399,0.3409,0.341,0.3411,0.3412,0.3413,0.3414,0.3415,0.3416,0.3417,0.3418,950.5,344.4,1086.8,2444.6,4009.7,2211.4,344.5,7020.5,8862.8,12524,29.4,1737.7,3278.2,2154.6,6704.2,3274.8,29.3,3340.9,23271.2,5250.6
12,0.3408,0.3407,0.3406,0.3405,0.3404,0.3403,0.3402,0.3401,0.34,0.3399,0.341,0.3411,0.3412,0.3413,0.3414,0.3415,0.3416,0.3417,0.3418,0.3419,862.3,344.4,1086.3,2168.7,4009.7,3259.1,3344.5,5618.5,8862.8,11746.9,729.8,532.1,934.7,2971.3,3274.8,2698.5,7901.6,23271.2,4003.1,3045.7
13,0.3409,0.3408,0.3407,0.3406,0.3405,0.3404,0.3403,0.3402,0.3401,0.34,0.341,0.3411,0.3412,0.3413,0.3414,0.3415,0.3416,0.3417,0.3418,0.3419,547.2,315,1660.9,1233.8,2168.7,4009.7,2524.4,3344.5,4195,11994,29.4,344.4,934.7,2971.3,3274.8,4276.9,10176.3,23271.2,3045.7,344.3
14,0.3414,0.3413,0.3412,0.3411,0.341,0.3409,0.3408,0.3407,0.3406,0.3405,0.3415,0.3416,0.3417,0.3418,0.3419,0.342,0.3421,0.3422,0.3423,0.3424,924.3,564.2,1085.7,1077.3,1807.3,1432.5,3275.2,4913.9,344.4,4092.1,29.3,4061.1,4117.4,3030.2,1980.5,4074.1,3955.8,7610.1,20839.6,344.3
15,0.3412,0.3411,0.341,0.3409,0.3408,0.3407,0.3406,0.3405,0.3404,0.3403,0.3413,0.3414,0.3415,0.3416,0.3417,0.3418,0.3419,0.342,0.3421,0.3422,315,344.4,1660.5,2055.4,4008.8,2567.2,1811.9,3344.4,5606.3,344.4,29.4,344.4,1277.8,3019.2,3694.1,5701.7,4963.3,6738.4,20295.6,7618.9
16,0.3412,0.3411,0.341,0.3409,0.3408,0.3407,0.3406,0.3405,0.3404,0.3403,0.3413,0.3414,0.3415,0.3416,0.3417,0.3418,0.3419,0.342,0.3421,0.3422,344.4,344.4,930.4,2055.4,3275.2,4034.6,1811.9,4766.2,4184,344.4,729.8,344.4,344.4,1502.1,3092.9,5557,2038.4,5824.3,22952.6,7618.9
17,0.3415,0.3414,0.3413,0.3412,0.3411,0.341,0.3409,0.3408,0.3407,0.3406,0.3416,0.3417,0.3418,0.3419,0.342,0.3421,0.3422,0.3423,0.3424,0.3425,696.6,908.4,930.3,344.4,1077.3,1074.2,2055.4,7025.7,4034.6,516.9,29.4,2184.6,4495.2,4253.9,4074.1,3507.6,6619.5,20839.6,4289,3266.9
18,0.3414,0.3413,0.3412,0.3411,0.341,0.3409,0.3408,0.3407,0.3406,0.3405,0.3416,0.3417,0.3418,0.3419,0.342,0.3421,0.3422,0.3423,0.3424,0.3425,629.3,344.4,1662.8,344.4,1074.2,2788.7,10118.2,3988.2,344.4,344.4,344.4,1823.2,3564.7,2940.6,5421.2,3629.6,4696.5,23487.6,637,3266.9
19,0.3415,0.3414,0.3413,0.3412,0.3411,0.341,0.3409,0.3408,0.3407,0.3406,0.3416,0.3417,0.3418,0.3419,0.342,0.3421,0.3422,0.3423,0.3424,0.3425,315,629.3,344.4,1662.8,344.4,1074.2,2898.2,6449.9,7656.9,344.4,29.4,1823.2,3564.7,2212.3,4074.1,2045.8,8080.3,24492,3916.4,3266.9
20,0.3418,0.3417,0.3416,0.3415,0.3414,0.3413,0.3412,0.3411,0.341,0.3409,0.3419,0.342,0.3421,0.3422,0.3423,0.3424,0.3425,0.3426,0.3427,0.3428,753.9,1735.6,3856.5,2576.7,1076.7,2022.2,3271.3,517.6,5540.3,7428.1,29.3,344.3,295.6,344.3,1804.6,1699.9,5673.1,6669.1,20344.3,7610.8
21,0.3423,0.3422,0.3421,0.342,0.3419,0.3418,0.3417,0.3416,0.3415,0.3414,0.3424,0.3425,0.3426,0.3427,0.3428,0.3429,0.343,0.3431,0.3432,0.3433,593.5,344.3,1642.2,1805.1,760.5,344.3,933.8,6930.6,3344.4,344.4,344.3,344.3,1074.1,1703,5822.7,6479.5,1534.2,23958.1,3833.5,3986.2
22,0.3425,0.3424,0.3423,0.3422,0.3421,0.342,0.3419,0.3418,0.3417,0.3416,0.3426,0.3427,0.3428,0.3429,0.343,0.3431,0.3432,0.3433,0.3434,0.3435,467.2,344.3,1658.1,1074.9,1428.2,6168.5,29.3,7001.4,933.8,6930.6,315,1259.3,4083.6,3075.1,3124.5,6932.4,4883.4,344.2,5705.5,21074
23,0.3426,0.3425,0.3424,0.3423,0.3422,0.3421,0.342,0.3419,0.3418,0.3417,0.3427,0.3428,0.3429,0.343,0.3431,0.3432,0.3433,0.3434,0.3435,0.3436,437.8,344.3,928.2,1804.5,344.3,1428.2,6899.4,3685.8,3344.3,933.8,315,2947.7,2056.6,3910.1,3990.1,1980.3,5814.1,8256.6,24714.1,344.2
24,0.343,0.3429,0.3428,0.3427,0.3426,0.3425,0.3424,0.3423,0.3422,0.3421,0.3432,0.3433,0.3434,0.3435,0.3436,0.3437,0.3438,0.3439,0.344,0.3441,759,344.2,1669.7,4272,2533.5,1790.3,6436.7,4806.5,344.3,2499.5,603.5,605.1,605.9,1801.9,515.3,2735.1,9637.1,21798.4,1036.2,3468.2
25,0.3434,0.3433,0.3432,0.3431,0.343,0.3429,0.3428,0.3427,0.3426,0.3425,0.3436,0.3437,0.3438,0.3439,0.344,0.3441,0.3442,0.3443,0.3444,0.3445,722.6,315,1605.6,2045.3,3257.5,1803.1,29.2,10365.5,2553.3,3994.1,263.9,434.7,1542.5,344.2,2148.5,5385.3,9742.3,24662.3,4275.5,635.8
26,0.3436,0.3435,0.3434,0.3433,0.3432,0.3431,0.343,0.3429,0.3428,0.3427,0.3438,0.3439,0.344,0.3441,0.3442,0.3443,0.3444,0.3445,0.3446,0.3447,29.2,344.2,926.1,344.2,2831.6,4072.5,3429.8,6145.3,29.2,3954,517.4,1411.6,5754.5,3656.5,4535.8,344.1,1619.5,5341.7,24762.7,3274.5
27,0.3433,0.3432,0.3431,0.343,0.3429,0.3428,0.3427,0.3426,0.3425,0.3424,0.3434,0.3435,0.3436,0.3437,0.3438,0.3439,0.344,0.3441,0.3442,0.3443,29.2,1074,1316.1,3255.8,3228.8,1487.2,10849,1154.6,344.3,4765.7,431.1,472.5,692.7,482.9,1230.1,3019.2,10232.4,1874,24172.4,1031
28,0.3431,0.343,0.3429,0.3428,0.3427,0.3426,0.3425,0.3424,0.3423,0.3422,0.3433,0.3434,0.3435,0.3436,0.3437,0.3438,0.3439,0.344,0.3441,0.3442,344.2,29.2,1074,2155.5,5621.1,1154.6,4804,3262.3,1074.1,1164.7,29.2,344.2,2132.6,4022.3,1210.4,674.7,5575.3,30778.1,2929.7,344.2
29,0.3431,0.343,0.3429,0.3428,0.3427,0.3426,0.3425,0.3424,0.3423,0.3422,0.3433,0.3434,0.3435,0.3436,0.3437,0.3438,0.3439,0.344,0.3441,0.3442,29.2,2942.5,1803.1,344.2,5621.1,2236.5,4804,3262.3,1074.1,344.3,376.5,344.2,2132.6,4020.2,1210.4,674.7,4120.9,30778.1,600.8,2204.7
30,0.3431,0.343,0.3429,0.3428,0.3427,0.3426,0.3425,0.3424,0.3423,0.3422,0.3432,0.3433,0.3434,0.3435,0.3436,0.3437,0.3438,0.3439,0.344,0.3441,315,510.2,1074,2155.7,5446.3,4154.6,344.3,3435.2,4725.4,344.3,29.2,29.2,1619,3007.4,3292.5,1937.9,1558.9,5544.9,28469.5,344.1
31,0.3431,0.343,0.3429,0.3428,0.3427,0.3426,0.3425,0.3424,0.3423,0.3422,0.3433,0.3434,0.3435,0.3436,0.3437,0.3438,0.3439,0.344,0.3441,0.3442,344.2,344.2,1074,2155.4,5441,5788,3994.1,3262.3,1074.1,344.3,405.7,344.2,2132.7,4020.2,482.9,2286.4,6236.7,28469.5,344.1,344.2
32,0.3431,0.343,0.3429,0.3428,0.3427,0.3426,0.3425,0.3424,0.3423,0.3422,0.3433,0.3434,0.3435,0.3436,0.3437,0.3438,0.3439,0.344,0.3441,0.3442,1316.6,3257.5,1803.1,615.8,4716.9,5788,344.3,6912.8,1074.1,344.3,405.7,344.2,2132.7,4020.2,482.9,2286.4,6236.7,27778.1,2198.1,344.2
33,0.343,0.3429,0.3428,0.3427,0.3426,0.3425,0.3424,0.3423,0.3422,0.3421,0.3431,0.3432,0.3433,0.3434,0.3435,0.3436,0.3437,0.3438,0.3439,0.344,29.2,1074,1426.2,4260.1,2818.4,1847.9,6262.3,4725.8,344.3,5505.1,315,344.2,927.2,1072.3,2185.8,3294.7,2822.4,4366.5,6181.1,24828.1
34,0.3429,0.3428,0.3427,0.3426,0.3425,0.3424,0.3423,0.3422,0.3421,0.342,0.343,0.3431,0.3432,0.3433,0.3434,0.3435,0.3436,0.3437,0.3438,0.3439,759,1426.2,3258.9,1884.3,2081,8595.6,2710.2,344.3,1035.8,8347.3,315,344.2,927.5,1072.5,344.2,2361.1,5442.2,7205.9,23502.8,3980.4
35,0.3429,0.3428,0.3427,0.3426,0.3425,0.3424,0.3423,0.3422,0.3421,0.342,0.343,0.3431,0.3432,0.3433,0.3434,0.3435,0.3436,0.3437,0.3438,0.3439,1559.3,1426.2,6258.9,1884.3,2081,3262.3,3627.8,344.3,4689.3,8330.1,437.3,344.2,927.4,344.2,2705.7,6089.1,4750.4,2061.3,20502.8,5586.4
36,0.3429,0.3428,0.3427,0.3426,0.3425,0.3424,0.3423,0.3422,0.3421,0.342,0.343,0.3431,0.3432,0.3433,0.3434,0.3435,0.3436,0.3437,0.3438,0.3439,829.5,1426.2,6258.9,1884.3,2081,3262.3,3627.8,344.3,4689.3,6865.2,752.3,344.2,927.4,1072.5,1977.4,6089.1,4750.4,2061.3,20502.8,5588.4
37,0.3428,0.3427,0.3426,0.3425,0.3424,0.3423,0.3422,0.3421,0.342,0.3419,0.3429,0.343,0.3431,0.3432,0.3433,0.3434,0.3435,0.3436,0.3437,0.3438,976.3,344.2,3925.1,2105.2,1804.2,4262.8,1979.5,3344.3,5457,5940.9,344.2,344.2,344.2,1802.5,344.2,2713.7,8314,23294.7,1037.2,5536.4
38,0.3424,0.3423,0.3422,0.3421,0.342,0.3419,0.3418,0.3417,0.3416,0.3415,0.3425,0.3426,0.3427,0.3428,0.3429,0.343,0.3431,0.3432,0.3433,0.3434,29.3,344.3,986.3,1347.8,1428.6,9377.1,1807.2,344.3,3913.2,4689.6,782.3,344.3,928.3,1317.4,2322,5975.2,2122.3,7658.1,4662.5,21423.6
39,0.3425,0.3424,0.3423,0.3422,0.3421,0.342,0.3419,0.3418,0.3417,0.3416,0.3427,0.3428,0.3429,0.343,0.3431,0.3432,0.3433,0.3434,0.3435,0.3436,315,344.3,2159,4637,344.3,2064.2,4949.4,2315.5,3344.3,3913.2,29.3,1665.2,4049.2,344.2,2135.6,7954,3986.8,21319.3,986.2,10178.1
40,0.3424,0.3423,0.3422,0.3421,0.342,0.3419,0.3418,0.3417,0.3416,0.3415,0.3426,0.3427,0.3428,0.3429,0.343,0.3431,0.3432,0.3433,0.3434,0.3435,344.3,344.3,986.3,1075.1,1701.1,6434,5315.5,344.3,7572,1028.9,344.3,467.3,1665.2,4778.4,933.8,3593.5,4715.1,1913.1,23348.2,2542.1
41,0.3418,0.3417,0.3416,0.3415,0.3414,0.3413,0.3412,0.3411,0.341,0.3409,0.3419,0.342,0.3421,0.3422,0.3423,0.3424,0.3425,0.3426,0.3427,0.3428,344.3,1430.1,3913.2,2836.3,344.4,5624.8,3271.3,344.4,8403.7,9129.3,160.2,597.9,1029.6,1152.5,1753.6,1372.3,5638.7,4113.5,2675.6,24235.1
42,0.3417,0.3416,0.3415,0.3414,0.3413,0.3412,0.3411,0.341,0.3409,0.3408,0.3418,0.3419,0.342,0.3421,0.3422,0.3423,0.3424,0.3425,0.3426,0.3427,29.3,3598.2,1830.7,1587.5,4159.9,3780.5,344.4,4738.6,11670.5,3275.2,315,472.4,1142.8,1075.2,542.7,1023.1,2429.4,10037.5,24113.5,467.3
43,0.3416,0.3415,0.3414,0.3413,0.3412,0.3411,0.341,0.3409,0.3408,0.3407,0.3418,0.3419,0.342,0.3421,0.3422,0.3423,0.3424,0.3425,0.3426,0.3427,642,551.5,3546,1718.9,1840.4,4738.2,3952.3,10795,4742.2,2490.5,344.3,344.3,2761.3,4001.7,2645.1,6322.3,21854.3,3947.3,986.3,344.3
44,0.3415,0.3414,0.3413,0.3412,0.3411,0.341,0.3409,0.3408,0.3407,0.3406,0.3417,0.3418,0.3419,0.342,0.3421,0.3422,0.3423,0.3424,0.3425,0.3426,314.6,3272.2,2016.2,2847.1,3272.2,5103.3,14273.5,4742.2,1675,344.4,344.3,344.3,1661.3,2175.8,4001.7,1914.4,7783.5,20393.5,3947.3,986.3
45,0.3413,0.3412,0.3411,0.341,0.3409,0.3408,0.3407,0.3406,0.3405,0.3404,0.3414,0.3415,0.3416,0.3417,0.3418,0.3419,0.342,0.3421,0.3422,0.3423,907.5,344.4,4762.5,4135,11353.2,3275.2,1719.8,344.4,4015.7,4741.5,95.6,344.4,1076.4,344.3,344.3,2654,8831.3,5570,20542.7,2484.3
46,0.3411,0.341,0.3409,0.3408,0.3407,0.3406,0.3405,0.3404,0.3403,0.3402,0.3413,0.3414,0.3415,0.3416,0.3417,0.3418,0.3419,0.342,0.3421,0.3422,29.4,344.4,1432.3,3915.9,4352.3,1848,2454.9,6952.2,344.4,4838.3,315,1440.8,3968.6,4006.2,986.3,2772.5,4483.1,24199.5,3270.8,344.3
47,0.3412,0.3411,0.341,0.3409,0.3408,0.3407,0.3406,0.3405,0.3404,0.3403,0.3413,0.3414,0.3415,0.3416,0.3417,0.3418,0.3419,0.342,0.3421,0.3422,29.4,344.4,344.4,2165.7,3915.9,5086.7,1848,4657.8,3279.9,1519.8,315,642,2222.8,3274.3,2516.8,3054.5,1743.8,5164.6,6925.5,23008.6
48,0.3411,0.341,0.3409,0.3408,0.3407,0.3406,0.3405,0.3404,0.3403,0.3402,0.3412,0.3413,0.3414,0.3415,0.3416,0.3417,0.3418,0.3419,0.342,0.3421,315,344.4,344.4,2074.8,4353,1078.1,2429.1,3279.9,4017.8,344.5,117.6,344.4,1258,1636.8,4737.6,2449.8,1037.4,3206.4,26230.5,6925.5
49,0.341,0.3409,0.3408,0.3407,0.3406,0.3405,0.3404,0.3403,0.3402,0.3401,0.3411,0.3412,0.3413,0.3414,0.3415,0.3416,0.3417,0.3418,0.3419,0.342,136,1432.8,3917.6,4078.2,619.3,4708,3279.9,4017.8,344.5,3327.6,285.8,344.4,930.9,1403.8,2369,4005.6,2449.8,344.3,1743.8,24199.5
50,0.3413,0.3412,0.3411,0.341,0.3409,0.3408,0.3407,0.3406,0.3405,0.3404,0.3414,0.3415,0.3416,0.3417,0.3418,0.3419,0.342,0.3421,0.3422,0.3423,439.5,344.4,930.8,1077.5,1551.7,4928,3344.4,4014.4,1158.1,8385.3,671.4,1191.5,3275.6,1158,1797.4,4075.3,4647.2,8942.5,20344.3,4371.5
51,0.3413,0.3412,0.3411,0.341,0.3409,0.3408,0.3407,0.3406,0.3405,0.3404,0.3414,0.3415,0.3416,0.3417,0.3418,0.3419,0.342,0.3421,0.3422,0.3423,754.5,344.4,930.5,1077.6,1747.1,4963.7,4984.2,4014.6,1496.3,5398.9,671.4,1322.2,3275.6,1718,344.3,1126.6,7793.1,12580.5,20344.3,1689
52,0.3414,0.3413,0.3412,0.3411,0.341,0.3409,0.3408,0.3407,0.3406,0.3405,0.3415,0.3416,0.3417,0.3418,0.3419,0.342,0.3421,0.3422,0.3423,0.3424,754.4,315,930.4,1077.3,1077.6,2021.7,6156,3516.5,344.4,2123.3,29.4,3275.6,986.3,344.3,1858,7827,13555.1,20344.3,1689,8961
53,0.3414,0.3413,0.3412,0.3411,0.341,0.3409,0.3408,0.3407,0.3406,0.3405,0.3415,0.3416,0.3417,0.3418,0.3419,0.342,0.3421,0.3422,0.3423,0.3424,29.4,783.9,930.1,1077.3,344.4,2021.3,5386.3,4225.4,344.4,5166.8,642,1321.2,3272.5,1075.9,1858,5249,7491.3,4446.2,1689,25626.3
54,0.3413,0.3412,0.3411,0.341,0.3409,0.3408,0.3407,0.3406,0.3405,0.3404,0.3414,0.3415,0.3416,0.3417,0.3418,0.3419,0.342,0.3421,0.3422,0.3423,754.5,29.4,930.6,1077.6,2754.7,3919.3,3519.1,344.4,2454.6,4713,29.4,986.4,1321.2,3443.2,1075.9,2305.9,8642.5,4066.9,24446.2,1677.1
55,0.3412,0.3411,0.341,0.3409,0.3408,0.3407,0.3406,0.3405,0.3404,0.3403,0.3413,0.3414,0.3415,0.3416,0.3417,0.3418,0.3419,0.342,0.3421,0.3422,469,344.4,930.4,2480.2,3919.3,4527.6,344.4,3383.2,4713,344.4,315,344.4,986.4,1321.2,4175,344.3,3768.8,7221.1,5275.8,23004.6
56,0.3411,0.341,0.3409,0.3408,0.3407,0.3406,0.3405,0.3404,0.3403,0.3402,0.3412,0.3413,0.3414,0.3415,0.3416,0.3417,0.3418,0.3419,0.342,0.3421,29.4,344.4,2334,4193.9,1078.1,1812.6,7657.6,4887.7,1227,1164.1,315,507.1,507.4,1076.6,3003.5,7175.7,344.3,3102,23149.1,5275.8
57,0.3405,0.3404,0.3403,0.3402,0.3401,0.34,0.3399,0.3398,0.3397,0.3396,0.3407,0.3408,0.3409,0.341,0.3411,0.3412,0.3413,0.3414,0.3415,0.3416,3029.4,344.4,344.4,1079.4,1525.6,2456.9,4722.6,855.7,1684.2,344.5,344.4,1990.1,3997.6,1924.5,3097.3,2257.6,8396.6,28367.7,344.4,1673.6
58,0.3405,0.3404,0.3403,0.3402,0.3401,0.34,0.3399,0.3398,0.3397,0.3396,0.3407,0.3408,0.3409,0.341,0.3411,0.3412,0.3413,0.3414,0.3415,0.3416,3029.4,344.4,344.4,1079.4,1526.3,2456.9,6929.7,855.7,3164.5,344.5,315,1990.1,4730.9,344.4,344.4,3028.6,6180.9,25972.9,8579,4956.1
59,0.3401,0.34,0.3399,0.3398,0.3397,0.3396,0.3395,0.3394,0.3393,0.3392,0.3403,0.3404,0.3405,0.3406,0.3407,0.3408,0.3409,0.341,0.3411,0.3412,656,1674.7,620.5,2345.2,4661.5,3344.5,1810.1,8272.2,344.5,2049,88.2,1260.2,1224.7,1320.5,2436.2,4990.1,6471.8,20518.1,1810.8,344.4
60,0.3404,0.3403,0.3402,0.3401,0.34,0.3399,0.3398,0.3397,0.3396,0.3395,0.3405,0.3406,0.3407,0.3408,0.3409,0.341,0.3411,0.3412,0.3413,0.3414,315,587.4,1207.8,2077.1,4294.2,1080,516.4,7605.8,3856.1,3282.8,29.4,344.4,1359.1,1402.9,5204.4,7183.5,4009.2,20344.4,4613,8306.9
61,0.3406,0.3405,0.3404,0.3403,0.3402,0.3401,0.34,0.3399,0.3398,0.3397,0.3408,0.3409,0.341,0.3411,0.3412,0.3413,0.3414,0.3415,0.3416,0.3417,344.4,344.4,931.5,1351.5,1354.9,2352.2,4190.6,7022.2,516.4,3925.9,1402.9,3280.3,344.4,1924.5,5454.6,8007.8,8288.2,344.4,29505.9,3272.5
62,0.3406,0.3405,0.3404,0.3403,0.3402,0.3401,0.34,0.3399,0.3398,0.3397,0.3408,0.3409,0.341,0.3411,0.3412,0.3413,0.3414,0.3415,0.3416,0.3417,344.4,344.4,931.5,1351.4,1630.8,2076.3,4753.1,4223.2,516.4,3925.9,1402.9,3280.3,1077.6,1191.3,5454.6,8510.3,8288.2,3619.9,29145.7,3272.5
63,0.3408,0.3407,0.3406,0.3405,0.3404,0.3403,0.3402,0.3401,0.34,0.3399,0.3409,0.341,0.3411,0.3412,0.3413,0.3414,0.3415,0.3416,0.3417,0.3418,392.1,344.4,2020.1,4655.7,794,2280.7,7294.4,986.5,8530.8,1166.7,591.6,989.9,562.7,2100.5,7009.1,986.4,3829.6,9058.9,3914.5,20344.3
64,0.3405,0.3404,0.3403,0.3402,0.3401,0.34,0.3399,0.3398,0.3397,0.3396,0.3407,0.3408,0.3409,0.341,0.3411,0.3412,0.3413,0.3414,0.3415,0.3416,303.4,344.4,611.7,1871.9,3287.2,3282.6,3344.5,4706.7,3925.9,344.5,344.4,2340,5465.4,2679.3,1204.7,3566.1,9939.8,3667.8,20344.4,7657.9
65,0.3403,0.3402,0.3401,0.34,0.3399,0.3398,0.3397,0.3396,0.3395,0.3394,0.3405,0.3406,0.3407,0.3408,0.3409,0.341,0.3411,0.3412,0.3413,0.3414,344.4,265.4,1966.4,4017.9,620.5,2090.4,7770.3,344.5,4026.3,4597.2,986.4,420.8,1666,2340,5093.8,5399,3607.2,1810,23961.4,3667.8
66,0.3401,0.34,0.3399,0.3398,0.3397,0.3396,0.3395,0.3394,0.3393,0.3392,0.3403,0.3404,0.3405,0.3406,0.3407,0.3408,0.3409,0.341,0.3411,0.3412,344.5,210.8,344.5,3064.9,7202.4,1080.6,1983.6,7578.3,344.5,4911.5,257,1728.6,5247,1283.2,4253.7,2340,4756.2,2473.7,21204.7,4009.1
67,0.3401,0.34,0.3399,0.3398,0.3397,0.3396,0.3395,0.3394,0.3393,0.3392,0.3403,0.3404,0.3405,0.3406,0.3407,0.3408,0.3409,0.341,0.3411,0.3412,451.2,210.8,344.5,3064.9,7202.4,2081.8,1983.6,7578.3,344.5,4911.5,410.9,1481.7,5247,420.8,1253.7,3202.4,7756.2,2473.7,21204.7,4009.1
68,0.3407,0.3406,0.3405,0.3404,0.3403,0.3402,0.3401,0.34,0.3399,0.3398,0.3409,0.341,0.3411,0.3412,0.3413,0.3414,0.3415,0.3416,0.3417,0.3418,106.2,344.4,931.6,1349.4,1895.8,1532,2463.3,10772.7,1797.8,4023.3,3289,1570.7,5632.5,3576.5,5512.9,8363.6,23018.3,2529.8,7573.6,344.3
69,0.3405,0.3404,0.3403,0.3402,0.3401,0.34,0.3399,0.3398,0.3397,0.3396,0.3407,0.3408,0.3409,0.341,0.3411,0.3412,0.3413,0.3414,0.3415,0.3416,344.4,344.4,1161.1,1255.8,1960.3,5029.6,4402,7023.6,3925.9,344.5,493.5,1654,4629,1441.6,2343.6,7337.3,5385.9,6559.4,21808.7,3171.8
70,0.3405,0.3404,0.3403,0.3402,0.3401,0.34,0.3399,0.3398,0.3397,0.3396,0.3407,0.3408,0.3409,0.341,0.3411,0.3412,0.3413,0.3414,0.3415,0.3416,344.4,344.4,1161.1,1255.8,2445.7,5801.1,4841,344.5,7605.6,344.5,344.4,1813,5362.5,1514.3,4639.9,4337.3,3920.2,6213.3,21808.7,3171.8
71,0.3404,0.3403,0.3402,0.3401,0.34,0.3399,0.3398,0.3397,0.3396,0.3395,0.3407,0.3408,0.3409,0.341,0.3411,0.3412,0.3413,0.3414,0.3415,0.3416,344.4,1161.1,1255.9,1710.7,5801.1,6311.8,344.5,7605.6,344.5,344.5,344.4,1813,5362.6,2247.6,4639.9,4337.3,23920.2,344.4,6337,3171.8
72,0.3406,0.3405,0.3404,0.3403,0.3402,0.3401,0.34,0.3399,0.3398,0.3397,0.3408,0.3409,0.341,0.3411,0.3412,0.3413,0.3414,0.3415,0.3416,0.3417,517.5,344.4,2321.8,4657.5,502.9,2904.9,5801.1,4815.3,2289.9,5434.4,1371,2964.1,1350.3,1295.7,2111.2,6920.2,6976.4,20344.4,8793.3,3272.5
73,0.3407,0.3406,0.3405,0.3404,0.3403,0.3402,0.3401,0.34,0.3399,0.3398,0.3408,0.3409,0.341,0.3411,0.3412,0.3413,0.3414,0.3415,0.3416,0.3417,891.5,344.4,931.1,1078.9,4655.4,3502.1,1814.8,4098.6,1804.6,855.6,642,555.7,481.3,1295.8,2284,7106.1,2854.4,3515.4,3946.1,23272.5
74,0.3407,0.3406,0.3405,0.3404,0.3403,0.3402,0.3401,0.34,0.3399,0.3398,0.3408,0.3409,0.341,0.3411,0.3412,0.3413,0.3414,0.3415,0.3416,0.3417,650.3,344.4,931.6,2249.4,3921.2,1327.5,4878.3,10775.4,1804.6,855.6,29.4,3519.3,1123.3,1612.6,5112.7,6935.4,2810.4,22990.4,4640.9,3272.5
75,0.3407,0.3406,0.3405,0.3404,0.3403,0.3402,0.3401,0.34,0.3399,0.3398,0.3408,0.3409,0.341,0.3411,0.3412,0.3413,0.3414,0.3415,0.3416,0.3417,576.4,3920.2,931.3,2249.4,4911.4,2680.7,5276.8,8534.5,344.5,1677.2,288.7,752.6,501.7,562.7,2112.7,5650.2,3344.4,344.4,4862.6,23272.5
76,0.3404,0.3403,0.3402,0.3401,0.34,0.3399,0.3398,0.3397,0.3396,0.3395,0.3405,0.3406,0.3407,0.3408,0.3409,0.341,0.3411,0.3412,0.3413,0.3414,440.7,344.5,226.9,1597.8,4658.6,1838.6,6622.5,6471.3,1816.2,344.5,344.5,1189,932.2,1940.5,4745.5,2304.9,5029.1,24008.6,4623.7,2901.8
77,0.3405,0.3404,0.3403,0.3402,0.3401,0.34,0.3399,0.3398,0.3397,0.3396,0.3406,0.3407,0.3408,0.3409,0.341,0.3411,0.3412,0.3413,0.3414,0.3415,755.5,344.4,344.5,961.8,1597.8,4934.6,1562.4,6622.5,6471.3,344.5,29.4,344.4,1206.8,4096.7,2312.3,7402.5,4008.6,4623.7,22692.4,2995.9
78,0.3406,0.3405,0.3404,0.3403,0.3402,0.3401,0.34,0.3399,0.3398,0.3397,0.3408,0.3409,0.341,0.3411,0.3412,0.3413,0.3414,0.3415,0.3416,0.3417,315,344.4,344.4,1721,1225.2,6343.7,4953.7,1850.5,3195.6,4621.3,1457.1,3279.9,1143.7,1466.4,1421.6,8386.3,29010.2,344.4,3168.7,3272.5
79,0.3409,0.3408,0.3407,0.3406,0.3405,0.3404,0.3403,0.3402,0.3401,0.34,0.341,0.3411,0.3412,0.3413,0.3414,0.3415,0.3416,0.3417,0.3418,0.3419,642,315,3865.6,1171.4,1078.6,2015.4,4655.2,2148.9,6292.2,6241.2,520,562.7,1206.8,5061.7,3519.3,1719.1,1839.9,3272.5,24002.2,1041.9
80,0.3408,0.3407,0.3406,0.3405,0.3404,0.3403,0.3402,0.3401,0.34,0.3399,0.3409,0.341,0.3411,0.3412,0.3413,0.3414,0.3415,0.3416,0.3417,0.3418,29.4,3278.6,1758.1,1078.6,2708,5389.7,3464.7,5614.5,5380.9,1247.1,315,562,529.5,1077.2,344.4,1251.7,2730.4,6303.8,3404,20344.3
81,0.3404,0.3403,0.3402,0.3401,0.34,0.3399,0.3398,0.3397,0.3396,0.3395,0.3405,0.3406,0.3407,0.3408,0.3409,0.341,0.3411,0.3412,0.3413,0.3414,29.4,344.5,823.2,2797.5,4327,4332.4,3720.2,8466.3,344.5,344.5,315,551.6,2436.3,3713.9,3488.5,5028.8,702.8,7363,3978.4,25087.8
82,0.3404,0.3403,0.3402,0.3401,0.34,0.3399,0.3398,0.3397,0.3396,0.3395,0.3406,0.3407,0.3408,0.3409,0.341,0.3411,0.3412,0.3413,0.3414,0.3415,344.4,344.5,823.2,2415.1,4603.2,4251.4,3720.2,5738.2,4025.1,344.5,344.4,986.4,2707,4351.3,4263.2,2365.3,7650.5,3978.4,26204.9,986.4
83,0.3401,0.34,0.3399,0.3398,0.3397,0.3396,0.3395,0.3394,0.3393,0.3392,0.3403,0.3404,0.3405,0.3406,0.3407,0.3408,0.3409,0.341,0.3411,0.3412,344.5,344.5,941,4161.5,7018.2,599.1,3351,5380.7,1227.1,2595.1,344.5,1800.4,5246.9,344.4,1078.3,1290.7,7956.2,20562,529.5,4650.5
84,0.3403,0.3402,0.3401,0.34,0.3399,0.3398,0.3397,0.3396,0.3395,0.3394,0.3404,0.3405,0.3406,0.3407,0.3408,0.3409,0.341,0.3411,0.3412,0.3413,240,549.4,511.5,481.9,2447.9,5189.3,4080.4,599.1,2572.7,9063.9,29.5,344.4,932.3,1078.3,2985.9,6488.9,2029.1,344.4,24650.5,3979.1
85,0.3405,0.3404,0.3403,0.3402,0.3401,0.34,0.3399,0.3398,0.3397,0.3396,0.3406,0.3407,0.3408,0.3409,0.341,0.3411,0.3412,0.3413,0.3414,0.3415,315,481.7,513.8,2505.6,4826.7,2104.3,3774,5412.1,3344.5,425.6,29.4,344.4,2436.4,4222.5,1611.3,4981.5,2452.1,3979.1,25721.3,3665.5
86,0.3406,0.3405,0.3404,0.3403,0.3402,0.3401,0.34,0.3399,0.3398,0.3397,0.3408,0.3409,0.341,0.3411,0.3412,0.3413,0.3414,0.3415,0.3416,0.3417,1469.1,3410.6,1710.9,1248.5,2777.8,8039.8,3481.9,1989,3926.8,4719.6,315,473.9,562,1248.1,1421.6,7654.6,344.4,21809,2537.1,3272.5
87,0.3406,0.3405,0.3404,0.3403,0.3402,0.3401,0.34,0.3399,0.3398,0.3397,0.3408,0.3409,0.341,0.3411,0.3412,0.3413,0.3414,0.3415,0.3416,0.3417,1469.1,4009.8,2445.2,513.8,2777.5,7833.9,3562.9,5667.9,3926.8,3280.4,315,481.1,1204,1248.1,1421.6,7654.6,344.4,21809,2537.1,3272.5
88,0.3404,0.3403,0.3402,0.3401,0.34,0.3399,0.3398,0.3397,0.3396,0.3395,0.3406,0.3407,0.3408,0.3409,0.341,0.3411,0.3412,0.3413,0.3414,0.3415,529.4,513.8,1770.7,4184.4,1584.9,4818,9850.8,1771.4,344.5,344.5,315,1738.9,5457.7,3808,1157.6,1810.7,7008.9,25339.6,3742,1763.4
89,0.3404,0.3403,0.3402,0.3401,0.34,0.3399,0.3398,0.3397,0.3396,0.3395,0.3406,0.3407,0.3408,0.3409,0.341,0.3411,0.3412,0.3413,0.3414,0.3415,529.4,344.4,2412.7,4184.7,1585.5,4307.2,12058.6,1128.2,344.5,1772.3,344.4,2063.6,6806.9,344.4,1157.6,1810.7,3344.4,30242.1,3967.5,344.4
90,0.3404,0.3403,0.3402,0.3401,0.34,0.3399,0.3398,0.3397,0.3396,0.3395,0.3406,0.3407,0.3408,0.3409,0.341,0.3411,0.3412,0.3413,0.3414,0.3415,529.4,344.4,1770.7,4184.7,1585.5,4307.2,12058.6,344.5,344.5,1772.3,344.4,2063.6,4774.2,476.5,1157.6,1810.7,5624.3,28273.1,4234.2,344.4
91,0.3403,0.3402,0.3401,0.34,0.3399,0.3398,0.3397,0.3396,0.3395,0.3394,0.3405,0.3406,0.3407,0.3408,0.3409,0.341,0.3411,0.3412,0.3413,0.3414,344.4,1207.4,4125,1907.7,5127.6,13034.7,344.5,344.5,1772.3,5403.5,344.5,1033.4,2308.1,648.2,3281.2,2624.4,4009.7,3344.4,26884.2,4179.9
92,0.3402,0.3401,0.34,0.3399,0.3398,0.3397,0.3396,0.3395,0.3394,0.3393,0.3404,0.3405,0.3406,0.3407,0.3408,0.3409,0.341,0.3411,0.3412,0.3413,29.5,344.5,562.9,2165.4,8357.2,3964.4,1130.5,3139.8,4581.3,4910.8,315,344.5,1666.2,1710.5,1983.4,6281.2,2624.4,24009.7,344.4,6816.1
93,0.34,0.3399,0.3398,0.3397,0.3396,0.3395,0.3394,0.3393,0.3392,0.3391,0.3401,0.3402,0.3403,0.3404,0.3405,0.3406,0.3407,0.3408,0.3409,0.341,441.2,878.7,3891.5,3124.5,3344.5,2533.1,7986.3,5866.8,344.5,3111.6,344.5,381.6,873,2930.5,3285.2,1078.5,4959.5,20516.1,6281.2,1685.7
94,0.3399,0.3398,0.3397,0.3396,0.3395,0.3394,0.3393,0.3392,0.3391,0.339,0.34,0.3401,0.3402,0.3403,0.3404,0.3405,0.3406,0.3407,0.3408,0.3409,29.5,1097.2,5053.8,4080.7,2359.1,7027.6,6413.3,1315.5,2416.1,327,315,1020.3,970,1019.3,1388.2,3285.2,4078.5,4655.8,20516.1,3281.2
95,0.3399,0.3398,0.3397,0.3396,0.3395,0.3394,0.3393,0.3392,0.3391,0.339,0.34,0.3401,0.3402,0.3403,0.3404,0.3405,0.3406,0.3407,0.3408,0.3409,29.5,970.8,5053.8,4080.7,2636,6750.9,6413.3,517.3,986.6,1789.3,315,1020.3,970,1019.3,2368.8,3285.2,4078.5,4656,20516.1,3281.2
96,0.3397,0.3396,0.3395,0.3394,0.3393,0.3392,0.3391,0.339,0.3389,0.3388,0.3399,0.34,0.3401,0.3402,0.3403,0.3404,0.3405,0.3406,0.3407,0.3408,4047.4,3344.5,1712,5283.1,3586.5,5074.7,986.6,3063.9,18390.6,1674.5,298.2,344.5,933.2,1116.6,918.2,2255.7,3285.2,27015,1680,344.4
97,0.3396,0.3395,0.3394,0.3393,0.3392,0.3391,0.339,0.3389,0.3388,0.3387,0.3397,0.3398,0.3399,0.34,0.3401,0.3402,0.3403,0.3404,0.3405,0.3406,2495.2,344.5,1020.3,2008.9,4875.1,2283.2,6463.5,9323.4,3170.4,1166.8,441.6,344.5,1118.7,2157.1,3964.5,1116.6,284.6,2857.3,26285.2,344.4
98,0.3399,0.3398,0.3397,0.3396,0.3395,0.3394,0.3393,0.3392,0.3391,0.339,0.34,0.3401,0.3402,0.3403,0.3404,0.3405,0.3406,0.3407,0.3408,0.3409,421.8,2366.9,2009.4,4178.1,5035.6,2456.7,2247.7,7146.9,2518.2,3301.7,184.8,344.5,970.3,1019.4,2465.4,7019.9,344.4,5350.2,22005.4,6949.2
99,0.3401,0.34,0.3399,0.3398,0.3397,0.3396,0.3395,0.3394,0.3393,0.3392,0.3403,0.3404,0.3405,0.3406,0.3407,0.3408,0.3409,0.341,0.3411,0.3412,451.3,1020.3,1295.3,3408.7,2433.2,5683.9,4845.6,6312.1,344.5,4110.9,532.4,2097.5,3873.1,1078.5,4157.4,2698.6,6949.2,24407.7,344.4,4175.6
100,0.3401,0.34,0.3399,0.3398,0.3397,0.3396,0.3395,0.3394,0.3393,0.3392,0.3402,0.3403,0.3404,0.3405,0.3406,0.3407,0.3408,0.3409,0.341,0.3411,136.2,1547.7,1051,3060.4,4373.1,4914.4,4022,6312.1,1773.1,4110.9,315,476.1,2685.5,4019.5,1078.5,4157.4,2698.6,3281.2,24372.3,344.4
101,0.34,0.3399,0.3398,0.3397,0.3396,0.3395,0.3394,0.3393,0.3392,0.3391,0.3401,0.3402,0.3403,0.3404,0.3405,0.3406,0.3407,0.3408,0.3409,0.341,409.5,1051,3060.4,3169,5191,4929.5,6312.1,344.5,3800.5,6820.3,346.9,344.5,1064.2,2097.5,4019.5,344.4,6107.9,1078.4,6949.2,24386.1
102,0.34,0.3399,0.3398,0.3397,0.3396,0.3395,0.3394,0.3393,0.3392,0.3391,0.3401,0.3402,0.3403,0.3404,0.3405,0.3406,0.3407,0.3408,0.3409,0.341,409.5,1051,2396.4,2433.2,5214.4,4758,7213.4,344.5,3800.5,6820.3,756.1,344.5,1064.3,2832,3285.2,344.4,5625.4,5829.4,3281.2,21688.7
103,0.34,0.3399,0.3398,0.3397,0.3396,0.3395,0.3394,0.3393,0.3392,0.3391,0.3401,0.3402,0.3403,0.3404,0.3405,0.3406,0.3407,0.3408,0.3409,0.341,13.8,1431.5,2396.4,1765.1,5214.5,4998.3,4102.2,1436.4,3800.5,6820.3,849.8,344.5,1064.3,2832,3285.2,1812.9,5625.4,2157.6,3281.2,24392.1
104,0.34,0.3399,0.3398,0.3397,0.3396,0.3395,0.3394,0.3393,0.3392,0.3391,0.3402,0.3403,0.3404,0.3405,0.3406,0.3407,0.3408,0.3409,0.341,0.3411,1004.6,1051,2396.4,2501,4454.8,5029.3,4102.2,1948.2,3288.7,6820.3,785.5,1175.5,2343.1,3285.2,1812.9,5625.4,344.4,7783.8,21688.7,344.4
105,0.3402,0.3401,0.34,0.3399,0.3398,0.3397,0.3396,0.3395,0.3394,0.3393,0.3404,0.3405,0.3406,0.3407,0.3408,0.3409,0.341,0.3411,0.3412,0.3413,599.4,1301.6,2327.7,1327.6,3132.2,2763.1,7123,4022,3930,2285,344.5,344.5,344.4,1891.3,1421.6,12250.8,5355.2,344.4,20511.1,3921.9
106,0.3402,0.3401,0.34,0.3399,0.3398,0.3397,0.3396,0.3395,0.3394,0.3393,0.3404,0.3405,0.3406,0.3407,0.3408,0.3409,0.341,0.3411,0.3412,0.3413,344.5,29.5,1592.5,2062.8,3061.5,5181.1,5256.5,3920.5,2493.6,2285,344.5,344.5,1078.5,1157.4,1421.6,9819.5,8031.5,344.4,20511.1,3921.9
107,0.3401,0.34,0.3399,0.3398,0.3397,0.3396,0.3395,0.3394,0.3393,0.3392,0.3402,0.3403,0.3404,0.3405,0.3406,0.3407,0.3408,0.3409,0.341,0.3411,29.5,328.8,1638.9,3061.5,2777.2,4548.7,7837.5,2664.4,2285,4111.9,315,705.3,1421.7,4018.6,344.4,1157.4,1812,12030.2,24364.1,344.4
108,0.3404,0.3403,0.3402,0.3401,0.34,0.3399,0.3398,0.3397,0.3396,0.3395,0.3405,0.3406,0.3407,0.3408,0.3409,0.341,0.3411,0.3412,0.3413,0.3414,409.2,583.9,2139.1,3885.4,2016.4,1051,3984,5445,3791.9,6244.7,29.5,344.4,986.4,1421.6,5960.6,3661.8,4810.6,24175.8,3921.9,7456.8
109,0.3405,0.3404,0.3403,0.3402,0.3401,0.34,0.3399,0.3398,0.3397,0.3396,0.3406,0.3407,0.3408,0.3409,0.341,0.3411,0.3412,0.3413,0.3414,0.3415,176.8,344.4,1200.5,2286.2,4297.8,3717.7,5235,7558.8,1020.3,344.5,315,1629,4467.2,1077.9,3119.2,344.4,4598.6,6279.9,22704.2,344.4
110,0.3404,0.3403,0.3402,0.3401,0.34,0.3399,0.3398,0.3397,0.3396,0.3395,0.3405,0.3406,0.3407,0.3408,0.3409,0.341,0.3411,0.3412,0.3413,0.3414,147.4,613.3,2138.7,3885.2,3258.2,5903.7,3139.1,6167.7,344.5,4716.6,675.8,344.4,1421.6,4689.4,344.4,3414.1,344.4,1920.1,9582.5,22199.3
111,0.3404,0.3403,0.3402,0.3401,0.34,0.3399,0.3398,0.3397,0.3396,0.3395,0.3405,0.3406,0.3407,0.3408,0.3409,0.341,0.3411,0.3412,0.3413,0.3414,147.4,613.3,2138.7,4620.3,2015.9,2054.9,5551.5,5488,344.5,5227.8,315,344.4,1421.6,4689.4,344.4,4077.7,2731.9,1920.1,5925.4,22199.3
112,0.3406,0.3405,0.3404,0.3403,0.3402,0.3401,0.34,0.3399,0.3398,0.3397,0.3407,0.3408,0.3409,0.341,0.3411,0.3412,0.3413,0.3414,0.3415,0.3416,561.4,590.9,1603,2023.8,1853.1,4294.5,4985.6,3286.4,2396.4,1020.3,29.4,3955.7,344.4,1077.7,1421.6,7198,6942.9,24814.1,344.4,2481.9
113,0.3405,0.3404,0.3403,0.3402,0.3401,0.34,0.3399,0.3398,0.3397,0.3396,0.3407,0.3408,0.3409,0.341,0.3411,0.3412,0.3413,0.3414,0.3415,0.3416,487.9,411.7,1876.4,2588,4152,3191.3,6166.4,6868.5,1020.3,344.5,675.8,1631.3,3279.9,1753.4,1252.9,2646.4,3955.7,9034.7,23708.4,2481.9
114,0.3408,0.3407,0.3406,0.3405,0.3404,0.3403,0.3402,0.3401,0.34,0.3399,0.3409,0.341,0.3411,0.3412,0.3413,0.3414,0.3415,0.3416,0.3417,0.3418,1016.3,3278.2,1607.3,2409.7,4082.1,2230.7,3513.3,6876.3,2475,3285.3,344.4,344.4,344.4,1502.6,4688.4,3519.6,1077.1,6142,23272.5,1027.9
115,0.3411,0.341,0.3409,0.3408,0.3407,0.3406,0.3405,0.3404,0.3403,0.3402,0.3412,0.3413,0.3414,0.3415,0.3416,0.3417,0.3418,0.3419,0.342,0.3421,515.9,844.4,1832.8,2231.7,4287,1608,4529.4,7975.9,1289.1,571.2,110.4,344.4,344.4,1085.2,2655.4,4004.4,4076.2,4001,23002.3,4039.7
116,0.3412,0.3411,0.341,0.3409,0.3408,0.3407,0.3406,0.3405,0.3404,0.3403,0.3413,0.3414,0.3415,0.3416,0.3417,0.3418,0.3419,0.342,0.3421,0.3422,1065.5,1045.1,4625.5,1979.5,2646.8,7743.6,3098.2,1969.3,3521.1,1369.9,344.4,344.4,344.4,2136.7,5953.9,3344.3,1807.2,22448.9,6721.6,344.3
117,0.3411,0.341,0.3409,0.3408,0.3407,0.3406,0.3405,0.3404,0.3403,0.3402,0.3413,0.3414,0.3415,0.3416,0.3417,0.3418,0.3419,0.342,0.3421,0.3422,1027,4039.1,2565.6,2646.8,7012,1608,4203.7,3521.1,1369.9,2593,568.8,507.2,1421.6,4822.6,3023.5,344.3,1807.2,23986.3,6721.6,344.3
118,0.3412,0.3411,0.341,0.3409,0.3408,0.3407,0.3406,0.3405,0.3404,0.3403,0.3413,0.3414,0.3415,0.3416,0.3417,0.3418,0.3419,0.342,0.3421,0.3422,106.5,844.4,4625.4,1979.5,2646.8,7996.2,1608,4203.7,3521.1,1369.9,315,499.7,1421.6,4090.7,1076,2375.3,1807.2,23986.3,10376.5,344.3
119,0.3415,0.3414,0.3413,0.3412,0.3411,0.341,0.3409,0.3408,0.3407,0.3406,0.3416,0.3417,0.3418,0.3419,0.342,0.3421,0.3422,0.3423,0.3424,0.3425,939.3,344.4,930.3,958.8,2055.1,4313.7,1979.5,3103.3,10913.3,1783.4,986.4,3272.9,344.3,1594.7,6793.8,3356.5,4477.1,986.3,28451.4,4760.7
120,0.342,0.3419,0.3418,0.3417,0.3416,0.3415,0.3414,0.3413,0.3412,0.3411,0.3421,0.3422,0.3423,0.3424,0.3425,0.3426,0.3427,0.3428,0.3429,0.343,338,844.3,1605.1,2290.4,4002.3,1293.7,4042.6,11403.6,1827.4,4008.8,344.3,344.3,344.3,1877.7,5614.4,4074.4,1034,23991.6,986.2,4002.2
121,0.3423,0.3422,0.3421,0.342,0.3419,0.3418,0.3417,0.3416,0.3415,0.3414,0.3425,0.3426,0.3427,0.3428,0.3429,0.343,0.3431,0.3432,0.3433,0.3434,999.6,344.3,1604.3,2077.4,3853.6,4403.5,8390.3,5452,4680.7,2009.3,344.3,521.6,344.3,1417.3,3743.2,5979.9,3413.7,23986.2,4686.2,5766.8
122,0.3421,0.342,0.3419,0.3418,0.3417,0.3416,0.3415,0.3414,0.3413,0.3412,0.3423,0.3424,0.3425,0.3426,0.3427,0.3428,0.3429,0.343,0.3431,0.3432,526.9,1315.8,4856.6,2070.1,5290.2,5449.5,5281.8,2013.8,3271.8,6210.1,344.3,344.3,1421.5,4848.2,2489.3,1247,6638.3,23981.4,1888.2,986.2
123,0.3419,0.3418,0.3417,0.3416,0.3415,0.3414,0.3413,0.3412,0.3411,0.341,0.3421,0.3422,0.3423,0.3424,0.3425,0.3426,0.3427,0.3428,0.3429,0.343,499.6,1020.1,1722.8,4972.8,1752,2093.7,7558.3,4039.3,344.4,5524.3,344.3,508.7,1020.1,1074.6,1595.4,7848.2,344.3,22330,4632.4,6655.2
124,0.3418,0.3417,0.3416,0.3415,0.3414,0.3413,0.3412,0.3411,0.341,0.3409,0.3419,0.342,0.3421,0.3422,0.3423,0.3424,0.3425,0.3426,0.3427,0.3428,135.8,1138.2,3855.4,1293.8,2654.8,6062.3,7521.8,4183.5,4704.1,9620.7,154.8,344.3,344.3,1239.4,1020.1,1074.6,1595.4,10768,1039.1,20344.3
125,0.3417,0.3416,0.3415,0.3414,0.3413,0.3412,0.3411,0.341,0.3409,0.3408,0.3419,0.342,0.3421,0.3422,0.3423,0.3424,0.3425,0.3426,0.3427,0.3428,511.7,3270.5,1605.5,2327,6040,4631.9,4584.4,5306,4555.6,4846.9,315,1020.1,1421.5,4164.6,1020.1,1805.1,1978.2,27118.3,1039.1,344.3
126,0.3417,0.3416,0.3415,0.3414,0.3413,0.3412,0.3411,0.341,0.3409,0.3408,0.3418,0.3419,0.342,0.3421,0.3422,0.3423,0.3424,0.3425,0.3426,0.3427,541,3270.5,1605.3,2196.6,7535.2,4631.9,3104.1,8385.2,5240.6,3409.3,438.9,315,285.9,1075.2,1075,1020.1,1805.1,1595.4,27118.3,1039.1
127,0.3417,0.3416,0.3415,0.3414,0.3413,0.3412,0.3411,0.341,0.3409,0.3408,0.3418,0.3419,0.342,0.3421,0.3422,0.3423,0.3424,0.3425,0.3426,0.3427,184.6,3270.5,1605.3,1923,6093.3,6392.2,3104.1,8385.2,7557.4,344.4,438.9,315,1692.8,2051.4,3270.4,4195.3,1805.1,344.3,24118.3,1039.1
128,0.3415,0.3414,0.3413,0.3412,0.3411,0.341,0.3409,0.3408,0.3407,0.3406,0.3416,0.3417,0.3418,0.3419,0.342,0.3421,0.3422,0.3423,0.3424,0.3425,560.7,683.7,1079,1039.3,1463.1,4614.1,4551.1,4933.6,4745.6,1020.2,468.4,4703.1,2528.5,1075.7,3846,1806.5,6270.4,21020.1,7376.7,344.3
129,0.3415,0.3414,0.3413,0.3412,0.3411,0.341,0.3409,0.3408,0.3407,0.3406,0.3416,0.3417,0.3418,0.3419,0.342,0.3421,0.3422,0.3423,0.3424,0.3425,29.4,501.6,1078.5,1039.3,2470.5,3880.9,3543.4,6759.2,6947.5,1703.7,754.1,2433.4,3271.2,1075.6,1136,1806.5,6270.4,7077.2,9026,20344.3
130,0.3413,0.3412,0.3411,0.341,0.3409,0.3408,0.3407,0.3406,0.3405,0.3404,0.3414,0.3415,0.3416,0.3417,0.3418,0.3419,0.342,0.3421,0.3422,0.3423,29.4,363.5,2049,4253.7,5300.3,2467.7,4754.1,2487.1,344.4,9197.4,754.4,344.4,1752.2,1320.8,4002.8,1020.1,4115.2,344.3,7002.2,23245.2
131,0.3407,0.3406,0.3405,0.3404,0.3403,0.3402,0.3401,0.34,0.3399,0.3398,0.3408,0.341,0.3411,0.3412,0.3413,0.3414,0.3415,0.3416,0.3417,0.3418,29.4,1020.2,1141.8,5623.2,10203.3,2059.4,4753.7,3889.7,9617.9,7516.4,755.2,1664.6,755,1095.2,2515.1,3448.7,344.4,4020.2,20344.3,7618.8
132,0.3405,0.3404,0.3403,0.3402,0.3401,0.34,0.3399,0.3398,0.3397,0.3396,0.3406,0.3407,0.3408,0.3409,0.341,0.3411,0.3412,0.3413,0.3414,0.3415,156.2,3280.3,2561.7,4264.3,8081.2,4046.5,11088.8,3838.3,1708.7,1772.3,469.8,344.4,1665.7,762.9,344.4,315.2,1095.2,25515.1,3448.7,1027.5
133,0.3404,0.3403,0.3402,0.3401,0.34,0.3399,0.3398,0.3397,0.3396,0.3395,0.3405,0.3406,0.3407,0.3408,0.3409,0.341,0.3411,0.3412,0.3413,0.3414,2729.1,1029.3,2763.8,4070.6,6148.3,12617.9,7335.5,2886.2,1772.3,6970,755.5,344.4,1665.7,1078.1,771.8,2487,315.2,517,25515.1,3277.3
134,0.3405,0.3404,0.3403,0.3402,0.3401,0.34,0.3399,0.3398,0.3397,0.3396,0.3407,0.3408,0.3409,0.341,0.3411,0.3412,0.3413,0.3414,0.3415,0.3416,1167.8,2758.5,1705.1,3498.7,3559.2,3511.6,12617.9,5000.4,5388.6,344.5,469.7,344.4,1350.6,1020.2,907.1,1982.9,5485.7,3277.3,21027.5,1020.2
135,0.3405,0.3404,0.3403,0.3402,0.3401,0.34,0.3399,0.3398,0.3397,0.3396,0.3407,0.3408,0.3409,0.341,0.3411,0.3412,0.3413,0.3414,0.3415,0.3416,944.2,3073.5,2065.9,3774.3,4293.5,5717.1,16295.7,2396.4,3957.8,4537.7,315,344.4,616.6,1753.5,315.2,2327.3,7684,3277.3,21027.5,2333.7
136,0.3405,0.3404,0.3403,0.3402,0.3401,0.34,0.3399,0.3398,0.3397,0.3396,0.3406,0.3407,0.3408,0.3409,0.341,0.3411,0.3412,0.3413,0.3414,0.3415,12.4,2758.5,2074,3363.6,5384.6,6406.4,12617.9,2396.4,6815.8,3100.8,315,519.7,931.7,1461.6,1753.5,315.2,517,7684,3277.3,22316
137,0.3404,0.3403,0.3402,0.3401,0.34,0.3399,0.3398,0.3397,0.3396,0.3395,0.3405,0.3406,0.3407,0.3408,0.3409,0.341,0.3411,0.3412,0.3413,0.3414,14.6,29.4,1324.1,3281.7,1064.1,2372.9,6459.1,3344.5,1816.5,4716.9,315,2368.2,2516.8,344.4,29.4,10573.6,3980.8,344.4,24684,9767.4
138,0.3406,0.3405,0.3404,0.3403,0.3402,0.3401,0.34,0.3399,0.3398,0.3397,0.3407,0.3408,0.3409,0.341,0.3411,0.3412,0.3413,0.3414,0.3415,0.3416,250.3,591.2,573.4,29.4,2059,6085.1,5519.1,2479,6926.4,1771.8,705.2,1229.5,2965.3,4861.8,315.2,4810.2,4684,29767.4,3679.3,4680.4
139,0.3403,0.3402,0.3401,0.34,0.3399,0.3398,0.3397,0.3396,0.3395,0.3394,0.3405,0.3406,0.3407,0.3408,0.3409,0.341,0.3411,0.3412,0.3413,0.3414,636.1,344.5,344.5,2770,7228.9,2396.4,3289.9,6388.2,3288.7,2529.7,344.5,1020.2,1781.8,1421.6,3639.9,1252.3,3315.2,26354.6,3956.1,9175.9
140,0.3403,0.3402,0.3401,0.34,0.3399,0.3398,0.3397,0.3396,0.3395,0.3394,0.3405,0.3406,0.3407,0.3408,0.3409,0.341,0.3411,0.3412,0.3413,0.3414,636.1,344.5,344.5,2770,6431.4,2396.4,3289.9,6388.2,3288.7,2529.7,462.1,1020.2,1047.9,2155.3,3639.9,1252.3,3315.2,26354.6,3956.1,9175.9
141,0.3403,0.3402,0.3401,0.34,0.3399,0.3398,0.3397,0.3396,0.3395,0.3394,0.3405,0.3406,0.3407,0.3408,0.3409,0.341,0.3411,0.3412,0.3413,0.3414,636,344.5,344.5,2770,7294.5,2396.4,3289.9,6388.2,3288.7,2529.7,462.1,1020.2,1047.9,2155.3,3639.9,1252.3,3315.2,26264,3956.1,9175.9
142,0.3404,0.3403,0.3402,0.3401,0.34,0.3399,0.3398,0.3397,0.3396,0.3395,0.3405,0.3406,0.3407,0.3408,0.3409,0.341,0.3411,0.3412,0.3413,0.3414,421.6,529.4,344.5,1079.6,2034.7,6431.4,2396.4,3289.9,6388.2,5955,29.5,1020.2,1047.9,2155.3,3639.9,1252.3,3315.2,24009,6215.1,1809.2
143,0.3403,0.3402,0.3401,0.34,0.3399,0.3398,0.3397,0.3396,0.3395,0.3394,0.3405,0.3406,0.3407,0.3408,0.3409,0.341,0.3411,0.3412,0.3413,0.3414,344.4,1020.3,1079.6,2451.4,8826.1,2396.4,1827.1,6618.9,5951,2529.7,432.5,1020.2,932.1,2155.3,4373.3,519.1,1781.2,20344.4,9215.1,11425.8
144,0.3401,0.34,0.3399,0.3398,0.3397,0.3396,0.3395,0.3394,0.3393,0.3392,0.3403,0.3404,0.3405,0.3406,0.3407,0.3408,0.3409,0.341,0.3411,0.3412,344.5,328.8,1735.6,4406.2,4780.9,5961.2,8168.2,2448.9,1227.3,4110.5,1020.3,1633.9,4725.4,1020.2,1250.5,344.4,3639.9,27011.6,315.2,1027.7
145,0.3405,0.3404,0.3403,0.3402,0.3401,0.34,0.3399,0.3398,0.3397,0.3396,0.3406,0.3407,0.3408,0.3409,0.341,0.3411,0.3412,0.3413,0.3414,0.3415,755.5,577.9,932,1967.4,1268.7,605.2,3089.2,8548.2,4780.9,4410,705.2,344.4,1421.6,3639.9,1250.4,315.2,6831.2,6632.4,28763.5,1043.2
146,0.3405,0.3404,0.3403,0.3402,0.3401,0.34,0.3399,0.3398,0.3397,0.3396,0.3406,0.3407,0.3408,0.3409,0.341,0.3411,0.3412,0.3413,0.3414,0.3415,440.5,344.4,932,1967.4,1268.7,1347,4555.8,7073.3,4780.9,3244.5,344.4,344.4,1421.6,3639.9,1250.4,315.2,7166.5,6612,28827.4,1043.2
147,0.3407,0.3406,0.3405,0.3404,0.3403,0.3402,0.3401,0.34,0.3399,0.3398,0.3408,0.3409,0.341,0.3411,0.3412,0.3413,0.3414,0.3415,0.3416,0.3417,755.3,403.6,931.8,1078.8,2168.8,4169,3538.3,7747.7,4106.3,3823.3,29.4,3639.9,344.4,1392.4,6684.6,6605.1,8827.4,1043.2,21020.2,4003.8
148,0.3407,0.3406,0.3405,0.3404,0.3403,0.3402,0.3401,0.34,0.3399,0.3398,0.3408,0.3409,0.341,0.3411,0.3412,0.3413,0.3414,0.3415,0.3416,0.3417,440.3,344.4,931.8,1078.8,2168.8,4444.6,2464.2,9211.8,1909.8,3823.3,315.1,3639.9,344.4,1392.4,6684.6,3956.1,12123.9,1043.2,21020.2,5174.4
149,0.3404,0.3403,0.3402,0.3401,0.34,0.3399,0.3398,0.3397,0.3396,0.3395,0.3405,0.3406,0.3407,0.3408,0.3409,0.341,0.3411,0.3412,0.3413,0.3414,470,344.4,2418.1,1544.4,1063.8,2866.4,8392.9,344.5,1816.7,3288.7,494.1,2194.5,551.2,1625.8,4373.4,1077.8,315.2,6684.6,3956.1,28531
150,0.3405,0.3404,0.3403,0.3402,0.3401,0.34,0.3399,0.3398,0.3397,0.3396,0.3406,0.3407,0.3408,0.3409,0.341,0.3411,0.3412,0.3413,0.3414,0.3415,755.5,611,1694.5,1755.2,533.6,1339.8,3598.5,7617.5,2511.1,344.5,29.4,344.4,1625.8,4545.5,344.4,1781.3,3344.4,6527.1,28531,3690.5
151,0.3406,0.3405,0.3404,0.3403,0.3402,0.3401,0.34,0.3399,0.3398,0.3397,0.3407,0.3408,0.3409,0.341,0.3411,0.3412,0.3413,0.3414,0.3415,0.3416,755.4,1020.2,3113.1,4042.4,3085.8,4675.2,4745,2649.9,3867.9,1548.5,8.3,1782.4,2964.1,344.4,315.2,4249,4036.6,30844.9,7367.9,1020.2
152,0.3406,0.3405,0.3404,0.3403,0.3402,0.3401,0.34,0.3399,0.3398,0.3397,0.3407,0.3408,0.3409,0.341,0.3411,0.3412,0.3413,0.3414,0.3415,0.3416,440.4,344.4,1198.4,2535.3,5904.4,6199.5,4005.5,2649.9,3867.9,1548.5,323.3,1782.4,2964.1,344.4,1048.3,4249,4036.6,30471.2,3689.7,1020.2
153,0.3406,0.3405,0.3404,0.3403,0.3402,0.3401,0.34,0.3399,0.3398,0.3397,0.3407,0.3408,0.3409,0.341,0.3411,0.3412,0.3413,0.3414,0.3415,0.3416,440.4,344.4,344.4,1616.9,5387,2333,2513.8,8351.1,2396.4,1037.1,344.4,344.4,1229.9,4224.1,1048.2,516.2,2566.2,36050.2,4329.8,1020.2
154,0.3405,0.3404,0.3403,0.3402,0.3401,0.34,0.3399,0.3398,0.3397,0.3396,0.3407,0.3408,0.3409,0.341,0.3411,0.3412,0.3413,0.3414,0.3415,0.3416,469.9,344.4,1807.6,4690.6,1544.4,3507.3,8351.1,2396.4,1037.1,4025.1,344.4,344.4,1229.9,4957.3,1048.2,516.2,2566.2,37859.2,1033.5,1020.2
155,0.3405,0.3404,0.3403,0.3402,0.3401,0.34,0.3399,0.3398,0.3397,0.3396,0.3406,0.3407,0.3408,0.3409,0.341,0.3411,0.3412,0.3413,0.3414,0.3415,784.9,344.4,1807.6,4690.6,809.4,2513.8,9101.3,6074.6,1037.1,4025.1,315,344.4,931.7,642.5,4957.3,315.2,1982.1,2566.2,37162,4695.3
156,0.3403,0.3402,0.3401,0.34,0.3399,0.3398,0.3397,0.3396,0.3395,0.3394,0.3404,0.3405,0.3406,0.3407,0.3408,0.3409,0.341,0.3411,0.3412,0.3413,29.4,785.4,809.4,328.8,2471,3131.8,3158,8177.7,3288.7,3961,673.7,552,3870.1,1754.1,1078.1,642.5,8065.2,3315.2,21033.5,1100.7
157,0.3403,0.3402,0.3401,0.34,0.3399,0.3398,0.3397,0.3396,0.3395,0.3394,0.3404,0.3405,0.3406,0.3407,0.3408,0.3409,0.341,0.3411,0.3412,0.3413,576.7,344.5,533.6,935.2,2747.2,3643.2,3843.6,8177.7,3288.7,2532.4,373.8,552,932,1754.1,1078.1,642.5,8065.2,3315.2,21033.5,1100.7
158,0.3402,0.3401,0.34,0.3399,0.3398,0.3397,0.3396,0.3395,0.3394,0.3393,0.3403,0.3404,0.3405,0.3406,0.3407,0.3408,0.3409,0.341,0.3411,0.3412,470.4,344.5,935.3,2747.2,3225.5,6296.4,8177.7,3288.7,1710.2,4028.5,511,537,839.9,3282.5,1754.1,1078.1,642.5,5865.8,3315.2,21033.5
159,0.3403,0.3402,0.3401,0.34,0.3399,0.3398,0.3397,0.3396,0.3395,0.3394,0.3404,0.3405,0.3406,0.3407,0.3408,0.3409,0.341,0.3411,0.3412,0.3413,440.8,344.5,344.5,935.3,2747.3,3225.5,6351,8177.7,3288.7,1710.2,315,252.1,3870.4,1020.2,1251.6,642.5,5690.9,6980.6,21033.5,3243.1
160,0.3399,0.3398,0.3397,0.3396,0.3395,0.3394,0.3393,0.3392,0.3391,0.339,0.34,0.3401,0.3402,0.3403,0.3404,0.3405,0.3406,0.3407,0.3408,0.3409,606.5,2396.4,1717.1,5338.5,4287.4,6125.4,4970.5,3288.7,1717.2,5504.3,499.5,689.7,1125.6,621.7,2031.8,986.5,3453.3,4689.8,23344.4,1340.1
161,0.3394,0.3393,0.3392,0.3391,0.339,0.3389,0.3388,0.3387,0.3386,0.3385,0.3396,0.3397,0.3398,0.3399,0.34,0.3401,0.3402,0.3403,0.3404,0.3405,344.5,344.5,958.7,2817.3,5598.7,6135.3,3809.4,6956.8,392.4,1703.7,344.5,826.9,4555.1,1249.3,458.7,2576.4,12371.8,20621.7,8720.3,986.5
162,0.3399,0.3398,0.3397,0.3396,0.3395,0.3394,0.3393,0.3392,0.3391,0.339,0.34,0.3401,0.3402,0.3403,0.3404,0.3405,0.3406,0.3407,0.3408,0.3409,441.3,315,2131.7,4325.6,1358.2,3950,8198.7,5078,6186.4,4763.7,29.5,430,1125.8,1357,701.9,2571.5,9955,1839.9,20344.4,1037.3
163,0.3399,0.3398,0.3397,0.3396,0.3395,0.3394,0.3393,0.3392,0.3391,0.339,0.34,0.3401,0.3402,0.3403,0.3404,0.3405,0.3406,0.3407,0.3408,0.3409,441.3,315,2131.7,4325.6,1357.6,3176.5,9657.4,4271.7,4706.8,5788.1,29.5,430,1125.8,1357,701.9,2571.5,9955,1839.9,20344.4,1037.3
164,0.3398,0.3397,0.3396,0.3395,0.3394,0.3393,0.3392,0.3391,0.339,0.3389,0.3399,0.34,0.3401,0.3402,0.3403,0.3404,0.3405,0.3406,0.3407,0.3408,441.4,2131.7,3589.4,1710.7,3940,7446.8,4271.7,5218.7,4763.7,4543.2,242,344.5,1018.4,1213,1357,701.9,2571.5,9955,21839.9,2065.8
165,0.3398,0.3397,0.3396,0.3395,0.3394,0.3393,0.3392,0.3391,0.339,0.3389,0.3399,0.34,0.3401,0.3402,0.3403,0.3404,0.3405,0.3406,0.3407,0.3408,441.5,1486.7,2973.7,1080.9,2921.6,5739,5772,6815.6,5570.3,3722,242,344.5,1018.8,1272.2,621.7,701.9,2571.5,29953.1,1839.9,2065.8
166,0.34,0.3399,0.3398,0.3397,0.3396,0.3395,0.3394,0.3393,0.3392,0.3391,0.3401,0.3402,0.3403,0.3404,0.3405,0.3406,0.3407,0.3408,0.3409,0.341,756.2,29.5,344.5,2537.7,4301.7,1943.8,4478.4,8369.9,4871.9,6711.4,29.5,537.2,1210.1,701.9,1837.1,6282.5,2574.3,22065.8,3774.9,7621.3
167,0.3403,0.3402,0.3401,0.34,0.3399,0.3398,0.3397,0.3396,0.3395,0.3394,0.3404,0.3405,0.3406,0.3407,0.3408,0.3409,0.341,0.3411,0.3412,0.3413,440.8,344.5,379.6,2642.2,4020.7,1255.4,2737.8,5336.7,7956.5,3658.7,110,927.9,3872.1,4352.2,518.9,1811.6,6954.9,315.2,24786.3,1020.2
168,0.3406,0.3405,0.3404,0.3403,0.3402,0.3401,0.34,0.3399,0.3398,0.3397,0.3407,0.3408,0.3409,0.341,0.3411,0.3412,0.3413,0.3414,0.3415,0.3416,381.6,503.5,1333,1863,4291.1,973,4455.9,9244.1,3516.1,1801.7,705.2,2435.9,3279.9,1020.2,3894,3430.1,2485.9,28479,4690.4,2515.7
169,0.3406,0.3405,0.3404,0.3403,0.3402,0.3401,0.34,0.3399,0.3398,0.3397,0.3407,0.3408,0.3409,0.341,0.3411,0.3412,0.3413,0.3414,0.3415,0.3416,440.4,344.4,1070,2597.7,4278.3,4248.9,5513.9,7553.6,1977.8,1020.3,705.2,344.4,3279.9,1753.5,488.4,3430.1,2485.9,28479,4690.9,2515.7
170,0.3406,0.3405,0.3404,0.3403,0.3402,0.3401,0.34,0.3399,0.3398,0.3397,0.3407,0.3408,0.3409,0.341,0.3411,0.3412,0.3413,0.3414,0.3415,0.3416,176.1,344.4,1070,2597.7,4278.3,5718.7,3377.5,3875.6,1977.8,1020.3,344.4,344.4,3279.9,3548.3,1221.4,3430.1,2485.9,31122.4,4690.9,2515.7
171,0.3405,0.3404,0.3403,0.3402,0.3401,0.34,0.3399,0.3398,0.3397,0.3396,0.3406,0.3407,0.3408,0.3409,0.341,0.3411,0.3412,0.3413,0.3414,0.3415,440.5,344.5,1999.9,4016.6,1248.9,4011.6,8932.3,5656.8,1020.3,3974.7,256.2,344.4,344.4,4013.4,1020.2,1221.4,3430.1,2485.9,27878.9,1029
172,0.3405,0.3404,0.3403,0.3402,0.3401,0.34,0.3399,0.3398,0.3397,0.3396,0.3406,0.3407,0.3408,0.3409,0.341,0.3411,0.3412,0.3413,0.3414,0.3415,221.1,344.5,2587.3,4016.6,1248.8,4011.6,8692,5656.8,1020.3,3974.7,315,344.4,344.4,3279.9,1753.4,1221.4,3430.1,4934.2,27878.9,3682.3
173,0.3405,0.3404,0.3403,0.3402,0.3401,0.34,0.3399,0.3398,0.3397,0.3396,0.3407,0.3408,0.3409,0.341,0.3411,0.3412,0.3413,0.3414,0.3415,0.3416,344.4,1043.6,3321.8,3557.5,973,5270.5,10553.5,1977.8,1020.3,3974.7,315,344.4,3279.9,1753.4,488.4,3430.1,4934.2,31322.4,3682.3,2515.7
174,0.3406,0.3405,0.3404,0.3403,0.3402,0.3401,0.34,0.3399,0.3398,0.3397,0.3408,0.3409,0.341,0.3411,0.3412,0.3413,0.3414,0.3415,0.3416,0.3417,344.4,555,931.7,2734.6,4337.2,3240.9,5483.9,6285.2,344.5,1020.3,344.4,3279.9,1020.2,1048.2,3430.1,2485.9,9477.9,7608.5,22515.7,344.3
175,0.3406,0.3405,0.3404,0.3403,0.3402,0.3401,0.34,0.3399,0.3398,0.3397,0.3408,0.3409,0.341,0.3411,0.3412,0.3413,0.3414,0.3415,0.3416,0.3417,344.4,555,931.7,2734.6,3557.4,2443,5407.1,7770.8,344.5,1531.2,344.4,3279.9,1020.2,1048.2,3430.1,2485.9,12853.6,3570.4,22515.7,344.3
176,0.3404,0.3403,0.3402,0.3401,0.34,0.3399,0.3398,0.3397,0.3396,0.3395,0.3405,0.3406,0.3407,0.3408,0.3409,0.341,0.3411,0.3412,0.3413,0.3414,135.9,1020.3,620.2,1708,4616.1,7486,6337.8,2472.2,3288.7,4026.5,315,344.4,1020.2,1078.1,3279.9,1020.2,1048.2,3430.1,2485.9,32010.7
177,0.3406,0.3405,0.3404,0.3403,0.3402,0.3401,0.34,0.3399,0.3398,0.3397,0.3407,0.3408,0.3409,0.341,0.3411,0.3412,0.3413,0.3414,0.3415,0.3416,594.6,624.7,731.3,1020.3,620.3,973,4616.1,8325,5493.5,2472.2,344.4,344.4,3279.9,1020.2,1048.2,3430.1,2485.9,28517.2,3009.9,6176.2
178,0.3407,0.3406,0.3405,0.3404,0.3403,0.3402,0.3401,0.34,0.3399,0.3398,0.3409,0.341,0.3411,0.3412,0.3413,0.3414,0.3415,0.3416,0.3417,0.3418,448.5,4761.9,1980.3,1533,4408.7,6456.8,2454.5,5403.9,4489.4,1805.5,436.4,548.8,315.2,1162.9,1752.8,6448,1076.6,22515.7,344.3,7620.5
179,0.3406,0.3405,0.3404,0.3403,0.3402,0.3401,0.34,0.3399,0.3398,0.3397,0.3409,0.341,0.3411,0.3412,0.3413,0.3414,0.3415,0.3416,0.3417,0.3418,558.8,558,1359.3,2735.7,4697,3373.1,5497.5,5233.3,344.5,5394.7,961.5,3483.5,902.4,3196,1020.2,7913.1,7584.4,22515.7,344.3,7620.5
180,0.3406,0.3405,0.3404,0.3403,0.3402,0.3401,0.34,0.3399,0.3398,0.3397,0.3408,0.3409,0.341,0.3411,0.3412,0.3413,0.3414,0.3415,0.3416,0.3417,367.3,558,1359.3,2001,4409,4312.3,10676.6,3795.7,344.5,5394.7,315,961.5,3866.1,1048.3,3120.1,1020.2,7913.1,6924.8,26176.4,1514.9
181,0.3406,0.3405,0.3404,0.3403,0.3402,0.3401,0.34,0.3399,0.3398,0.3397,0.3407,0.3408,0.3409,0.341,0.3411,0.3412,0.3413,0.3414,0.3415,0.3416,469.8,558,624.9,2735.7,4409,3373.1,6999.8,7473.7,344.5,5394.7,1174,344.4,1578.1,4012.3,315.2,430.1,1752.9,16447.9,344.4,22515.7
182,0.3408,0.3407,0.3406,0.3405,0.3404,0.3403,0.3402,0.3401,0.34,0.3399,0.341,0.3411,0.3412,0.3413,0.3414,0.3415,0.3416,0.3417,0.3418,0.3419,716.2,344.4,1283.5,4502.8,1963.3,6661.2,5600.8,2442.9,3979.8,3796.2,599.4,315.2,1017,1810.6,3448,1809.1,5515.7,20344.3,7620.5,1020.1
183,0.3411,0.341,0.3409,0.3408,0.3407,0.3406,0.3405,0.3404,0.3403,0.3402,0.3412,0.3413,0.3414,0.3415,0.3416,0.3417,0.3418,0.3419,0.342,0.3421,480.2,344.4,3277.8,1753.8,344.4,2227.5,7302,7081.8,5001,3958.3,430.1,344.4,344.4,344.4,3248,3517,4734.5,22483.4,285.9,1869.9
184,0.3407,0.3406,0.3405,0.3404,0.3403,0.3402,0.3401,0.34,0.3399,0.3398,0.3409,0.341,0.3411,0.3412,0.3413,0.3414,0.3415,0.3416,0.3417,0.3418,450.8,2026.7,3453.5,1359.2,2925.1,6101.9,6990.9,3257.9,4478.6,4023.2,602.4,604.5,1190.7,1162.9,1810.5,6451.9,1809,2515.7,20344.3,7358.6
185,0.3409,0.3408,0.3407,0.3406,0.3405,0.3404,0.3403,0.3402,0.3401,0.34,0.341,0.3411,0.3412,0.3413,0.3414,0.3415,0.3416,0.3417,0.3418,0.3419,1154.9,2934.2,344.4,2760.7,4153,3113,4380.9,6101.9,3855,3309.3,7.7,29.4,1017,1810.5,3451.9,1809,5515.7,20344.3,7358.6,1020.1
186,0.3407,0.3406,0.3405,0.3404,0.3403,0.3402,0.3401,0.34,0.3399,0.3398,0.3409,0.341,0.3411,0.3412,0.3413,0.3414,0.3415,0.3416,0.3417,0.3418,344.4,2026.7,3178.5,1634.5,4115,11107.3,5273.4,3331.7,7335.1,4023.2,315,322.7,616.4,1163,1077.9,4917,1076.7,5515.7,25716.3,3972.9
187,0.3404,0.3403,0.3402,0.3401,0.34,0.3399,0.3398,0.3397,0.3396,0.3395,0.3406,0.3407,0.3408,0.3409,0.341,0.3411,0.3412,0.3413,0.3414,0.3415,315,2240.7,3282.2,1961.5,2599.6,3878.9,4037.9,6696.5,3288.7,1247,29.4,1077.9,932,1309.7,3991.7,4667,430.1,24741.5,6301.4,1033.1
188,0.3403,0.3402,0.3401,0.34,0.3399,0.3398,0.3397,0.3396,0.3395,0.3394,0.3405,0.3406,0.3407,0.3408,0.3409,0.341,0.3411,0.3412,0.3413,0.3414,29.5,344.5,344.5,2140.3,4614.3,4978.6,11133.4,3288.7,425.4,1841.9,315,410.4,2399.3,1078.1,576.2,3991.7,4667,2785.2,21077.9,3276.5
189,0.3401,0.34,0.3399,0.3398,0.3397,0.3396,0.3395,0.3394,0.3393,0.3392,0.3402,0.3403,0.3404,0.3405,0.3406,0.3407,0.3408,0.3409,0.341,0.3411,29.5,1325.1,3285.2,1356.5,2249.9,5958.3,4927.9,1020.3,7656,1166.1,470.3,524.6,1411.9,1078.8,4082.2,1077.9,4253.7,576.2,3991.7,20029.4
190,0.3399,0.3398,0.3397,0.3396,0.3395,0.3394,0.3393,0.3392,0.3391,0.339,0.34,0.3401,0.3402,0.3403,0.3404,0.3405,0.3406,0.3407,0.3408,0.3409,441.3,344.5,2249.9,5324.1,4169.7,4404.8,4744,2458.6,5588.5,5456.1,29.5,587.5,933.1,1259.4,824,4250.7,3348.1,21077.9,4013.2,1042.9
191,0.3399,0.3398,0.3397,0.3396,0.3395,0.3394,0.3393,0.3392,0.3391,0.339,0.34,0.3401,0.3402,0.3403,0.3404,0.3405,0.3406,0.3407,0.3408,0.3409,441.3,344.5,2249.9,5047.4,4446.4,5243.1,4744,1863.8,5588.5,5456.1,29.5,344.5,933.1,524.6,1558.5,3516.4,4816.3,21077.9,4013.2,1042.9
192,0.3399,0.3398,0.3397,0.3396,0.3395,0.3394,0.3393,0.3392,0.3391,0.339,0.34,0.3401,0.3402,0.3403,0.3404,0.3405,0.3406,0.3407,0.3408,0.3409,441.3,344.5,1692.1,4022.3,1958.3,4272.6,5742.3,4863.8,7080.6,3973.4,184.8,344.5,933.1,524.6,1558.5,3516.4,4816.3,21077.9,4013.2,2780.3
193,0.3399,0.3398,0.3397,0.3396,0.3395,0.3394,0.3393,0.3392,0.3391,0.339,0.34,0.3401,0.3402,0.3403,0.3404,0.3405,0.3406,0.3407,0.3408,0.3409,441.3,344.5,1692.1,4022.3,1958.3,5650.3,9426.4,4863.8,7080.6,3973.4,184.8,344.5,933.1,524.6,1558.5,3516.4,4816.3,21077.9,4013.2,2781.9
194,0.3402,0.3401,0.34,0.3399,0.3398,0.3397,0.3396,0.3395,0.3394,0.3393,0.3403,0.3404,0.3405,0.3406,0.3407,0.3408,0.3409,0.341,0.3411,0.3412,440.9,844.5,2307.9,4021.6,1356.5,2418.7,5373.1,4681.6,3434.3,3288.7,344.5,824,932.9,3348.1,4986.9,2084.2,1811.5,6720.2,23695.1,1124.3
195,0.3403,0.3402,0.3401,0.34,0.3399,0.3398,0.3397,0.3396,0.3395,0.3394,0.3404,0.3405,0.3406,0.3407,0.3408,0.3409,0.341,0.3411,0.3412,0.3413,921.1,344.5,977.1,3043.2,3286.1,1356.4,3256,9229.4,3344.5,2493.6,344.5,344.5,3936,1986.9,2511.7,4811.5,6676.3,23695.1,1124.3,1077.9
196,0.3408,0.3407,0.3406,0.3405,0.3404,0.3403,0.3402,0.3401,0.34,0.3399,0.3409,0.341,0.3411,0.3412,0.3413,0.3414,0.3415,0.3416,0.3417,0.3418,1144.3,1523,3328.7,1315,1386.1,1914.5,5072.4,7788,3773.3,4757.1,344.4,322.7,932,430.1,4916.3,3344.4,1809.1,22515.7,4004,3967.8
197,0.3405,0.3404,0.3403,0.3402,0.3401,0.34,0.3399,0.3398,0.3397,0.3396,0.3406,0.3407,0.3408,0.3409,0.341,0.3411,0.3412,0.3413,0.3414,0.3415,14.1,470,391.5,344.5,1079.5,2552.9,4932.8,2579.9,4078,8425.8,1048.5,2048.5,1120.4,6890.8,1229.1,1077.4,430.1,7675.1,30543.2,4290.4
198,0.3406,0.3405,0.3404,0.3403,0.3402,0.3401,0.34,0.3399,0.3398,0.3397,0.3407,0.3408,0.3409,0.341,0.3411,0.3412,0.3413,0.3414,0.3415,0.3416,546.7,29.4,375.1,2788,3281.7,2060.3,6485.7,6225,344.5,3508.9,733.5,2725.9,4025.5,1789.4,2992.4,1895.7,7011.7,27065.3,1809.1,4897.2
199,0.3406,0.3405,0.3404,0.3403,0.3402,0.3401,0.34,0.3399,0.3398,0.3397,0.3407,0.3408,0.3409,0.341,0.3411,0.3412,0.3413,0.3414,0.3415,0.3416,546.7,29.4,375.1,2053.4,4016.6,2060.3,5728.8,5467.3,1813.9,3508.9,344.4,344.4,4025.7,1789.4,344.4,4517.2,10674.9,25600.2,344.4,5863.4
200,0.3404,0.3403,0.3402,0.3401,0.34,0.3399,0.3398,0.3397,0.3396,0.3395,0.3405,0.3406,0.3407,0.3408,0.3409,0.341,0.3411,0.3412,0.3413,0.3414,401.1,76.5,344.5,1079.6,2277.6,6960.5,9117,4008.3,3286.1,1851.6,315,1077.9,1129.8,1078.1,3438.3,4964.8,344.4,1895.7,4697.4,27954.5
201,0.3404,0.3403,0.3402,0.3401,0.34,0.3399,0.3398,0.3397,0.3396,0.3395,0.3406,0.3407,0.3408,0.3409,0.341,0.3411,0.3412,0.3413,0.3414,0.3415,716.1,76.5,344.5,1079.6,2553.6,6684.4,8098.3,3497.3,3286.1,1851.6,344.4,1276.1,1665.7,3438.3,4964.8,344.4,1895.7,4697.4,27396.9,344.4
202,0.3403,0.3402,0.3401,0.34,0.3399,0.3398,0.3397,0.3396,0.3395,0.3394,0.3404,0.3405,0.3406,0.3407,0.3408,0.3409,0.341,0.3411,0.3412,0.3413,517.3,344.5,968.2,3288.9,6684.4,8098.3,3497.3,3286.1,425.4,5525.9,315,620.6,1139.6,2010,344.4,3438.3,4964.8,344.4,21895.7,6981.3
203,0.3404,0.3403,0.3402,0.3401,0.34,0.3399,0.3398,0.3397,0.3396,0.3395,0.3405,0.3406,0.3407,0.3408,0.3409,0.341,0.3411,0.3412,0.3413,0.3414,440.7,391.5,344.5,1079.6,2277.6,6031.5,4419.5,5471.2,6967.2,344.5,344.5,344.4,1863.9,344.4,4171.8,4964.8,344.4,21895.7,6891.4,3023.4
204,0.3405,0.3404,0.3403,0.3402,0.3401,0.34,0.3399,0.3398,0.3397,0.3396,0.3406,0.3407,0.3408,0.3409,0.341,0.3411,0.3412,0.3413,0.3414,0.3415,755.5,344.4,391.5,1079.4,1381.2,3748.1,5755.4,4419.5,3497.3,3286.1,125.3,1077.9,931.8,4171.8,1231.6,344.4,4895.7,13280,20344.4,6790
205,0.3407,0.3406,0.3405,0.3404,0.3403,0.3402,0.3401,0.34,0.3399,0.3398,0.3409,0.341,0.3411,0.3412,0.3413,0.3414,0.3415,0.3416,0.3417,0.3418,344.4,344.4,391.5,1078.8,2294.8,5729.3,4278.1,3748.1,6252.6,344.5,344.4,322.7,344.4,1162.9,9839.4,8217.2,344.4,24681.5,344.3,3271.2
206,0.3406,0.3405,0.3404,0.3403,0.3402,0.3401,0.34,0.3399,0.3398,0.3397,0.3407,0.3408,0.3409,0.341,0.3411,0.3412,0.3413,0.3414,0.3415,0.3416,315,391.5,967.7,3067.4,3280.9,1252.2,3240.1,8450.2,2322,1158.8,10,762.9,931.8,322.7,1077.4,430.1,7426,30860.1,344.4,4681.5
207,0.3409,0.3408,0.3407,0.3406,0.3405,0.3404,0.3403,0.3402,0.3401,0.34,0.341,0.3411,0.3412,0.3413,0.3414,0.3415,0.3416,0.3417,0.3418,0.3419,1173.5,315,1319.1,4745.7,344.4,1078.9,2926.3,7750.7,2201.5,3754.1,322.7,344.4,430.1,1077.9,4009.8,1983.1,5515.7,4003.6,23271.2,1704
208,0.3409,0.3408,0.3407,0.3406,0.3405,0.3404,0.3403,0.3402,0.3401,0.34,0.341,0.3411,0.3412,0.3413,0.3414,0.3415,0.3416,0.3417,0.3418,0.3419,3373.8,315,1319.1,4745.7,344.4,1354.1,3632.6,9232.1,1274.8,3360.2,7.7,344.4,430.1,1077.9,4009.8,1983.1,9175.6,344.3,23271.2,1704
209,0.3407,0.3406,0.3405,0.3404,0.3403,0.3402,0.3401,0.34,0.3399,0.3398,0.3409,0.341,0.3411,0.3412,0.3413,0.3414,0.3415,0.3416,0.3417,0.3418,700.1,4011.7,344.4,1354,3803.6,9232.1,2102.4,7339.8,9932.6,4586.6,315,560.9,344.4,1162.9,1077.9,4742.3,1983.1,5515.7,20344.3,5026
210,0.3407,0.3406,0.3405,0.3404,0.3403,0.3402,0.3401,0.34,0.3399,0.3398,0.3408,0.3409,0.341,0.3411,0.3412,0.3413,0.3414,0.3415,0.3416,0.3417,344.4,344.4,344.4,344.4,2791.4,4924.4,3642.2,6727.6,3642.7,344.5,2734.3,315,3256.5,1077.5,1337.7,3775.2,11091.8,3344.4,3202,24003.5
211,0.3405,0.3404,0.3403,0.3402,0.3401,0.34,0.3399,0.3398,0.3397,0.3396,0.3406,0.3407,0.3408,0.3409,0.341,0.3411,0.3412,0.3413,0.3414,0.3415,29.4,344.4,2241.1,4014,2571.9,6943.2,7043.9,1091.8,3997.3,8488.1,1182,792.9,931.6,1811.4,3256.5,1077.5,6012.3,2543.5,9626.8,20344.4
212,0.3403,0.3402,0.3401,0.34,0.3399,0.3398,0.3397,0.3396,0.3395,0.3394,0.3404,0.3405,0.3406,0.3407,0.3408,0.3409,0.341,0.3411,0.3412,0.3413,29.4,29.5,344.5,2082,4818.2,4367.8,5626.4,7929.7,3225,1020.3,651.7,629.1,1350.5,1078.3,344.4,4986.9,3256.5,4010,430.1,21768.1
213,0.3402,0.3401,0.34,0.3399,0.3398,0.3397,0.3396,0.3395,0.3394,0.3393,0.3403,0.3404,0.3405,0.3406,0.3407,0.3408,0.3409,0.341,0.3411,0.3412,29.5,344.5,2082,4375.1,1091.8,5541.3,10929.7,3225,1020.3,7669.2,315,363.4,932.2,1497,344.4,344.4,4986.9,3256.5,24010,430.1
214,0.3402,0.3401,0.34,0.3399,0.3398,0.3397,0.3396,0.3395,0.3394,0.3393,0.3403,0.3404,0.3405,0.3406,0.3407,0.3408,0.3409,0.341,0.3411,0.3412,29.5,344.5,2082,4098.9,1368.1,5541.3,10929.7,3225,1020.3,7669.2,315,432.3,932.2,1497,344.4,344.4,4986.9,3256.5,24010,430.1
215,0.3403,0.3402,0.3401,0.34,0.3399,0.3398,0.3397,0.3396,0.3395,0.3394,0.3405,0.3406,0.3407,0.3408,0.3409,0.341,0.3411,0.3412,0.3413,0.3414,315,344.5,344.5,2817.3,4018.1,2324.4,4821.7,7248.8,3225,1101.2,344.4,762.9,1666.1,344.4,4986.9,3256.5,24010,430.1,3880.4,13138.8
216,0.3408,0.3407,0.3406,0.3405,0.3404,0.3403,0.3402,0.3401,0.34,0.3399,0.341,0.3411,0.3412,0.3413,0.3414,0.3415,0.3416,0.3417,0.3418,0.3419,1048.5,1498.6,4600.2,520.5,1078.8,2955,6904.9,1814.8,2801.2,8182.4,322.7,344.4,1163.6,1077,3277.8,4253.1,3304.2,24003.1,3271.2,1714.9
217,0.3409,0.3408,0.3407,0.3406,0.3405,0.3404,0.3403,0.3402,0.3401,0.34,0.3411,0.3412,0.3413,0.3414,0.3415,0.3416,0.3417,0.3418,0.3419,0.342,3080.4,1077.9,2819,4523.2,4167.8,3580.5,3436.5,3904.9,3999.1,4061,323.5,344.4,344.4,1076.8,1077.9,3304.2,3517.2,6929.4,21020.1,977.4
218,0.3408,0.3407,0.3406,0.3405,0.3404,0.3403,0.3402,0.3401,0.34,0.3399,0.341,0.3411,0.3412,0.3413,0.3414,0.3415,0.3416,0.3417,0.3418,0.3419,762.9,1498.6,4013.5,519.8,3364.5,6044.6,6300.4,6193.6,3239.5,8292.4,344.4,323.5,1077.9,344.4,1250.5,1077.9,3304.2,27003.1,5168.7,3739.2
219,0.3408,0.3407,0.3406,0.3405,0.3404,0.3403,0.3402,0.3401,0.34,0.3399,0.341,0.3411,0.3412,0.3413,0.3414,0.3415,0.3416,0.3417,0.3418,0.3419,762.9,1498.6,4013.5,995.2,4532.3,5170.1,6300.4,5953.6,1769.5,11088.9,344.4,323.5,1077.9,1077,4183.9,2933.1,3304.2,23344.3,5999.3,1020.1
220,0.3407,0.3406,0.3405,0.3404,0.3403,0.3402,0.3401,0.34,0.3399,0.3398,0.3409,0.341,0.3411,0.3412,0.3413,0.3414,0.3415,0.3416,0.3417,0.3418,1917.1,3279.5,978.9,2171.1,6744,6810.9,5476.6,2520.3,18144.9,344.5,315,344.4,910.3,1810.7,344.4,4183.9,1077.9,5128,23344.3,3271.2
221,0.3407,0.3406,0.3405,0.3404,0.3403,0.3402,0.3401,0.34,0.3399,0.3398,0.3409,0.341,0.3411,0.3412,0.3413,0.3414,0.3415,0.3416,0.3417,0.3418,1700.6,3279.5,244.7,2630.3,7035.9,7770.2,5462.2,1769.5,18144.9,344.5,315,344.4,910.3,1810.7,344.4,7183.9,1077.9,3304.2,22813.4,3271.2
222,0.3407,0.3406,0.3405,0.3404,0.3403,0.3402,0.3401,0.34,0.3399,0.3398,0.3409,0.341,0.3411,0.3412,0.3413,0.3414,0.3415,0.3416,0.3417,0.3418,1712.4,3279.5,244.7,1830.9,4035.9,8566.5,7019.4,3211.8,15073.7,344.5,315,344.4,910.3,1810.7,344.4,7183.9,1077.9,3304.2,25554.3,3271.2
223,0.3407,0.3406,0.3405,0.3404,0.3403,0.3402,0.3401,0.34,0.3399,0.3398,0.3409,0.341,0.3411,0.3412,0.3413,0.3414,0.3415,0.3416,0.3417,0.3418,1867.5,3279.5,244.7,1078.9,3196.3,9502,7771.6,3254,15073.7,344.5,315,344.4,910.3,1077.2,344.4,7183.9,1077.9,3304.2,25552,3271.2
224,0.3409,0.3408,0.3407,0.3406,0.3405,0.3404,0.3403,0.3402,0.3401,0.34,0.341,0.3411,0.3412,0.3413,0.3414,0.3415,0.3416,0.3417,0.3418,0.3419,561.3,344.4,2056.8,4013.5,520.1,1813.2,2920.9,8504.2,4768.2,3262.8,315,323.5,1664.5,344.4,4183.9,1077.9,6304.2,8510.3,3271.2,21020.1
225,0.341,0.3409,0.3408,0.3407,0.3406,0.3405,0.3404,0.3403,0.3402,0.3401,0.3411,0.3412,0.3413,0.3414,0.3415,0.3416,0.3417,0.3418,0.3419,0.342,846.8,344.4,344.4,2790.6,4013.5,1589.3,6174.7,2745.8,5379.4,3223.1,323.5,1077.9,931.1,4010.2,1077.9,6477.7,8616.1,3271.2,21714.3,285.9
226,0.3414,0.3413,0.3412,0.3411,0.341,0.3409,0.3408,0.3407,0.3406,0.3405,0.3415,0.3416,0.3417,0.3418,0.3419,0.342,0.3421,0.3422,0.3423,0.3424,439.4,315,930.4,1700,2788.6,4341.3,1938.8,7345.2,6949.4,837.7,344.4,1077.9,2238.8,3271.2,1922.4,5973.9,1892,5441.1,21020.1,7478.9
227,0.3412,0.3411,0.341,0.3409,0.3408,0.3407,0.3406,0.3405,0.3404,0.3403,0.3414,0.3415,0.3416,0.3417,0.3418,0.3419,0.342,0.3421,0.3422,0.3423,344.4,1151.8,3374.7,4008.6,1557.4,5231.4,3279.5,2743.5,3250.2,1855.6,315,570.9,1077.9,344.3,6227.1,2653.9,3285.9,26747.4,3979.6,1020.1
228,0.3412,0.3411,0.341,0.3409,0.3408,0.3407,0.3406,0.3405,0.3404,0.3403,0.3414,0.3415,0.3416,0.3417,0.3418,0.3419,0.342,0.3421,0.3422,0.3423,469,436.3,2641.5,4008.6,2206.6,6698.9,3279.5,2743.5,3250.2,1855.6,315,570.9,1077.9,1076,3271.2,2653.9,9062,20430,3979.6,3700.7
229,0.341,0.3409,0.3408,0.3407,0.3406,0.3405,0.3404,0.3403,0.3402,0.3401,0.3411,0.3412,0.3413,0.3414,0.3415,0.3416,0.3417,0.3418,0.3419,0.342,439.9,29.4,344.4,2790.6,4013.5,694.4,3041.2,10312.5,4704.2,4019.3,344.4,585.1,1349.6,4008.4,570.9,1248.9,4076,3271.2,23175.3,2288.8
230,0.341,0.3409,0.3408,0.3407,0.3406,0.3405,0.3404,0.3403,0.3402,0.3401,0.3411,0.3412,0.3413,0.3414,0.3415,0.3416,0.3417,0.3418,0.3419,0.342,439.9,344.4,344.4,2790.6,3279.5,1479.9,5201.1,10312.6,4704.2,344.5,344.4,344.4,1349.5,4008.4,570.9,2713.2,3344.3,3271.2,23175.3,2225.8
231,0.341,0.3409,0.3408,0.3407,0.3406,0.3405,0.3404,0.3403,0.3402,0.3401,0.3411,0.3412,0.3413,0.3414,0.3415,0.3416,0.3417,0.3418,0.3419,0.342,439.9,344.4,344.4,2790.6,3279.5,694.3,4382.4,11116.8,3280.9,1768.6,344.4,344.4,1349.5,4008.4,570.9,2713.2,3344.3,3271.2,23175.3,2226.4
232,0.341,0.3409,0.3408,0.3407,0.3406,0.3405,0.3404,0.3403,0.3402,0.3401,0.3411,0.3412,0.3413,0.3414,0.3415,0.3416,0.3417,0.3418,0.3419,0.342,754.9,344.4,344.4,2790.6,3925,2994.8,4362.6,5189.8,4769.9,1768.6,29.4,344.4,1349.5,4008.4,570.9,2713.2,3478.6,3271.2,23175.3,285.9
233,0.341,0.3409,0.3408,0.3407,0.3406,0.3405,0.3404,0.3403,0.3402,0.3401,0.3411,0.3412,0.3413,0.3414,0.3415,0.3416,0.3417,0.3418,0.3419,0.342,439.9,344.4,344.4,2790.6,3925,2162.6,3387.7,6585.4,3280.9,1849.4,344.4,344.4,1349.5,4008.4,570.9,2713.2,3478.6,3271.2,25125,285.9
234,0.3409,0.3408,0.3407,0.3406,0.3405,0.3404,0.3403,0.3402,0.3401,0.34,0.341,0.3411,0.3412,0.3413,0.3414,0.3415,0.3416,0.3417,0.3418,0.3419,469.4,344.4,2056.8,4013.5,694.3,3387.7,7498.4,6955,1849.4,3265.2,315,344.4,931,762.9,4008.4,570.9,2713.2,7137.6,3271.2,25108.2
235,0.341,0.3409,0.3408,0.3407,0.3406,0.3405,0.3404,0.3403,0.3402,0.3401,0.3411,0.3412,0.3413,0.3414,0.3415,0.3416,0.3417,0.3418,0.3419,0.342,754.9,344.4,344.4,2790.6,3925,2162.5,3387.7,7212.7,5997.9,1849.4,29.4,344.4,1349.6,4008.4,570.9,2713.2,3478.6,3271.2,25108.2,2999.3
236,0.3408,0.3407,0.3406,0.3405,0.3404,0.3403,0.3402,0.3401,0.34,0.3399,0.3409,0.341,0.3411,0.3412,0.3413,0.3414,0.3415,0.3416,0.3417,0.3418,29.4,2056.8,3279.5,978.8,1918.9,8083.3,8963.2,1849.4,3221.8,17072,755,344.4,931.1,762.2,1810.5,6276,570.9,2713.2,20344.3,5194
237,0.3408,0.3407,0.3406,0.3405,0.3404,0.3403,0.3402,0.3401,0.34,0.3399,0.3409,0.341,0.3411,0.3412,0.3413,0.3414,0.3415,0.3416,0.3417,0.3418,529.4,2056.8,3279.5,978.8,2194.1,7596.3,8976,6989.8,1769.6,9968.1,440,344.4,931.1,762.2,1810.5,6276,570.9,2713.2,20344.3,7821.3
238,0.3406,0.3405,0.3404,0.3403,0.3402,0.3401,0.34,0.3399,0.3398,0.3397,0.3407,0.3408,0.3409,0.341,0.3411,0.3412,0.3413,0.3414,0.3415,0.3416,250,641.8,344.4,1375.6,4015.7,1436,3375.8,10622.4,1493.6,3424.4,1077.9,344.4,2745.7,4745.1,3227.7,1495.2,4741.2,34313.8,570.9,3242.7
239,0.3405,0.3404,0.3403,0.3402,0.3401,0.34,0.3399,0.3398,0.3397,0.3396,0.3407,0.3408,0.3409,0.341,0.3411,0.3412,0.3413,0.3414,0.3415,0.3416,641.8,344.4,2276.6,4015.7,1515.4,5805.9,9689.7,1493.6,3424.4,3968.5,1577.9,344.4,1066.1,4745.1,517.9,3855.3,1077.9,37976.4,570.9,5895.7
240,0.3405,0.3404,0.3403,0.3402,0.3401,0.34,0.3399,0.3398,0.3397,0.3396,0.3407,0.3408,0.3409,0.341,0.3411,0.3412,0.3413,0.3414,0.3415,0.3416,641.8,344.4,2276.6,4015.7,1515.4,5812,9689.7,1493.6,3424.4,3968.5,1577.9,344.4,1799.8,4011.7,517.9,1495.2,4741.1,34313.8,2928.8,3242.7
241,0.3405,0.3404,0.3403,0.3402,0.3401,0.34,0.3399,0.3398,0.3397,0.3396,0.3406,0.3407,0.3408,0.3409,0.341,0.3411,0.3412,0.3413,0.3414,0.3415,529.4,344.4,2276.6,4015.7,701.2,3375.8,10130.9,2266.8,7103.9,6622,315,1577.9,1066.3,1077.9,4011.7,4984.3,1495.2,1077.9,31313.8,2928.8
242,0.3405,0.3404,0.3403,0.3402,0.3401,0.34,0.3399,0.3398,0.3397,0.3396,0.3407,0.3408,0.3409,0.341,0.3411,0.3412,0.3413,0.3414,0.3415,0.3416,844.4,344.4,1543.1,4015.7,2149.4,5145.3,9178.7,1493.6,3366.1,3968.5,844.4,1019.6,1066.4,4011.5,1193.1,1495.2,3344.4,37332.8,570.9,2509.2
243,0.3405,0.3404,0.3403,0.3402,0.3401,0.34,0.3399,0.3398,0.3397,0.3396,0.3406,0.3407,0.3408,0.3409,0.341,0.3411,0.3412,0.3413,0.3414,0.3415,529.4,344.4,1117.6,3911.2,1835.5,3653.5,8566.7,2300.7,7045.6,3968.5,315,844.4,1606.9,1212.5,3278.2,1193.1,1495.2,7007.5,33677.8,570.9
244,0.3405,0.3404,0.3403,0.3402,0.3401,0.34,0.3399,0.3398,0.3397,0.3396,0.3407,0.3408,0.3409,0.341,0.3411,0.3412,0.3413,0.3414,0.3415,0.3416,844.4,344.4,1117.5,4015.8,2051.8,5113.1,9960,1493.6,8471.4,3968.5,844.4,1019.6,931.8,4146,1193.1,1495.2,7007.5,36336.4,570.9,2509.2
245,0.3405,0.3404,0.3403,0.3402,0.3401,0.34,0.3399,0.3398,0.3397,0.3396,0.3407,0.3408,0.3409,0.341,0.3411,0.3412,0.3413,0.3414,0.3415,0.3416,844.4,344.4,1117.5,4015.8,2051.8,5113.1,9960,1493.6,8471.5,3968.5,844.4,1019.6,931.8,4011.4,1193.1,1495.2,7007.5,28286,8607.5,2509.2
246,0.3405,0.3404,0.3403,0.3402,0.3401,0.34,0.3399,0.3398,0.3397,0.3396,0.3407,0.3408,0.3409,0.341,0.3411,0.3412,0.3413,0.3414,0.3415,0.3416,844.4,344.4,2058.4,3280.9,1775.9,5328.4,9960.4,1493.6,4792,3968.5,844.4,1019.6,931.8,4146,1193.1,1495.2,7007.5,28308.6,8607.5,2509.2
247,0.3403,0.3402,0.3401,0.34,0.3399,0.3398,0.3397,0.3396,0.3395,0.3394,0.3404,0.3405,0.3406,0.3407,0.3408,0.3409,0.341,0.3411,0.3412,0.3413,29.4,344.5,1100.5,3280.9,1356.1,3251.4,5847,5348.6,6909.4,1842.3,470.3,1019.6,3869.4,1078.3,4753.3,516.2,4146,1019.6,21495.2,1044.2
248,0.3401,0.34,0.3399,0.3398,0.3397,0.3396,0.3395,0.3394,0.3393,0.3392,0.3404,0.3405,0.3406,0.3407,0.3408,0.3409,0.341,0.3411,0.3412,0.3413,1100.5,3280.9,1774.7,3527.7,6358.5,5031.2,4772.1,2499.1,9098,2638.8,315,1019.6,1666.5,344.4,1753.3,516.2,29944.7,1019.6,1495.2,1044.2
249,0.3401,0.34,0.3399,0.3398,0.3397,0.3396,0.3395,0.3394,0.3393,0.3392,0.3404,0.3405,0.3406,0.3407,0.3408,0.3409,0.341,0.3411,0.3412,0.3413,425.3,3280.9,1774.7,3527.8,4966.5,4036,4772.1,2499.1,9098,2640.7,315,1019.6,1666.3,344.4,1753.3,650.8,29944.7,1019.6,1495.2,1044.2
250,0.3401,0.34,0.3399,0.3398,0.3397,0.3396,0.3395,0.3394,0.3393,0.3392,0.3404,0.3405,0.3406,0.3407,0.3408,0.3409,0.341,0.3411,0.3412,0.3413,425.3,3956.1,1774.7,3527.8,4966.5,4036,4772.1,2499.1,9098,1166.5,315,1019.6,1666.3,344.4,1887.9,516.2,29944.7,1019.6,1495.2,1044.2
251,0.3401,0.34,0.3399,0.3398,0.3397,0.3396,0.3395,0.3394,0.3393,0.3392,0.3403,0.3404,0.3405,0.3406,0.3407,0.3408,0.3409,0.341,0.3411,0.3412,866.3,3956.1,1774.7,3251.4,4966.5,4312.4,4772.1,2499.1,9098,2599.8,315,369.3,1607.5,1078.5,344.4,1887.9,516.2,29944.7,1019.6,1495.2
252,0.3398,0.3397,0.3396,0.3395,0.3394,0.3393,0.3392,0.3391,0.339,0.3389,0.34,0.3401,0.3402,0.3403,0.3404,0.3405,0.3406,0.3407,0.3408,0.3409,1431.6,344.5,4023.6,344.5,2957.8,3564.6,2601.3,5171.1,4248.2,4090.6,344.5,344.5,1293.4,1253.8,1133.3,1019.6,7752,1043.1,24822.8,344.4
253,0.3398,0.3397,0.3396,0.3395,0.3394,0.3393,0.3392,0.3391,0.339,0.3389,0.34,0.3401,0.3402,0.3403,0.3404,0.3405,0.3406,0.3407,0.3408,0.3409,1431.6,1500.4,4023.6,1120.5,3801,5038.1,3414.7,5171.1,3272.5,2595.9,499.8,344.5,1293.4,1253.8,398.8,2488.5,7752,1177.7,24688.2,344.4
254,0.3399,0.3398,0.3397,0.3396,0.3395,0.3394,0.3393,0.3392,0.3391,0.339,0.34,0.3401,0.3402,0.3403,0.3404,0.3405,0.3406,0.3407,0.3408,0.3409,756.3,990.2,1500.4,4023.6,1916.7,5957.8,5210.1,1818.4,1019.8,4721.4,29.5,344.5,1293.4,1253.8,398.8,2488.5,6283.8,1177.7,24688.2,344.4
255,0.3398,0.3397,0.3396,0.3395,0.3394,0.3393,0.3392,0.3391,0.339,0.3389,0.34,0.3401,0.3402,0.3403,0.3404,0.3405,0.3406,0.3407,0.3408,0.3409,756.4,2175.6,3287.4,2653.1,5957.8,4553.5,3324.1,2168.1,4716.3,2595.9,344.5,344.5,2028.1,519,398.8,2488.5,9954.5,21043.1,1019.6,344.4
256,0.3398,0.3397,0.3396,0.3395,0.3394,0.3393,0.3392,0.3391,0.339,0.3389,0.3399,0.34,0.3401,0.3402,0.3403,0.3404,0.3405,0.3406,0.3407,0.3408,441.4,2001,3287.4,1080.9,2957.8,5252,6601.1,2168.1,4716.3,2595.9,315,344.5,933,1439.7,519,398.8,2488.5,9954.5,21043.1,1019.6
257,0.3397,0.3396,0.3395,0.3394,0.3393,0.3392,0.3391,0.339,0.3389,0.3388,0.3398,0.3399,0.34,0.3401,0.3402,0.3403,0.3404,0.3405,0.3406,0.3407,675.2,3257.9,1051.4,2191.7,5222.5,7682.7,6102.2,4764.9,1744.3,1873.6,378,206.3,523.2,315,1410.2,489.5,1838.6,2459.1,26254.4,1013.7
258,0.3392,0.3391,0.339,0.3389,0.3388,0.3387,0.3386,0.3385,0.3384,0.3383,0.3394,0.3396,0.3398,0.3399,0.34,0.3401,0.3402,0.3403,0.3404,0.3405,315,1464,3998.8,1717.9,7027.4,3874,2636.8,5277.4,3252.7,315,362.7,315,3995.5,4376.4,5474.3,3991.1,23618.5,315,9064.9,4661.9
259,0.3391,0.3389,0.3388,0.3387,0.3386,0.3385,0.3384,0.3383,0.3382,0.3381,0.3393,0.3394,0.3396,0.3397,0.3398,0.3399,0.34,0.3401,0.3402,0.3403,859.3,315,1728.1,315,1915.4,6055.4,8774.7,1978.5,4740.3,1001.7,919.9,315,4726.8,173.4,4731.5,881.5,28456.4,1000.4,3704.2,3989.6
260,0.3394,0.3392,0.3391,0.339,0.3389,0.3388,0.3387,0.3386,0.3385,0.3384,0.3396,0.3397,0.3398,0.3399,0.34,0.3401,0.3402,0.3403,0.3404,0.3405,757,315,1727.4,2026.5,3263.1,2431.2,4522.3,6378.7,5884.1,5514.4,675.2,315,3259.6,1617.4,3445.5,2470.9,3704.2,26705.1,10506.1,990.2
261,0.3396,0.3395,0.3394,0.3393,0.3392,0.3391,0.339,0.3389,0.3388,0.3387,0.3397,0.3398,0.3399,0.34,0.3401,0.3402,0.3403,0.3404,0.3405,0.3406,441.7,315,990.2,2040.6,3996.2,1979.7,4289,4201.2,4852.9,1522.3,315,3259.6,881.5,1180.9,315,7754.5,315,32740.7,5843,5068.4
262,0.3397,0.3395,0.3394,0.3393,0.3392,0.3391,0.339,0.3389,0.3388,0.3387,0.3399,0.34,0.3401,0.3402,0.3403,0.3404,0.3405,0.3406,0.3407,0.3408,756.6,315,1726.8,1508,5155.9,4161.1,2763.8,3263.1,990.2,1821.8,881.5,270.1,3426.2,4019.2,486.8,12839.7,23669.5,8739.1,1002.9,990.2
263,0.3396,0.3395,0.3394,0.3393,0.3392,0.3391,0.339,0.3389,0.3388,0.3387,0.3397,0.3398,0.3399,0.34,0.3401,0.3402,0.3403,0.3404,0.3405,0.3406,441.7,315,990.2,2244.8,3995.2,2464.4,3535,6436.2,990.2,1825.8,315,3076.9,315,382,1222.5,4019.2,4784.6,8369.3,23151.4,9814.3
264,0.3396,0.3395,0.3394,0.3393,0.3392,0.3391,0.339,0.3389,0.3388,0.3387,0.3399,0.34,0.3401,0.3402,0.3403,0.3404,0.3405,0.3406,0.3407,0.3408,315,338.5,990.2,1508,3885,2095.3,2060,7749.4,1683.4,1138.4,315,382,315,4019.2,174.2,315,32741.6,7405.5,2773.3,990.2
265,0.3397,0.3396,0.3395,0.3394,0.3393,0.3392,0.3391,0.339,0.3389,0.3388,0.34,0.3401,0.3402,0.3403,0.3404,0.3405,0.3406,0.3407,0.3408,0.3409,315,573,338.5,990.2,1508,3259.6,1165.5,2337.2,7749.4,1683.4,315,736.9,4019.2,174.2,315,12118.8,7399.9,22756,1677.2,315
266,0.3399,0.3398,0.3397,0.3396,0.3395,0.3394,0.3393,0.3392,0.3391,0.339,0.3401,0.3402,0.3404,0.3405,0.3406,0.3407,0.3408,0.3409,0.341,0.3411,315,990.2,1695.4,3515.4,338.5,1584.5,3789.5,6536.5,990.2,3588.7,315,400.7,315,1161,4749.9,3315,21811.7,1488,3248.8,990.2
267,0.3395,0.3394,0.3393,0.3392,0.3391,0.339,0.3389,0.3388,0.3387,0.3386,0.3396,0.3397,0.3398,0.3399,0.34,0.3401,0.3402,0.3403,0.3404,0.3405,576.1,315,1508,3259.6,1979.7,4463.8,4436.4,3195.1,827.2,363.4,675.2,315,645.6,2391.7,3587.5,595.5,1250.4,2736.1,25220.7,990.2
268,0.3395,0.3394,0.3393,0.3392,0.3391,0.339,0.3389,0.3388,0.3387,0.3386,0.3398,0.3399,0.34,0.3401,0.3402,0.3404,0.3405,0.3406,0.3407,0.3408,329.7,1073.9,1039.8,3262.7,1006.3,3291.6,5948.1,1166.4,512.2,48.4,315,2195.6,3587.5,595.5,1250.4,3315,21685,4749.9,315,990.2
269,0.3394,0.3393,0.3392,0.3391,0.339,0.3389,0.3388,0.3386,0.3385,0.3382,0.3398,0.3399,0.34,0.3401,0.3402,0.3403,0.3404,0.3405,0.3406,0.3407,329.9,1715,3262.7,1275.6,3281,6460.4,1588.3,2309.2,5135.6,5036.5,299.7,1124.6,645.5,1847.6,4194.6,3000,20315,990.2,4749.9,315
270,0.3394,0.3393,0.3392,0.3391,0.339,0.3389,0.3388,0.3387,0.3386,0.3385,0.3397,0.3398,0.3399,0.34,0.3401,0.3402,0.3403,0.3404,0.3405,0.3406,675.2,1480,3261.8,1006.3,1956.6,4970.2,1570.7,3491.2,1208.4,5135.4,352.1,628.7,315,645.5,595.5,4194.6,23000,315,1689.2,4749.9
271,0.3395,0.3393,0.3392,0.3391,0.339,0.3389,0.3388,0.3387,0.3386,0.3385,0.3396,0.3397,0.3398,0.3399,0.34,0.3401,0.3402,0.3403,0.3404,0.3405,441.8,1296.9,3998.9,2472.2,3415.4,4935.4,1570.7,3491.3,1173.4,6644.7,315,486.5,3574.6,1725.7,1262.1,2710.8,4194.6,26673.8,315,1689.2
272,0.3395,0.3393,0.3392,0.3391,0.339,0.3389,0.3388,0.3387,0.3386,0.3385,0.3396,0.3397,0.3398,0.3399,0.34,0.3401,0.3402,0.3403,0.3404,0.3405,441.8,400,737,1006.3,1711.4,5659.8,8508.1,2111.4,1173.4,4311.1,315,1459,3708.1,1162.7,4381,2066.2,4020.1,23674.8,315,1689.2
273,0.3395,0.3394,0.3393,0.3392,0.3391,0.339,0.3389,0.3388,0.3386,0.3385,0.3396,0.3397,0.3398,0.3399,0.34,0.3401,0.3402,0.3404,0.3405,0.3406,441.8,675.2,1499.1,3682.1,1671.2,3201.5,5454.5,9569.3,48.4,8828.6,315,1381.7,3244.7,1124.6,1380.9,595.5,8664.4,29021.4,1689.2,4749.9
274,0.3395,0.3394,0.3393,0.3392,0.3391,0.339,0.3389,0.3388,0.3386,0.3385,0.3396,0.3397,0.3398,0.3399,0.34,0.3401,0.3402,0.3404,0.3405,0.3406,441.8,675.2,2235.7,2944.2,1681.6,4252.9,7983.2,5879.8,5085.3,8828.6,315,1283.5,3244.7,990.2,1380.9,595.5,8664.4,29025.4,1689.2,4749.9
275,0.3395,0.3394,0.3393,0.3392,0.3391,0.339,0.3389,0.3388,0.3386,0.3385,0.3397,0.3398,0.3399,0.34,0.3401,0.3402,0.3403,0.3404,0.3405,0.3406,441.8,675.2,2015.6,2944.2,1006.3,3465.7,9239.3,5367,5088.7,10322.5,968.5,2945,675.2,1065.9,280.5,8349.4,2664.9,34111.8,1374.2,4434.9
276,0.3397,0.3395,0.3394,0.3393,0.3392,0.3391,0.339,0.3389,0.3388,0.3387,0.3399,0.34,0.3401,0.3402,0.3403,0.3404,0.3405,0.3406,0.3407,0.3408,441.5,400,1411.7,1615.6,4580.7,6078.3,2976.3,3632.5,675.2,3479.4,675.2,330.5,1676.5,4614.4,735.1,8079.6,1374.2,24434.9,3669.7,675.2
277,0.3397,0.3395,0.3394,0.3393,0.3392,0.3391,0.339,0.3389,0.3388,0.3387,0.3399,0.34,0.3401,0.3402,0.3403,0.3404,0.3405,0.3406,0.3407,0.3408,441.5,400,1411.7,878.8,6054.6,6403.3,1575,5126.3,675.2,4122.2,675.2,464.9,1542.1,4614.4,735.1,5530.6,4672.1,24434.9,3669.7,675.2
278,0.3397,0.3394,0.3393,0.3392,0.3391,0.339,0.3389,0.3388,0.3387,0.3386,0.34,0.3401,0.3402,0.3403,0.3404,0.3405,0.3406,0.3407,0.3408,0.341,400,1411.7,878.8,6229.8,5694.3,1361.3,4954.4,1375.9,7812.4,48.4,328.6,1676.5,3879.3,735.1,5530.6,2843,7727.3,23669.7,675.2,6601
279,0.3397,0.3395,0.3394,0.3393,0.3392,0.3391,0.339,0.3389,0.3388,0.3387,0.34,0.3401,0.3402,0.3403,0.3404,0.3405,0.3406,0.3407,0.3408,0.341,400,736.4,1411.7,1494.4,6229.8,4220,1873.5,4441.9,4666,4514.5,328.6,1676.5,3879.3,735.1,3000,12766.3,7725,23669.7,675.2,6601
280,0.3397,0.3395,0.3394,0.3393,0.3392,0.3391,0.339,0.3389,0.3388,0.3387,0.34,0.3401,0.3402,0.3403,0.3404,0.3405,0.3406,0.3407,0.3408,0.341,400,736.4,1411.7,1494.4,6229.8,4220,1873.5,4441.9,4666,4514.5,328.6,1676.5,3879.3,735.1,3000,12067.3,7725,23669.7,1359.6,6601
281,0.3397,0.3395,0.3394,0.3393,0.3392,0.3391,0.339,0.3389,0.3388,0.3387,0.34,0.3401,0.3402,0.3404,0.3405,0.3406,0.3407,0.3408,0.341,0.3411,400,736.4,675.2,1277.3,6562.8,4784.8,5283.3,4441.9,4666,4514.5,136.1,1676.5,4614.4,3000,9504.3,7001.4,26959.5,1359.6,6600.7,675.2
282,0.3397,0.3395,0.3394,0.3393,0.3392,0.3391,0.339,0.3389,0.3388,0.3387,0.34,0.3401,0.3402,0.3404,0.3405,0.3406,0.3407,0.3408,0.341,0.3411,400,736.4,675.2,1277.3,6238.6,7022.2,7489.5,4441.9,1375.9,4514.5,202.1,1676.5,4614.4,4469.4,7632.3,4434.9,29527.1,1359.6,6600.5,675.2
283,0.3397,0.3395,0.3394,0.3393,0.3392,0.3391,0.339,0.3389,0.3388,0.3387,0.34,0.3401,0.3402,0.3404,0.3405,0.3406,0.3407,0.3408,0.341,0.3411,400,736.4,675.2,2750.8,6238.6,5797,5128.7,4441.9,1375.9,4514.5,262.4,1676.5,4614.4,4469.4,7632.3,4434.9,29526.2,1359.6,6600.5,675.2
284,0.3397,0.3395,0.3394,0.3393,0.3392,0.3391,0.339,0.3389,0.3388,0.3387,0.34,0.3401,0.3402,0.3404,0.3405,0.3406,0.3407,0.3408,0.341,0.3411,400,736.4,675.2,2750.8,6238.5,5797,5128.7,4441.9,2199.6,3690.2,327.1,1676.5,4614.4,4469.4,7632.3,4434.9,29525.8,1359.6,6600.5,675.2
