timestamp,bid_price_0,bid_price_1,bid_price_2,bid_price_3,bid_price_4,bid_price_5,bid_price_6,bid_price_7,bid_price_8,bid_price_9,ask_price_0,ask_price_1,ask_price_2,ask_price_3,ask_price_4,ask_price_5,ask_price_6,ask_price_7,ask_price_8,ask_price_9,bid_size_0,bid_size_1,bid_size_2,bid_size_3,bid_size_4,bid_size_5,bid_size_6,bid_size_7,bid_size_8,bid_size_9,ask_size_0,ask_size_1,ask_size_2,ask_size_3,ask_size_4,ask_size_5,ask_size_6,ask_size_7,ask_size_8,ask_size_9
0,0.000171,0.00017,0.000169,0.000168,0.000167,0.000166,0.000165,0.000164,0.000163,0.000162,0.000172,0.000173,0.000174,0.000175,0.000176,0.000177,0.000178,0.000179,0.00018,0.000181,18808950,106142686,37772237,15937383,12993782,13888820,8856813,9075414,9315412,4095132,9987571,71213660,44980632,39414670,12915078,12532716,26549360,14781633,22078060,7812474
1,0.000171,0.00017,0.000169,0.000168,0.000167,0.000166,0.000165,0.000164,0.000163,0.000162,0.000172,0.000173,0.000174,0.000175,0.000176,0.000177,0.000178,0.000179,0.00018,0.000181,19211658,107193365,37611415,17098156,12993782,13888820,8856813,10168708,9315412,4095132,9801547,71214235,44980632,39414670,12915078,12532716,26549360,14781633,22078060,7812474
2,0.000171,0.00017,0.000169,0.000168,0.000167,0.000166,0.000165,0.000164,0.000163,0.000162,0.000172,0.000173,0.000174,0.000175,0.000176,0.000177,0.000178,0.000179,0.00018,0.000181,19372757,107146498,38178101,17170988,15982558,13888820,8856813,10168708,9315412,4095132,33829232,71214235,42557003,33637713,12915078,12532716,17983181,20394166,17240763,15603417
3,0.000171,0.00017,0.000169,0.000168,0.000167,0.000166,0.000165,0.000164,0.000163,0.000162,0.000172,0.000173,0.000174,0.000175,0.000176,0.000177,0.000178,0.000179,0.00018,0.000181,19372757,104928677,35543161,19821612,15982558,13888820,8856813,10168708,9315412,4095132,33829232,71090482,42557003,33637713,12915078,12532716,17983181,20394166,17240763,15603417
4,0.000171,0.00017,0.000169,0.000168,0.000167,0.000166,0.000165,0.000164,0.000163,0.000162,0.000172,0.000173,0.000174,0.000175,0.000176,0.000177,0.000178,0.000179,0.00018,0.000181,18454256,108064639,31898706,25122860,13024117,13888820,8856813,10168708,9315412,4095132,33829232,71214592,42557003,33637713,12915078,12532716,17983181,20394166,22662350,10181830
5,0.000171,0.00017,0.000169,0.000168,0.000167,0.000166,0.000165,0.000164,0.000163,0.000162,0.000172,0.000173,0.000174,0.000175,0.000176,0.000177,0.000178,0.000179,0.00018,0.000181,18051548,86386331,61456330,25122860,13023866,13888820,8856813,10168708,9159343,4095132,33428865,71214694,42557003,33637713,12915078,12532716,17983181,20394166,22662350,10181830
6,0.000171,0.00017,0.000169,0.000168,0.000167,0.000166,0.000165,0.000164,0.000163,0.000162,0.000172,0.000173,0.000174,0.000175,0.000176,0.000177,0.000178,0.000179,0.00018,0.000181,21039231,84169391,60865649,25126995,13024558,13888820,8856813,10168708,9159343,4095132,33428865,71214693,42557003,33637713,12915078,12532716,17983181,20394166,22662350,10181830
7,0.000171,0.00017,0.000169,0.000168,0.000167,0.000166,0.000165,0.000164,0.000163,0.000162,0.000172,0.000173,0.000174,0.000175,0.000176,0.000177,0.000178,0.000179,0.00018,0.000181,21039231,84169540,60865649,25126995,15982558,13888820,8856813,10168708,9159343,4095132,33494655,71090482,42557003,33637713,12915078,12532716,17983181,20394166,22662350,10181830
8,0.000171,0.00017,0.000169,0.000168,0.000167,0.000166,0.000165,0.000164,0.000163,0.000162,0.000172,0.000173,0.000174,0.000175,0.000176,0.000177,0.000178,0.000179,0.00018,0.000181,21068475,84168947,60863650,25126995,12993782,13888820,8856813,10168708,9159343,4095132,33494655,71090482,42557003,33637713,12915078,12532716,19680129,18697218,25031706,7812474
9,0.000171,0.00017,0.000169,0.000168,0.000167,0.000166,0.000165,0.000164,0.000163,0.000162,0.000172,0.000173,0.000174,0.000175,0.000176,0.000177,0.000178,0.000179,0.00018,0.000181,4860115,89572395,62454412,25050028,12993782,13888820,11316158,10168708,9159343,4095132,35238841,71214693,42557003,33637713,12915078,12532716,19680129,18697218,25031706,7812474
10,0.000171,0.00017,0.000169,0.000168,0.000167,0.000166,0.000165,0.000164,0.000163,0.000162,0.000172,0.000173,0.000174,0.000175,0.000176,0.000177,0.000178,0.000179,0.00018,0.000181,287141,87237337,60264818,27700652,12993782,13888820,11316158,10168708,9159343,4095132,33553083,74276966,42450773,31093114,12915078,12532716,26549360,15874927,22078060,7812474
11,0.000171,0.00017,0.000169,0.000168,0.000167,0.000166,0.000165,0.000164,0.000163,0.000162,0.000172,0.000173,0.000174,0.000175,0.000176,0.000177,0.000178,0.000179,0.00018,0.000181,7522811,86843229,57463256,27700652,15660278,13888820,11316158,9075414,9159343,4095132,33411970,76700848,38812345,32351464,12915078,12532716,19680129,19790512,25031706,7812474
12,0.000171,0.00017,0.000169,0.000168,0.000167,0.000166,0.000165,0.000164,0.000163,0.000162,0.000172,0.000173,0.000174,0.000175,0.000176,0.000177,0.000178,0.000179,0.00018,0.000181,7522811,84621431,62242282,27700652,12993782,13888820,11316158,9075414,9159343,4095132,33411970,74472064,41041129,32351464,12915078,12532716,19680129,19790512,25031706,7812474
13,0.000171,0.00017,0.000169,0.000168,0.000167,0.000166,0.000165,0.000164,0.000163,0.000162,0.000172,0.000173,0.000174,0.000175,0.000176,0.000177,0.000178,0.000179,0.00018,0.000181,4312483,90070337,62242282,27700652,12993782,13888820,11316158,9075414,9159343,4095132,33411970,74471928,41041129,32351464,12915078,12532716,19680129,19790512,25031706,7812474
14,0.000171,0.00017,0.000169,0.000168,0.000167,0.000166,0.000165,0.000164,0.000163,0.000162,0.000172,0.000173,0.000174,0.000175,0.000176,0.000177,0.000178,0.000179,0.00018,0.000181,7522820,84621431,62242282,27700652,12993782,13888820,11316158,9075414,9159343,4095132,33411970,74335258,41177799,32351464,12915078,12532716,19680129,19790512,25031706,7812474
15,0.000171,0.00017,0.000169,0.000168,0.000167,0.000166,0.000165,0.000164,0.000163,0.000162,0.000172,0.000173,0.000174,0.000175,0.000176,0.000177,0.000178,0.000179,0.00018,0.000181,7677482,84465562,67512162,22399404,12993782,13888820,11316158,9075414,9159343,4095132,34910565,72610759,39993379,33637713,12915078,12532716,19680129,19790512,25031706,7812474
16,0.000171,0.00017,0.000169,0.000168,0.000167,0.000166,0.000165,0.000164,0.000163,0.000162,0.000172,0.000173,0.000174,0.000175,0.000176,0.000177,0.000178,0.000179,0.00018,0.000181,8595996,85766114,68003016,19748780,12993782,13888820,11316158,9075414,9159343,4095132,34765217,72734121,39993379,33637713,12915078,12532716,19680129,19790512,25031706,7812474
17,0.000171,0.00017,0.000169,0.000168,0.000167,0.000166,0.000165,0.000164,0.000163,0.000162,0.000172,0.000173,0.000174,0.000175,0.000176,0.000177,0.000178,0.000179,0.00018,0.000181,8595857,85765593,70637956,17098156,12993782,13888820,11316158,9075414,9159343,4095132,34765217,72734121,39993379,33637713,12915078,12532716,19680129,19790512,22662350,10181830
18,0.000171,0.00017,0.000169,0.000168,0.000167,0.000166,0.000165,0.000164,0.000163,0.000162,0.000172,0.000173,0.000174,0.000175,0.000176,0.000177,0.000178,0.000179,0.00018,0.000181,8595857,83546617,70637956,17098156,12993782,13888820,11316158,9075414,9159343,4095132,34765217,72610759,39993379,33637713,12915078,12532716,17983181,21487460,22662350,10181830
19,0.000171,0.00017,0.000169,0.000168,0.000167,0.000166,0.000165,0.000164,0.000163,0.000162,0.000172,0.000173,0.000174,0.000175,0.000176,0.000177,0.000178,0.000179,0.00018,0.000181,8595860,85764749,70637956,17098156,12993782,13888820,11316158,9075414,9159343,4095132,34765217,72734121,39993379,33637713,12915078,12532716,17983181,21487460,17240763,15603417
20,0.000171,0.00017,0.000169,0.000168,0.000167,0.000166,0.000165,0.000164,0.000163,0.000162,0.000172,0.000173,0.000174,0.000175,0.000176,0.000177,0.000178,0.000179,0.00018,0.000181,21436191,87491688,68915097,17098156,12993782,13888820,11316158,9075414,9159343,4095132,34765217,73948674,39993379,33637713,12915078,12532716,26549360,15874927,22078060,7812474
21,0.000171,0.00017,0.000169,0.000168,0.000167,0.000166,0.000165,0.000164,0.000163,0.000162,0.000172,0.000173,0.000174,0.000175,0.000176,0.000177,0.000178,0.000179,0.00018,0.000181,1874801,91031052,68247575,17098156,12993782,13888820,10229202,9075414,9159343,4095132,34765217,73825757,39993379,33637713,12915078,12532716,26549360,15874927,22078060,7812474
22,0.000171,0.00017,0.000169,0.000168,0.000167,0.000166,0.000165,0.000164,0.000163,0.000162,0.000172,0.000173,0.000174,0.000175,0.000176,0.000177,0.000178,0.000179,0.00018,0.000181,2793302,70199387,92956029,17098156,12993782,13888820,10229202,9075414,9159343,4095132,34765217,73825757,39993379,33637713,12915078,12532716,26549360,15874927,22078060,7812474
23,0.000171,0.00017,0.000169,0.000168,0.000167,0.000166,0.000165,0.000164,0.000163,0.000162,0.000172,0.000173,0.000174,0.000175,0.000176,0.000177,0.000178,0.000179,0.00018,0.000181,2793302,75034514,90321089,17098156,12993782,13888820,10229202,9075414,9159343,4095132,34823645,73767329,39993379,33637713,12915078,12532716,26549360,15874927,22078060,7812474
24,0.000171,0.00017,0.000169,0.000168,0.000167,0.000166,0.000165,0.000164,0.000163,0.000162,0.000172,0.000173,0.000174,0.000175,0.000176,0.000177,0.000178,0.000179,0.00018,0.000181,2793348,103728023,88695664,13939278,12993782,13888820,10229202,9075414,9159343,4095132,34765217,73947969,39993379,33637713,12915078,12532716,26549360,14177979,23775008,7812474
25,0.000171,0.00017,0.000169,0.000168,0.000167,0.000166,0.000165,0.000164,0.000163,0.000162,0.000172,0.000173,0.000174,0.000175,0.000176,0.000177,0.000178,0.000179,0.00018,0.000181,2841293,109786981,85583650,13930245,12993782,13888820,10229202,9075414,9159343,4095132,34765217,73713853,39993379,33637713,12915078,12532716,26549360,14177979,23775008,7812474
26,0.000171,0.00017,0.000169,0.000168,0.000167,0.000166,0.000165,0.000164,0.000163,0.000162,0.000172,0.000173,0.000174,0.000175,0.000176,0.000177,0.000178,0.000179,0.00018,0.000181,11388302,86968648,79948307,13111242,12993782,13888820,10229202,9075414,9159343,4095132,34765217,65834637,39993379,33637713,12915078,12532716,26549360,14177979,23775008,7812474
27,0.000171,0.00017,0.000169,0.000168,0.000167,0.000166,0.000165,0.000164,0.000163,0.000162,0.000172,0.000173,0.000174,0.000175,0.000176,0.000177,0.000178,0.000179,0.00018,0.000181,11015316,105594042,88218590,13930245,12993782,13888820,10229202,9075414,9159343,4095132,34765217,73718208,39993379,33637713,12915078,12532716,26549360,14177979,23775008,7812474
28,0.000171,0.00017,0.000169,0.000168,0.000167,0.000166,0.000165,0.000164,0.000163,0.000162,0.000172,0.000173,0.000174,0.000175,0.000176,0.000177,0.000178,0.000179,0.00018,0.000181,11134671,103377720,88218590,13930245,12993782,13888820,10229202,9075414,9159343,4095132,34765217,73718208,39993379,33637713,12915078,12532716,26549360,14177979,23775008,7812474
29,0.000171,0.00017,0.000169,0.000168,0.000167,0.000166,0.000165,0.000164,0.000163,0.000162,0.000172,0.000173,0.000174,0.000175,0.000176,0.000177,0.000178,0.000179,0.00018,0.000181,31269956,103377720,86251172,13930245,12993782,13888820,10229202,9075414,9159343,4095132,34765217,74737483,38974104,33637713,12915078,12532716,26549360,14177979,23775008,7812474
30,0.000171,0.00017,0.000169,0.000168,0.000167,0.000166,0.000165,0.000164,0.000163,0.000162,0.000172,0.000173,0.000174,0.000175,0.000176,0.000177,0.000178,0.000179,0.00018,0.000181,36197840,101649912,86251172,13930245,12993782,13888820,10229202,9075414,9159343,4095132,35608818,73718208,39993379,33637713,12915078,12532716,12242980,27227661,17240763,15603417
31,0.000171,0.00017,0.000169,0.000168,0.000167,0.000166,0.000165,0.000164,0.000163,0.000162,0.000172,0.000173,0.000174,0.000175,0.000176,0.000177,0.000178,0.000179,0.00018,0.000181,35159984,102156878,88886112,13930245,12993782,13888820,10229202,9075414,9159343,4095132,35463469,76210576,37506647,33637713,12915078,12532716,12242980,27227661,17240763,15603417
32,0.000171,0.00017,0.000169,0.000168,0.000167,0.000166,0.000165,0.000164,0.000163,0.000162,0.000172,0.000173,0.000174,0.000175,0.000176,0.000177,0.000178,0.000179,0.00018,0.000181,36078485,99029881,88886112,13930245,12993782,13888820,10229202,9075414,9159343,4095132,35269815,76210576,37506647,33637713,12915078,12532716,12242980,27227661,17240763,15603417
33,0.000172,0.000171,0.00017,0.000169,0.000168,0.000167,0.000166,0.000165,0.000164,0.000163,0.000173,0.000174,0.000175,0.000176,0.000177,0.000178,0.000179,0.00018,0.000181,0.000182,10047570,58675520,96736444,84877022,14874548,12993782,11439760,10229202,8667940,612334,34082407,76807364,38115498,18448828,12125242,11835506,18661482,23946590,18557063,7709697
34,0.000172,0.000171,0.00017,0.000169,0.000168,0.000167,0.000166,0.000165,0.000164,0.000163,0.000173,0.000174,0.000175,0.000176,0.000177,0.000178,0.000179,0.00018,0.000181,0.000182,10047570,53972082,72550457,82242082,14874548,12993782,11439760,10229202,8667940,612334,33590768,77884619,37921751,18448828,12125242,13532454,16964534,23946590,18557063,7709697
35,0.000172,0.000171,0.00017,0.000169,0.000168,0.000167,0.000166,0.000165,0.000164,0.000163,0.000173,0.000174,0.000175,0.000176,0.000177,0.000178,0.000179,0.00018,0.000181,0.000182,35690546,57896931,91975046,60168568,14874548,12993782,11439760,10229202,8667940,612334,33590768,76876216,37921751,18448828,12125242,13532454,16964534,23946590,18557063,7709697
36,0.000172,0.000171,0.00017,0.000169,0.000168,0.000167,0.000166,0.000165,0.000164,0.000163,0.000173,0.000174,0.000175,0.000176,0.000177,0.000178,0.000179,0.00018,0.000181,0.000182,35403962,57896130,91974900,60168568,14874548,12993782,11439760,10229202,8667940,612334,33689605,76783858,37921751,18448828,12125242,13532454,16964534,23946590,18557063,7709697
37,0.000172,0.000171,0.00017,0.000169,0.000168,0.000167,0.000166,0.000165,0.000164,0.000163,0.000173,0.000174,0.000175,0.000176,0.000177,0.000178,0.000179,0.00018,0.000181,0.000182,34277786,60630139,89355752,62803508,14874548,12993782,11439760,10229202,8667940,612334,37923475,73558245,37921751,18448828,12125242,11835506,27227661,18334057,15603417,7709697
38,0.000172,0.000171,0.00017,0.000169,0.000168,0.000167,0.000166,0.000165,0.000164,0.000163,0.000173,0.000174,0.000175,0.000176,0.000177,0.000178,0.000179,0.00018,0.000181,0.000182,34277786,60630139,89355752,62803508,14874548,12993782,11439760,10229202,8667940,612334,37923475,73435902,37921751,18448828,12125242,17575707,21487460,18334057,15603417,7709697
39,0.000172,0.000171,0.00017,0.000169,0.000168,0.000167,0.000166,0.000165,0.000164,0.000163,0.000173,0.000174,0.000175,0.000176,0.000177,0.000178,0.000179,0.00018,0.000181,0.000182,34526159,89389843,89355752,62803508,12454063,12993782,11439760,10229202,8667940,612334,37923475,73435902,38006273,18448828,12125242,17575707,21487460,18334057,15603417,7709697
40,0.000172,0.000171,0.00017,0.000169,0.000168,0.000167,0.000166,0.000165,0.000164,0.000163,0.000173,0.000174,0.000175,0.000176,0.000177,0.000178,0.000179,0.00018,0.000181,0.000182,34526159,89389843,89355898,62803508,12454063,12993782,11439760,10229202,8667940,612334,38942750,73825814,39264623,15918687,12125242,17575707,21487460,18334057,15603417,7709697
41,0.000172,0.000171,0.00017,0.000169,0.000168,0.000167,0.000166,0.000165,0.000164,0.000163,0.000173,0.000174,0.000175,0.000176,0.000177,0.000178,0.000179,0.00018,0.000181,0.000182,34526159,89235282,89902295,62803508,12454063,12993782,11439760,10229202,8667940,612334,40190237,72579331,39264623,15918687,12125242,19272655,19790512,26125000,7812474,7709697
42,0.000172,0.000171,0.00017,0.000169,0.000168,0.000167,0.000166,0.000165,0.000164,0.000163,0.000173,0.000174,0.000175,0.000176,0.000177,0.000178,0.000179,0.00018,0.000181,0.000182,34467731,91492690,89511979,60168568,15104687,12993782,11439760,10229202,8667940,612334,41341464,71369822,39264623,15918687,12125242,19272655,19790512,26125000,7812474,7709697
43,0.000171,0.00017,0.000169,0.000168,0.000167,0.000166,0.000165,0.000164,0.000163,0.000162,0.000173,0.000174,0.000175,0.000176,0.000177,0.000178,0.000179,0.00018,0.000181,0.000182,56330298,107243397,65438448,17817327,12993782,13894741,11316158,8667940,8751869,4095132,105121588,55014088,29791802,12507604,12125242,19272655,19790512,26125000,7812474,7709697
44,0.000171,0.00017,0.000169,0.000168,0.000167,0.000166,0.000165,0.000164,0.000163,0.000162,0.000173,0.000174,0.000175,0.000176,0.000177,0.000178,0.000179,0.00018,0.000181,0.000182,56331045,107243249,65438448,17817327,12993782,13894741,11316158,8667940,8751869,4095132,100293259,55136935,32390814,12507604,12125242,19272655,19790512,26125000,7812474,7709697
45,0.000171,0.00017,0.000169,0.000168,0.000167,0.000166,0.000165,0.000164,0.000163,0.000162,0.000173,0.000174,0.000175,0.000176,0.000177,0.000178,0.000179,0.00018,0.000181,0.000182,53120717,107243249,65438448,17817327,12993782,13894741,11316158,8667940,8751869,4095132,100293259,55136763,32390814,12507604,12125242,19272655,19790512,26125000,7812474,7709697
46,0.000172,0.000171,0.00017,0.000169,0.000168,0.000167,0.000166,0.000165,0.000164,0.000163,0.000173,0.000174,0.000175,0.000176,0.000177,0.000178,0.000179,0.00018,0.000181,0.000182,41337,52202216,111391110,62803508,16589307,12993782,11439760,11316158,8667940,8751869,104806283,52260702,32816522,12507604,12125242,19272655,19790512,26125000,7812474,7709697
47,0.000171,0.00017,0.000169,0.000168,0.000167,0.000166,0.000165,0.000164,0.000163,0.000162,0.000172,0.000173,0.000174,0.000175,0.000176,0.000177,0.000178,0.000179,0.00018,0.000181,33457577,113443264,59261695,23914524,15660278,13823443,11316158,8667940,8751869,4095132,9472274,73654969,54165893,32452118,12507604,12125242,19272655,19790512,25031706,7812474
48,0.000171,0.00017,0.000169,0.000168,0.000167,0.000166,0.000165,0.000164,0.000163,0.000162,0.000172,0.000173,0.000174,0.000175,0.000176,0.000177,0.000178,0.000179,0.00018,0.000181,33457577,113695658,56713711,29215772,12993782,13823443,11316158,8667940,8751869,4095132,9472274,73655708,54218923,32452118,12507604,12125242,19272655,19790512,25031706,7812474
49,0.000171,0.00017,0.000169,0.000168,0.000167,0.000166,0.000165,0.000164,0.000163,0.000162,0.000172,0.000173,0.000174,0.000175,0.000176,0.000177,0.000178,0.000179,0.00018,0.000181,33457577,111484336,59348651,26565148,12993782,13823443,11316158,8667940,8751869,4095132,11579673,71016539,53674201,32452118,12507604,12125242,19272655,18697218,25031706,7812474
50,0.000171,0.00017,0.000169,0.000168,0.000167,0.000166,0.000165,0.000164,0.000163,0.000162,0.000172,0.000173,0.000174,0.000175,0.000176,0.000177,0.000178,0.000179,0.00018,0.000181,33457577,106670939,58470100,29215772,12993782,13823443,11316158,8667940,8751869,4095132,34961475,76305357,41929841,32639790,12507604,12125242,19272655,18697218,25031706,7812474
51,0.000171,0.00017,0.000169,0.000168,0.000167,0.000166,0.000165,0.000164,0.000163,0.000162,0.000172,0.000173,0.000174,0.000175,0.000176,0.000177,0.000178,0.000179,0.00018,0.000181,31667838,102604809,53224169,28419823,12993782,13823443,11316158,8667940,8751869,4095132,34961475,74639265,37769581,36373310,12507604,12125242,19272655,18697218,25031706,7812474
52,0.000171,0.00017,0.000169,0.000168,0.000167,0.000166,0.000165,0.000164,0.000163,0.000162,0.000172,0.000173,0.000174,0.000175,0.000176,0.000177,0.000178,0.000179,0.00018,0.000181,31668174,102604809,60549711,28419823,12993782,13823443,11316158,8667940,8751869,4095132,34961475,74517246,43433366,34534309,12507604,12125242,19272655,18697218,25031706,7812474
53,0.000171,0.00017,0.000169,0.000168,0.000167,0.000166,0.000165,0.000164,0.000163,0.000162,0.000172,0.000173,0.000174,0.000175,0.000176,0.000177,0.000178,0.000179,0.00018,0.000181,35168065,85111950,60547528,28419823,12993782,13823443,11316158,8667940,8751869,4095132,34961475,74517098,43433366,34534309,12507604,12125242,19272655,18697218,25031706,7812474
54,0.000171,0.00017,0.000169,0.000168,0.000167,0.000166,0.000165,0.000164,0.000163,0.000162,0.000172,0.000173,0.000174,0.000175,0.000176,0.000177,0.000178,0.000179,0.00018,0.000181,33260908,88956436,60547528,28419823,12993782,13823443,11316158,8667940,8751869,4095132,34692876,73339376,43249610,34467535,12507604,13822190,17575707,18697218,25031706,7812474
55,0.000171,0.00017,0.000169,0.000168,0.000167,0.000166,0.000165,0.000164,0.000163,0.000162,0.000172,0.000173,0.000174,0.000175,0.000176,0.000177,0.000178,0.000179,0.00018,0.000181,49273738,100094707,57912588,31070447,12993782,13823443,11316158,8667940,8751869,4095132,34663807,74639265,43432013,34467535,12507604,13822190,17575707,21650864,22078060,7812474
56,0.000171,0.00017,0.000169,0.000168,0.000167,0.000166,0.000165,0.000164,0.000163,0.000162,0.000172,0.000173,0.000174,0.000175,0.000176,0.000177,0.000178,0.000179,0.00018,0.000181,60365464,95166006,60547528,28419823,12993782,13823443,11316158,8667940,8751869,4095132,34663807,74517246,40872790,37012134,12507604,13822190,17575707,21650864,22078060,7812474
57,0.000171,0.00017,0.000169,0.000168,0.000167,0.000166,0.000165,0.000164,0.000163,0.000162,0.000172,0.000173,0.000174,0.000175,0.000176,0.000177,0.000178,0.000179,0.00018,0.000181,64087984,91883831,60547528,28419823,12993782,13823443,11316158,8667940,8751869,4095132,35679272,74910227,42145764,34515432,12507604,13822190,17575707,21650864,22078060,7812474
58,0.000171,0.00017,0.000169,0.000168,0.000167,0.000166,0.000165,0.000164,0.000163,0.000162,0.000172,0.000173,0.000174,0.000175,0.000176,0.000177,0.000178,0.000179,0.00018,0.000181,81067193,94734934,57912588,31070447,12993782,13823443,11316158,8667940,8751869,4095132,35679124,74910227,42145764,34515432,12507604,13822190,17575707,21650864,22078060,7812474
59,0.000171,0.00017,0.000169,0.000168,0.000167,0.000166,0.000165,0.000164,0.000163,0.000162,0.000172,0.000173,0.000174,0.000175,0.000176,0.000177,0.000178,0.000179,0.00018,0.000181,57665057,82105050,88449661,27411061,12993782,13823443,11316158,9761234,8751869,4095132,89344957,54896858,41894084,34515432,12507604,13822190,17575707,21650864,22078060,7812474
60,0.000171,0.00017,0.000169,0.000168,0.000167,0.000166,0.000165,0.000164,0.000163,0.000162,0.000172,0.000173,0.000174,0.000175,0.000176,0.000177,0.000178,0.000179,0.00018,0.000181,64635670,85007376,91241057,24760437,12993782,13823443,11316158,9761234,8751869,4095132,88929513,52429575,44284281,34515432,12507604,19562391,20401685,20875628,14287117,7812474
61,0.000171,0.00017,0.000169,0.000168,0.000167,0.000166,0.000165,0.000164,0.000163,0.000162,0.000172,0.000173,0.000174,0.000175,0.000176,0.000177,0.000178,0.000179,0.00018,0.000181,70001294,85007376,88606117,27411061,12993782,13823443,11316158,9761234,8751869,4095132,88929513,52429575,41894084,34515432,12507604,19562391,20401685,20875628,14287117,7812474
62,0.000171,0.00017,0.000169,0.000168,0.000167,0.000166,0.000165,0.000164,0.000163,0.000162,0.000172,0.000173,0.000174,0.000175,0.000176,0.000177,0.000178,0.000179,0.00018,0.000181,112575279,91478583,78811913,24760437,15660278,13822335,11316158,8667940,8751869,4095132,1228102,68458745,49106630,34767112,12507604,19562391,20401685,20875628,14287117,7812474
63,0.000171,0.00017,0.000169,0.000168,0.000167,0.000166,0.000165,0.000164,0.000163,0.000162,0.000172,0.000173,0.000174,0.000175,0.000176,0.000177,0.000178,0.000179,0.00018,0.000181,122210765,87133108,81579656,22109813,12993782,13822335,11316158,8667940,8751869,4095132,1228102,68458745,46547407,37311711,12507604,13822190,17575707,21650864,22078060,7812474
64,0.000171,0.00017,0.000169,0.000168,0.000167,0.000166,0.000165,0.000164,0.000163,0.000162,0.000172,0.000173,0.000174,0.000175,0.000176,0.000177,0.000178,0.000179,0.00018,0.000181,122430357,84150480,81579656,22109813,12993782,13822335,11316158,8667940,8751869,4095132,1228102,70873245,46799087,35232286,12507604,13822190,17575707,21650864,22078060,7812474
65,0.000171,0.00017,0.000169,0.000168,0.000167,0.000166,0.000165,0.000164,0.000163,0.000162,0.000172,0.000173,0.000174,0.000175,0.000176,0.000177,0.000178,0.000179,0.00018,0.000181,130177088,84282433,78937739,24760437,12993782,13822335,11316158,8667940,8751869,4095132,1228102,70919643,46799087,35232286,12507604,13822190,17575707,21650864,22078060,7812474
66,0.000171,0.00017,0.000169,0.000168,0.000167,0.000166,0.000165,0.000164,0.000163,0.000162,0.000172,0.000173,0.000174,0.000175,0.000176,0.000177,0.000178,0.000179,0.00018,0.000181,124838203,83397938,78923370,27411061,12993782,13822335,11316158,9761234,8751869,4095132,52085725,70919643,44227236,32687687,12507604,13822190,17575707,21650864,22078060,7812474
67,0.000171,0.00017,0.000169,0.000168,0.000167,0.000166,0.000165,0.000164,0.000163,0.000162,0.000172,0.000173,0.000174,0.000175,0.000176,0.000177,0.000178,0.000179,0.00018,0.000181,147422049,81785764,81729170,22109813,12993782,13816847,11316158,8667940,8751869,4095132,1322963,70995931,46881776,35232286,12507604,13822190,17575707,21650864,22078060,7812474
68,0.000171,0.00017,0.000169,0.000168,0.000167,0.000166,0.000165,0.000164,0.000163,0.000162,0.000173,0.000174,0.000175,0.000176,0.000177,0.000178,0.000179,0.00018,0.000181,0.000182,164939703,78191520,87720680,14157941,12993782,11439760,11316158,9761234,8751869,4095132,84419677,46881776,35232286,12507604,13822190,17612663,21650864,22078060,7812474,7709697
69,0.000171,0.00017,0.000169,0.000168,0.000167,0.000166,0.000165,0.000164,0.000163,0.000162,0.000173,0.000174,0.000175,0.000176,0.000177,0.000178,0.000179,0.00018,0.000181,0.000182,165028043,92689302,77180920,14157941,12993782,11439760,11316158,9761234,8751869,4095132,99967895,47428823,32687687,15037745,13822190,17612663,21650864,22078060,7812474,7709697
70,0.000171,0.00017,0.000169,0.000168,0.000167,0.000166,0.000165,0.000164,0.000163,0.000162,0.000173,0.000174,0.000175,0.000176,0.000177,0.000178,0.000179,0.00018,0.000181,0.000182,165028043,87450275,82450800,14157941,12993782,11439760,11316158,9761234,8751869,4095132,99967895,47428823,32687687,15037745,13822190,17612663,21650864,22078060,7812474,7709697
71,0.000171,0.00017,0.000169,0.000168,0.000167,0.000166,0.000165,0.000164,0.000163,0.000162,0.000173,0.000174,0.000175,0.000176,0.000177,0.000178,0.000179,0.00018,0.000181,0.000182,168017520,89682093,77180920,14157941,12993782,11439760,11316158,9761234,8751869,4095132,84006963,47550212,32687687,15037745,13822190,17612663,21650864,22078060,7812474,7709697
72,0.000171,0.00017,0.000169,0.000168,0.000167,0.000166,0.000165,0.000164,0.000163,0.000162,0.000173,0.000174,0.000175,0.000176,0.000177,0.000178,0.000179,0.00018,0.000181,0.000182,169593329,85478280,79815860,14157941,12993782,11439760,11316158,9761234,8751869,4095132,68092429,47003165,33054003,15037745,13822190,17612663,21650864,22078060,7812474,7709697
73,0.000171,0.00017,0.000169,0.000168,0.000167,0.000166,0.000165,0.000164,0.000163,0.000162,0.000173,0.000174,0.000175,0.000176,0.000177,0.000178,0.000179,0.00018,0.000181,0.000182,168018352,84442182,82450800,14157941,12993782,11439760,11316158,9761234,8751869,4095132,84006963,47003165,33054003,15037745,13822190,17612663,21650864,22078060,7812474,7709697
74,0.000171,0.00017,0.000169,0.000168,0.000167,0.000166,0.000165,0.000164,0.000163,0.000162,0.000173,0.000174,0.000175,0.000176,0.000177,0.000178,0.000179,0.00018,0.000181,0.000182,168018352,99532313,77180920,14157941,12993782,11439760,11316158,9761234,8751869,4095132,99921497,46881776,33054003,15037745,13822190,17612663,21650864,22078060,7812474,7709697
75,0.000171,0.00017,0.000169,0.000168,0.000167,0.000166,0.000165,0.000164,0.000163,0.000162,0.000173,0.000174,0.000175,0.000176,0.000177,0.000178,0.000179,0.00018,0.000181,0.000182,56851442,75909380,85085740,18846918,12993782,11439760,11316158,9761234,8751869,4095132,83853962,44351299,33234734,16734693,12125242,11872462,15871240,31228529,10181830,7709697
76,0.000171,0.00017,0.000169,0.000168,0.000167,0.000166,0.000165,0.000164,0.000163,0.000162,0.000172,0.000173,0.000174,0.000175,0.000176,0.000177,0.000178,0.000179,0.00018,0.000181,37544068,115272187,85417302,18846918,12993782,11439760,11316158,9761234,8751869,4095132,1461896,70526117,46792996,35779333,12507604,19562391,19345347,20875628,14287117,7812474
77,0.000171,0.00017,0.000169,0.000168,0.000167,0.000166,0.000165,0.000164,0.000163,0.000162,0.000172,0.000173,0.000174,0.000175,0.000176,0.000177,0.000178,0.000179,0.00018,0.000181,41978539,102685045,82721503,21497542,12993782,11439760,11316158,9761234,8751869,4095132,1461896,70526117,46792996,35779333,12507604,13822190,16519369,21650864,22078060,7812474
78,0.000171,0.00017,0.000169,0.000168,0.000167,0.000166,0.000165,0.000164,0.000163,0.000162,0.000172,0.000173,0.000174,0.000175,0.000176,0.000177,0.000178,0.000179,0.00018,0.000181,41978539,102684897,82721503,16808565,12993782,11439760,11316158,9761234,8751869,4095132,1461896,70405240,46792996,35779333,12507604,13822190,16519369,21650864,22078060,7812474
79,0.000171,0.00017,0.000169,0.000168,0.000167,0.000166,0.000165,0.000164,0.000163,0.000162,0.000172,0.000173,0.000174,0.000175,0.000176,0.000177,0.000178,0.000179,0.00018,0.000181,41978629,100065266,85356443,16808565,12993782,11439760,11316158,9761234,8751869,4095132,1461896,70526118,46792996,35779333,12507604,13822190,16519369,21650864,22078060,7812474
80,0.000171,0.00017,0.000169,0.000168,0.000167,0.000166,0.000165,0.000164,0.000163,0.000162,0.000172,0.000173,0.000174,0.000175,0.000176,0.000177,0.000178,0.000179,0.00018,0.000181,45190178,102265019,87991383,14157941,12993782,11439760,11316158,9761234,8751869,4095132,1461896,70526118,46792996,35779333,12507604,13822190,16519369,21650864,22078060,7812474
81,0.000171,0.00017,0.000169,0.000168,0.000167,0.000166,0.000165,0.000164,0.000163,0.000162,0.000172,0.000173,0.000174,0.000175,0.000176,0.000177,0.000178,0.000179,0.00018,0.000181,48024968,100064960,87991383,14157941,12993782,11439760,11316158,9761234,8751869,4095132,1461896,70526118,46792996,35779333,12507604,13822190,16519369,21650864,22078060,7812474
82,0.000171,0.00017,0.000169,0.000168,0.000167,0.000166,0.000165,0.000164,0.000163,0.000162,0.000172,0.000173,0.000174,0.000175,0.000176,0.000177,0.000178,0.000179,0.00018,0.000181,48024968,100065101,85356443,16808565,12993782,11439760,11316158,9761234,8751869,4095132,1461896,70526675,46792996,35779333,12507604,13822190,16519369,21650864,22078060,7812474
83,0.000171,0.00017,0.000169,0.000168,0.000167,0.000166,0.000165,0.000164,0.000163,0.000162,0.000172,0.000173,0.000174,0.000175,0.000176,0.000177,0.000178,0.000179,0.00018,0.000181,48024968,102684247,85356443,14157941,12993782,11439760,11316158,9761234,8751869,4095132,1461896,70526676,46792996,35779333,12507604,13822190,16519369,21650864,22078060,7812474
84,0.000171,0.00017,0.000169,0.000168,0.000167,0.000166,0.000165,0.000164,0.000163,0.000162,0.000172,0.000173,0.000174,0.000175,0.000176,0.000177,0.000178,0.000179,0.00018,0.000181,37486018,112651099,85512934,19291164,12993782,11439760,11316158,9761234,8751869,4095132,1432827,70526676,46792996,35779333,12507604,19562391,19345347,20875628,14287117,7812474
85,0.000171,0.00017,0.000169,0.000168,0.000167,0.000166,0.000165,0.000164,0.000163,0.000162,0.000172,0.000173,0.000174,0.000175,0.000176,0.000177,0.000178,0.000179,0.00018,0.000181,37443056,110607442,85356443,19291164,12993782,11439760,11316158,9761234,8751869,4095132,1432827,70526676,46792996,35779333,12507604,19562391,19345347,20875628,14287117,7812474
86,0.000171,0.00017,0.000169,0.000168,0.000167,0.000166,0.000165,0.000164,0.000163,0.000162,0.000172,0.000173,0.000174,0.000175,0.000176,0.000177,0.000178,0.000179,0.00018,0.000181,38667705,111572516,88064638,16640540,12993782,11439760,11316158,9761234,8751869,4095132,1432827,70526676,46792996,33234734,15037745,19562391,19345347,20875628,14287117,7812474
87,0.000171,0.00017,0.000169,0.000168,0.000167,0.000166,0.000165,0.000164,0.000163,0.000162,0.000172,0.000173,0.000174,0.000175,0.000176,0.000177,0.000178,0.000179,0.00018,0.000181,38667705,111571854,88064638,16640540,12993782,11439760,11316158,9761234,8751869,4095132,1432827,70526799,46792996,33234734,15037745,17865443,21042295,20875628,14287117,7812474
88,0.000171,0.00017,0.000169,0.000168,0.000167,0.000166,0.000165,0.000164,0.000163,0.000162,0.000172,0.000173,0.000174,0.000175,0.000176,0.000177,0.000178,0.000179,0.00018,0.000181,38667807,109374267,88064638,16640540,12993782,11439760,11316158,9761234,8751869,4095132,1432827,70526449,46792996,33234734,15037745,17865443,21042295,20875628,14287117,7812474
89,0.000171,0.00017,0.000169,0.000168,0.000167,0.000166,0.000165,0.000164,0.000163,0.000162,0.000172,0.000173,0.000174,0.000175,0.000176,0.000177,0.000178,0.000179,0.00018,0.000181,38667807,111572014,88064638,16640540,12993782,11439760,11316158,9761234,8751869,4095132,1432827,70526449,46792996,33234734,15037745,17865443,21042295,20875628,14287117,7812474
90,0.000171,0.00017,0.000169,0.000168,0.000167,0.000166,0.000165,0.000164,0.000163,0.000162,0.000172,0.000173,0.000174,0.000175,0.000176,0.000177,0.000178,0.000179,0.00018,0.000181,37443056,110606251,87991383,16640540,12993782,11439760,11316158,9761234,8751869,4095132,1432827,70526449,46792996,35779333,12507604,19562391,19345347,20875628,14287117,7812474
91,0.000171,0.00017,0.000169,0.000168,0.000167,0.000166,0.000165,0.000164,0.000163,0.000162,0.000172,0.000173,0.000174,0.000175,0.000176,0.000177,0.000178,0.000179,0.00018,0.000181,40652412,101296070,87991383,16640540,12993782,11439760,11316158,9761234,8751869,4095132,1258409,70526214,46792996,35779333,12507604,13822190,16519369,21650864,22078060,7812474
92,0.000171,0.00017,0.000169,0.000168,0.000167,0.000166,0.000165,0.000164,0.000163,0.000162,0.000172,0.000173,0.000174,0.000175,0.000176,0.000177,0.000178,0.000179,0.00018,0.000181,38632921,111571650,87991383,16640540,12993782,11439760,11316158,9761234,8751869,4095132,1258409,70526214,46792996,35779333,12507604,19562391,19345347,20875628,14287117,7812474
93,0.000171,0.00017,0.000169,0.000168,0.000167,0.000166,0.000165,0.000164,0.000163,0.000162,0.000172,0.000173,0.000174,0.000175,0.000176,0.000177,0.000178,0.000179,0.00018,0.000181,37408170,110451114,82347892,24592412,12993782,11439760,11316158,9761234,8751869,4095132,1258409,70526214,46792996,35779333,12507604,19562391,19345347,20875628,14287117,7812474
94,0.000171,0.00017,0.000169,0.000168,0.000167,0.000166,0.000165,0.000164,0.000163,0.000162,0.000172,0.000173,0.000174,0.000175,0.000176,0.000177,0.000178,0.000179,0.00018,0.000181,36489669,111369615,87617772,19291164,12993782,11439760,11316158,9761234,8751869,4095132,1258409,68107151,46792996,35779333,12507604,19562391,19345347,20875628,14287117,7812474
95,0.000171,0.00017,0.000169,0.000168,0.000167,0.000166,0.000165,0.000164,0.000163,0.000162,0.000172,0.000173,0.000174,0.000175,0.000176,0.000177,0.000178,0.000179,0.00018,0.000181,37408170,110451114,87617772,19291164,12993782,11439760,11316158,9761234,8751869,4095132,1258409,68106901,46792996,35779333,12507604,19562391,19345347,20875628,14287117,7812474
96,0.000171,0.00017,0.000169,0.000168,0.000167,0.000166,0.000165,0.000164,0.000163,0.000162,0.000172,0.000173,0.000174,0.000175,0.000176,0.000177,0.000178,0.000179,0.00018,0.000181,37017263,110450449,87617772,19291164,12993782,11439760,11316158,9761234,8751869,4095132,1258409,68106901,46792996,35779333,12507604,19562391,19345347,20875628,14287117,7812474
97,0.000171,0.00017,0.000169,0.000168,0.000167,0.000166,0.000165,0.000164,0.000163,0.000162,0.000172,0.000173,0.000174,0.000175,0.000176,0.000177,0.000178,0.000179,0.00018,0.000181,36981362,118308769,79712952,19291164,12993782,11439760,11316158,9761234,8751869,4095132,1258409,68106901,46792996,33234734,15037745,19562391,19345347,20875628,14287117,7812474
98,0.000171,0.00017,0.000169,0.000168,0.000167,0.000166,0.000165,0.000164,0.000163,0.000162,0.000172,0.000173,0.000174,0.000175,0.000176,0.000177,0.000178,0.000179,0.00018,0.000181,36981362,118308769,79712952,19291164,12993782,11439760,11316158,9761234,8751869,4095132,1258409,68106551,46792996,33234734,15037745,19562391,19345347,20875628,14287117,7812474
99,0.000171,0.00017,0.000169,0.000168,0.000167,0.000166,0.000165,0.000164,0.000163,0.000162,0.000172,0.000173,0.000174,0.000175,0.000176,0.000177,0.000178,0.000179,0.00018,0.000181,36981362,120503971,80243054,16640540,12993782,11439760,11316158,9761234,8751869,4095132,1258409,68191038,46792996,33234734,15037745,19562391,19345347,20875628,14287117,7812474
100,0.000171,0.00017,0.000169,0.000168,0.000167,0.000166,0.000165,0.000164,0.000163,0.000162,0.000172,0.000173,0.000174,0.000175,0.000176,0.000177,0.000178,0.000179,0.00018,0.000181,36981362,120659284,80086563,16640540,12993782,11439760,11316158,9761234,8751869,4095132,1258409,68106886,46792996,33234734,15037745,19562391,19345347,20875628,14287117,7812474
101,0.000171,0.00017,0.000169,0.000168,0.000167,0.000166,0.000165,0.000164,0.000163,0.000162,0.000172,0.000173,0.000174,0.000175,0.000176,0.000177,0.000178,0.000179,0.00018,0.000181,36981362,117884055,82877994,16640540,12993782,11439760,11316158,9761234,8751869,4095132,1258409,68106887,46792996,33234734,15037745,19562391,19345347,20875628,14287117,7812474
102,0.000171,0.00017,0.000169,0.000168,0.000167,0.000166,0.000165,0.000164,0.000163,0.000162,0.000172,0.000173,0.000174,0.000175,0.000176,0.000177,0.000178,0.000179,0.00018,0.000181,36981362,115844899,82721503,16640540,12993782,11439760,11316158,9761234,8751869,4095132,1258409,68106887,46792996,33234734,15037745,19562391,19345347,20875628,14287117,7812474
103,0.000171,0.00017,0.000169,0.000168,0.000167,0.000166,0.000165,0.000164,0.000163,0.000162,0.000172,0.000173,0.000174,0.000175,0.000176,0.000177,0.000178,0.000179,0.00018,0.000181,36981362,120658066,80086563,16640540,12993782,11439760,11316158,9761234,8751869,4095132,1258409,68106887,46792996,33234734,15037745,19562391,19345347,20875628,14287117,7812474
104,0.000171,0.00017,0.000169,0.000168,0.000167,0.000166,0.000165,0.000164,0.000163,0.000162,0.000172,0.000173,0.000174,0.000175,0.000176,0.000177,0.000178,0.000179,0.00018,0.000181,36981362,129030311,85512934,14157941,12993782,11439760,11316158,9761234,8751869,4095132,1258409,68106887,46792996,33234734,15037745,19562391,19345347,20875628,14287117,7812474
105,0.000171,0.00017,0.000169,0.000168,0.000167,0.000166,0.000165,0.000164,0.000163,0.000162,0.000172,0.000173,0.000174,0.000175,0.000176,0.000177,0.000178,0.000179,0.00018,0.000181,38425646,123869406,85356443,17211809,12993782,11439760,11316158,9761234,8751869,4095132,1200271,68106884,46792996,33234734,15037745,13822190,16519369,21650864,22078060,7812474
106,0.000171,0.00017,0.000169,0.000168,0.000167,0.000166,0.000165,0.000164,0.000163,0.000162,0.000172,0.000173,0.000174,0.000175,0.000176,0.000177,0.000178,0.000179,0.00018,0.000181,41415886,125063210,80086563,17211809,12993782,11439760,11316158,9761234,8751869,4095132,1171369,68106884,46792996,33234734,15037745,13822190,16519369,21650864,22078060,7812474
107,0.000171,0.00017,0.000169,0.000168,0.000167,0.000166,0.000165,0.000164,0.000163,0.000162,0.000172,0.000173,0.000174,0.000175,0.000176,0.000177,0.000178,0.000179,0.00018,0.000181,41415886,123881787,80086563,17211809,12993782,11439760,11316158,9761234,8751869,4095132,1171369,68106867,46792996,33234734,15037745,13822190,16519369,21650864,22078060,7812474
108,0.000171,0.00017,0.000169,0.000168,0.000167,0.000166,0.000165,0.000164,0.000163,0.000162,0.000172,0.000173,0.000174,0.000175,0.000176,0.000177,0.000178,0.000179,0.00018,0.000181,41327802,122869571,80086563,17211809,12993782,11439760,11316158,9761234,8751869,4095132,1171369,68106867,46792996,33234734,15037745,13822190,16519369,21650864,22078060,7812474
109,0.000171,0.00017,0.000169,0.000168,0.000167,0.000166,0.000165,0.000164,0.000163,0.000162,0.000172,0.000173,0.000174,0.000175,0.000176,0.000177,0.000178,0.000179,0.00018,0.000181,41415323,123881640,80086563,17211809,12993782,11439760,11316158,9761234,8751869,4095132,1142300,68106867,46792996,33234734,15037745,13822190,16519369,21650864,22078060,7812474
110,0.000171,0.00017,0.000169,0.000168,0.000167,0.000166,0.000165,0.000164,0.000163,0.000162,0.000172,0.000173,0.000174,0.000175,0.000176,0.000177,0.000178,0.000179,0.00018,0.000181,44626912,123882082,80086563,17211809,12993782,11439760,11316158,9761234,8751869,4095132,1142300,67985826,46792996,33234734,15037745,13822190,16519369,21650864,22078060,7812474
111,0.000171,0.00017,0.000169,0.000168,0.000167,0.000166,0.000165,0.000164,0.000163,0.000162,0.000172,0.000173,0.000174,0.000175,0.000176,0.000177,0.000178,0.000179,0.00018,0.000181,41554857,122918628,80086563,17211809,12993782,11439760,11316158,9761234,8751869,4095132,1142300,68106884,46792996,33234734,15037745,13822190,16519369,21650864,22078060,7812474
112,0.000171,0.00017,0.000169,0.000168,0.000167,0.000166,0.000165,0.000164,0.000163,0.000162,0.000172,0.000173,0.000174,0.000175,0.000176,0.000177,0.000178,0.000179,0.00018,0.000181,41348096,105297771,76412178,14237985,12993782,11439760,11316158,9761234,8751869,4095132,624514,56704926,42661379,33234734,15037745,13822190,16519369,21650864,22078060,7812474
113,0.000171,0.00017,0.000169,0.000168,0.000167,0.000166,0.000165,0.000164,0.000163,0.000162,0.000172,0.000173,0.000174,0.000175,0.000176,0.000177,0.000178,0.000179,0.00018,0.000181,47928913,101874788,76412178,14237985,12993782,11439760,11316158,9761234,8751869,4095132,479169,56704926,42409699,33486414,15037745,12125242,18216317,21650864,16656473,7812474
114,0.000171,0.00017,0.000169,0.000168,0.000167,0.000166,0.000165,0.000164,0.000163,0.000162,0.000172,0.000173,0.000174,0.000175,0.000176,0.000177,0.000178,0.000179,0.00018,0.000181,51082422,104063818,76412178,14237985,12993782,11439760,11316158,9761234,8751869,4095132,450100,56704576,42409699,33486414,15037745,13822190,16519369,21650864,22078060,7812474
115,0.000171,0.00017,0.000169,0.000168,0.000167,0.000166,0.000165,0.000164,0.000163,0.000162,0.000172,0.000173,0.000174,0.000175,0.000176,0.000177,0.000178,0.000179,0.00018,0.000181,51183982,94918118,73777238,14237985,12993782,11439760,11316158,9761234,8751869,4095132,450100,55418327,43695948,33486414,12507604,16338036,16519369,18697218,25031706,7812474
116,0.000171,0.00017,0.000169,0.000168,0.000167,0.000166,0.000165,0.000164,0.000163,0.000162,0.000172,0.000173,0.000174,0.000175,0.000176,0.000177,0.000178,0.000179,0.00018,0.000181,59228023,87706105,73777238,14237985,12993782,11439760,11316158,9761234,8751869,4095132,450100,55418327,43695948,33486414,12507604,14641088,18216317,18697218,25031706,7812474
117,0.000171,0.00017,0.000169,0.000168,0.000167,0.000166,0.000165,0.000164,0.000163,0.000162,0.000172,0.000173,0.000174,0.000175,0.000176,0.000177,0.000178,0.000179,0.00018,0.000181,56629712,104176343,73777238,10279297,12993782,11439760,11316158,9761234,8751869,4095132,450100,55418327,43695948,33486414,12507604,14641088,18216317,18697218,25031706,7812474
118,0.000171,0.00017,0.000169,0.000168,0.000167,0.000166,0.000165,0.000164,0.000163,0.000162,0.000172,0.000173,0.000174,0.000175,0.000176,0.000177,0.000178,0.000179,0.00018,0.000181,53669771,110862427,77471984,16637640,12993782,11439760,11316158,9761234,8751869,4095132,100589,45925380,44115925,33423162,15037745,12125242,18216317,18697218,25031706,7812474
119,0.000171,0.00017,0.000169,0.000168,0.000167,0.000166,0.000165,0.000164,0.000163,0.000162,0.000172,0.000173,0.000174,0.000175,0.000176,0.000177,0.000178,0.000179,0.00018,0.000181,53934488,111018093,77471984,16637640,12993782,11439760,11316158,9761234,8751869,4095132,100589,46046746,44115925,33423162,12507604,14641088,18216317,18697218,25031706,7812474
120,0.000172,0.000171,0.00017,0.000169,0.000168,0.000167,0.000166,0.000165,0.000164,0.000163,0.000173,0.000174,0.000175,0.000176,0.000177,0.000178,0.000179,0.00018,0.000181,0.000182,36796546,89835314,112937993,55208809,13554639,12993782,11439760,11316158,9761234,8751869,30703533,53180555,35937247,12507604,16338036,11872462,16964534,25806942,15603417,7709697
121,0.000172,0.000171,0.00017,0.000169,0.000168,0.000167,0.000166,0.000165,0.000164,0.000163,0.000173,0.000174,0.000175,0.000176,0.000177,0.000178,0.000179,0.00018,0.000181,0.000182,47717451,90923229,108289390,55208809,13554639,12993782,11439760,11316158,9761234,8751869,30703533,53180555,35937247,12507604,16338036,11872462,16964534,25806942,15603417,7709697
122,0.000172,0.000171,0.00017,0.000169,0.000168,0.000167,0.000166,0.000165,0.000164,0.000163,0.000173,0.000174,0.000175,0.000176,0.000177,0.000178,0.000179,0.00018,0.000181,0.000182,44744456,90559711,108129218,52573869,13554639,12993782,11439760,11316158,9761234,8751869,30670746,53180555,35937247,12507604,16338036,11872462,16964534,25806942,15603417,7709697
123,0.000172,0.000171,0.00017,0.000169,0.000168,0.000167,0.000166,0.000165,0.000164,0.000163,0.000173,0.000174,0.000175,0.000176,0.000177,0.000178,0.000179,0.00018,0.000181,0.000182,44866549,67477037,88011874,56678524,13554639,12993782,11439760,11316158,9761234,8751869,30670746,44907231,35937247,12507604,16338036,11872462,16964534,25806942,15603417,7709697
124,0.000172,0.000171,0.00017,0.000169,0.000168,0.000167,0.000166,0.000165,0.000164,0.000163,0.000173,0.000174,0.000175,0.000176,0.000177,0.000178,0.000179,0.00018,0.000181,0.000182,43649337,62953519,87839183,56678524,13554639,12993782,11439760,11316158,9761234,8751869,30670746,44907231,35937247,12507604,16338036,11872462,16964534,25806942,15603417,7709697
125,0.000172,0.000171,0.00017,0.000169,0.000168,0.000167,0.000166,0.000165,0.000164,0.000163,0.000173,0.000174,0.000175,0.000176,0.000177,0.000178,0.000179,0.00018,0.000181,0.000182,43648983,68871807,87845940,56678524,13554639,12993782,11439760,11316158,9761234,8751869,30670746,44907231,35937247,12507604,16338036,11872462,16964534,25806942,15603417,7709697
126,0.000172,0.000171,0.00017,0.000169,0.000168,0.000167,0.000166,0.000165,0.000164,0.000163,0.000173,0.000174,0.000175,0.000176,0.000177,0.000178,0.000179,0.00018,0.000181,0.000182,43648995,81069801,70353229,56678524,13554639,12993782,11439760,11316158,9761234,8751869,30670746,44907231,35937247,12507604,16338036,11872462,16964534,25806942,15603417,7709697
127,0.000172,0.000171,0.00017,0.000169,0.000168,0.000167,0.000166,0.000165,0.000164,0.000163,0.000173,0.000174,0.000175,0.000176,0.000177,0.000178,0.000179,0.00018,0.000181,0.000182,43648995,90245582,58691197,56678524,13554639,12993782,11439760,11316158,9761234,8751869,30616808,44907231,35937247,12507604,16338036,11872462,16964534,25806942,15603417,7709697
128,0.000172,0.000171,0.00017,0.000169,0.000168,0.000167,0.000166,0.000165,0.000164,0.000163,0.000173,0.000174,0.000175,0.000176,0.000177,0.000178,0.000179,0.00018,0.000181,0.000182,43331861,84873938,58691197,56678524,13554639,12993782,11439760,11316158,9761234,8751869,30668175,44907231,35937247,15037745,12125242,19309611,19790512,25031706,7812474,7709697
129,0.000172,0.000171,0.00017,0.000169,0.000168,0.000167,0.000166,0.000165,0.000164,0.000163,0.000173,0.000174,0.000175,0.000176,0.000177,0.000178,0.000179,0.00018,0.000181,0.000182,43265443,85663113,58823264,56678524,13554639,12993782,11439760,11316158,9761234,8751869,2035137,44907388,41427137,12507604,14641088,19309611,19790512,25031706,7812474,7709697
130,0.000172,0.000171,0.00017,0.000169,0.000168,0.000167,0.000166,0.000165,0.000164,0.000163,0.000173,0.000174,0.000175,0.000176,0.000177,0.000178,0.000179,0.00018,0.000181,0.000182,43600135,91826507,61147579,54043584,13554639,12993782,11439760,11316158,9761234,8751869,1003351,45730476,41427137,12507604,16338036,11872462,16964534,25806942,15603417,7709697
131,0.000172,0.000171,0.00017,0.000169,0.000168,0.000167,0.000166,0.000165,0.000164,0.000163,0.000173,0.000174,0.000175,0.000176,0.000177,0.000178,0.000179,0.00018,0.000181,0.000182,43381838,93843706,56066128,59313464,13554639,12993782,11439760,11316158,9761234,8751869,2090307,45730476,41427137,15037745,13822190,11872462,15871240,25806942,15603417,7709697
132,0.000172,0.000171,0.00017,0.000169,0.000168,0.000167,0.000166,0.000165,0.000164,0.000163,0.000173,0.000174,0.000175,0.000176,0.000177,0.000178,0.000179,0.00018,0.000181,0.000182,43381838,93706996,56066711,59313464,13554639,12993782,11439760,11316158,9761234,8751869,2090307,45730476,41427137,15037745,13822190,11872462,15871240,25806942,15603417,7709697
133,0.000172,0.000171,0.00017,0.000169,0.000168,0.000167,0.000166,0.000165,0.000164,0.000163,0.000173,0.000174,0.000175,0.000176,0.000177,0.000178,0.000179,0.00018,0.000181,0.000182,43381838,91535554,56066711,59313464,13554639,12993782,11439760,11316158,9761234,8751869,2090307,45730476,41427137,15037745,13822190,11872462,15871240,25806942,15603417,7709697
134,0.000172,0.000171,0.00017,0.000169,0.000168,0.000167,0.000166,0.000165,0.000164,0.000163,0.000173,0.000174,0.000175,0.000176,0.000177,0.000178,0.000179,0.00018,0.000181,0.000182,43127330,94865074,56306395,56678524,16205263,12993782,11439760,11316158,9761234,8751869,2090307,45730476,41427137,15037745,13822190,17612663,18697218,25031706,7812474,7709697
135,0.000172,0.000171,0.00017,0.000169,0.000168,0.000167,0.000166,0.000165,0.000164,0.000163,0.000173,0.000174,0.000175,0.000176,0.000177,0.000178,0.000179,0.00018,0.000181,0.000182,43071860,94865105,56306395,59313464,13554639,12993782,11439760,11316158,9761234,8751869,2090307,45730476,41427137,15037745,13822190,17612663,18697218,25031706,7812474,7709697
136,0.000172,0.000171,0.00017,0.000169,0.000168,0.000167,0.000166,0.000165,0.000164,0.000163,0.000173,0.000174,0.000175,0.000176,0.000177,0.000178,0.000179,0.00018,0.000181,0.000182,43071860,101914526,57343911,56678524,16205263,12993782,11439760,11316158,9761234,8751869,3376556,44444227,41427137,15037745,13822190,17612663,21650864,22078060,7812474,7709697
137,0.000172,0.000171,0.00017,0.000169,0.000168,0.000167,0.000166,0.000165,0.000164,0.000163,0.000173,0.000174,0.000175,0.000176,0.000177,0.000178,0.000179,0.00018,0.000181,0.000182,42233825,101892276,57343911,56678524,16205263,12993782,11439760,11316158,8667940,8751869,2090307,45730476,41427137,15037745,13822190,17612663,22737820,22078060,7812474,7709697
138,0.000172,0.000171,0.00017,0.000169,0.000168,0.000167,0.000166,0.000165,0.000164,0.000163,0.000173,0.000174,0.000175,0.000176,0.000177,0.000178,0.000179,0.00018,0.000181,0.000182,42233825,94865582,56306395,59313464,13554639,12993782,11439760,11316158,8667940,8751869,2090307,45730476,41427137,15037745,13822190,17612663,19784174,25031706,7812474,7709697
139,0.000172,0.000171,0.00017,0.000169,0.000168,0.000167,0.000166,0.000165,0.000164,0.000163,0.000173,0.000174,0.000175,0.000176,0.000177,0.000178,0.000179,0.00018,0.000181,0.000182,42233825,102922878,56306395,59313464,13554639,12993782,11439760,11316158,8667940,8751869,2090307,45730476,41427137,15037745,13822190,17612663,19784174,25031706,7812474,7709697
140,0.000172,0.000171,0.00017,0.000169,0.000168,0.000167,0.000166,0.000165,0.000164,0.000163,0.000173,0.000174,0.000175,0.000176,0.000177,0.000178,0.000179,0.00018,0.000181,0.000182,42521482,102921544,56306395,56678524,16205263,12993782,11439760,11316158,8667940,8751869,6412699,45730476,41427137,15037745,13822190,17612663,19784174,25031706,7812474,7709697
141,0.000172,0.000171,0.00017,0.000169,0.000168,0.000167,0.000166,0.000165,0.000164,0.000163,0.000173,0.000174,0.000175,0.000176,0.000177,0.000178,0.000179,0.00018,0.000181,0.000182,42233825,88147374,56306395,56678524,16205263,12993782,11439760,11316158,8667940,8751869,6412699,45730476,41427137,15037745,13822190,17612663,19784174,25031706,7812474,7709697
142,0.000172,0.000171,0.00017,0.000169,0.000168,0.000167,0.000166,0.000165,0.000164,0.000163,0.000173,0.000174,0.000175,0.000176,0.000177,0.000178,0.000179,0.00018,0.000181,0.000182,42503276,92146111,55950093,56678524,16205263,12993782,11439760,11316158,8667940,8751869,6383798,45730476,41427137,15037745,13822190,11872462,16958196,25806942,15603417,7709697
143,0.000172,0.000171,0.00017,0.000169,0.000168,0.000167,0.000166,0.000165,0.000164,0.000163,0.000173,0.000174,0.000175,0.000176,0.000177,0.000178,0.000179,0.00018,0.000181,0.000182,42544196,98638396,55776159,56678524,16205263,12993782,11439760,11316158,8667940,8751869,6383798,45730476,41427137,15037745,13822190,11872462,16958196,25806942,15603417,7709697
144,0.000173,0.000172,0.000171,0.00017,0.000169,0.000168,0.000167,0.000166,0.000165,0.000164,0.000174,0.000175,0.000176,0.000177,0.000178,0.000179,0.00018,0.000181,0.000182,0.000183,10265642,39585096,95197699,51934798,59070226,15822541,13023723,11409639,11316158,8698428,45504000,36867941,14556942,14641088,11872462,15871240,14287117,24753886,10079053,3100776
145,0.000173,0.000172,0.000171,0.00017,0.000169,0.000168,0.000167,0.000166,0.000165,0.000164,0.000174,0.000175,0.000176,0.000177,0.000178,0.000179,0.00018,0.000181,0.000182,0.000183,10265642,39700369,95007649,54554238,59131550,15822541,13023723,11409639,11316158,8698428,45383555,36988386,14556942,14641088,11872462,15871240,14287117,24753886,10079053,3100776
146,0.000173,0.000172,0.000171,0.00017,0.000169,0.000168,0.000167,0.000166,0.000165,0.000164,0.000174,0.000175,0.000176,0.000177,0.000178,0.000179,0.00018,0.000181,0.000182,0.000183,10265642,39700369,95007722,54554238,59131550,15822541,13023723,11409639,11316158,8698428,41645771,36935975,18149846,14641088,11872462,15871240,14287117,24753886,10079053,3100776
147,0.000173,0.000172,0.000171,0.00017,0.000169,0.000168,0.000167,0.000166,0.000165,0.000164,0.000174,0.000175,0.000176,0.000177,0.000178,0.000179,0.00018,0.000181,0.000182,0.000183,10265642,46380679,80423177,55571679,61766490,12166170,13023723,11409639,11316158,8698428,41645771,36684295,18401526,14641088,11872462,15871240,14287117,24753886,10079053,3100776
148,0.000173,0.000172,0.000171,0.00017,0.000169,0.000168,0.000167,0.000166,0.000165,0.000164,0.000174,0.000175,0.000176,0.000177,0.000178,0.000179,0.00018,0.000181,0.000182,0.000183,10265642,46380760,64662480,55571679,59131550,14816794,13023723,11409639,11316158,8698428,41645771,36684295,20931667,12125242,11872462,15871240,14287117,24753886,10079053,3100776
149,0.000173,0.000172,0.000171,0.00017,0.000169,0.000168,0.000167,0.000166,0.000165,0.000164,0.000174,0.000175,0.000176,0.000177,0.000178,0.000179,0.00018,0.000181,0.000182,0.000183,9909381,46638867,71531090,55571679,59131550,14816794,13023723,11409639,11316158,8698428,41865771,37687466,19234719,13822190,11872462,15871240,25806942,15603417,7709697,3100776
150,0.000173,0.000172,0.000171,0.00017,0.000169,0.000168,0.000167,0.000166,0.000165,0.000164,0.000174,0.000175,0.000176,0.000177,0.000178,0.000179,0.00018,0.000181,0.000182,0.000183,9703823,46638926,54226370,55797834,61766490,14816794,13023723,11409639,11316158,8698428,40579522,37687466,19256649,13822190,11872462,16951931,25806942,15603417,7709697,3100776
151,0.000173,0.000172,0.000171,0.00017,0.000169,0.000168,0.000167,0.000166,0.000165,0.000164,0.000174,0.000175,0.000176,0.000177,0.000178,0.000179,0.00018,0.000181,0.000182,0.000183,9703823,52503045,50905564,55797834,59070226,14816794,13023723,11409639,11316158,8698428,40579522,37687321,19439052,13822190,11872462,16951931,25806942,15603417,7709697,3100776
152,0.000173,0.000172,0.000171,0.00017,0.000169,0.000168,0.000167,0.000166,0.000165,0.000164,0.000174,0.000175,0.000176,0.000177,0.000178,0.000179,0.00018,0.000181,0.000182,0.000183,9703823,52502173,50905420,55571679,56435286,14816794,13023723,11409639,11316158,8698428,40579522,37687177,19439052,13822190,11872462,16951931,25806942,15603417,7709697,3100776
153,0.000174,0.000173,0.000172,0.000171,0.00017,0.000169,0.000168,0.000167,0.000166,0.000165,0.000175,0.000176,0.000177,0.000178,0.000179,0.00018,0.000181,0.000182,0.000183,0.000184,14836182,70748794,75120381,78582534,30646557,32305809,8920590,12993782,11409639,10229202,47242919,20847929,12916028,14374174,16951931,17838036,16378653,13032699,3100776,159840
154,0.000174,0.000173,0.000172,0.000171,0.00017,0.000169,0.000168,0.000167,0.000166,0.000165,0.000175,0.000176,0.000177,0.000178,0.000179,0.00018,0.000181,0.000182,0.000183,0.000184,10187683,47576983,76510741,78751251,33265997,33176822,8920590,12993782,11409639,10229202,47242919,21123828,12916028,14374174,11211730,23578237,16378653,18454286,3100776,159840
155,0.000174,0.000173,0.000172,0.000171,0.00017,0.000169,0.000168,0.000167,0.000166,0.000165,0.000175,0.000176,0.000177,0.000178,0.000179,0.00018,0.000181,0.000182,0.000183,0.000184,10187683,40864529,82155640,78751251,33265997,33176822,8920590,12993782,11409639,10229202,47242919,20125979,12916028,14374174,11211730,23578237,16378653,18454286,3100776,159840
156,0.000174,0.000173,0.000172,0.000171,0.00017,0.000169,0.000168,0.000167,0.000166,0.000165,0.000175,0.000176,0.000177,0.000178,0.000179,0.00018,0.000181,0.000182,0.000183,0.000184,9674058,47767693,76510598,78751251,33265997,33176822,8920590,12993782,11409639,10229202,47309383,21123685,15431874,11872462,16951931,26404215,16187707,10079053,3100776,159840
157,0.000174,0.000173,0.000172,0.000171,0.00017,0.000169,0.000168,0.000167,0.000166,0.000165,0.000175,0.000176,0.000177,0.000178,0.000179,0.00018,0.000181,0.000182,0.000183,0.000184,9674058,47767761,82336295,78751251,38504877,27906942,8920590,12993782,11409639,10229202,48977760,19426880,15431874,11872462,11211730,23578237,16378653,18454286,3100776,159840
158,0.000174,0.000173,0.000172,0.000171,0.00017,0.000169,0.000168,0.000167,0.000166,0.000165,0.000175,0.000176,0.000177,0.000178,0.000179,0.00018,0.000181,0.000182,0.000183,0.000184,9558897,47767831,82335356,78751251,33265997,33176822,8920590,12993782,11409639,10229202,47280812,21123685,15431874,11872462,16951931,26404215,16187707,10079053,3100776,159840
159,0.000174,0.000173,0.000172,0.000171,0.00017,0.000169,0.000168,0.000167,0.000166,0.000165,0.000175,0.000176,0.000177,0.000178,0.000179,0.00018,0.000181,0.000182,0.000183,0.000184,9558897,53591865,75512892,78751251,33265997,33176822,8920590,12993782,11409639,10229202,47280812,20125979,15431874,11872462,16951931,26404215,16187707,10079053,3100776,159840
160,0.000174,0.000173,0.000172,0.000171,0.00017,0.000169,0.000168,0.000167,0.000166,0.000165,0.000175,0.000176,0.000177,0.000178,0.000179,0.00018,0.000181,0.000182,0.000183,0.000184,9558897,53706048,76395468,78751251,33265997,30541882,11571214,12993782,11409639,10229202,47280812,23653969,12916028,11872462,16951931,26404215,18557063,7709697,3100776,159840
161,0.000173,0.000172,0.000171,0.00017,0.000169,0.000168,0.000167,0.000166,0.000165,0.000164,0.000175,0.000176,0.000177,0.000178,0.000179,0.00018,0.000181,0.000182,0.000183,0.000184,58535090,76312550,79376726,35729900,30541882,13271626,12993782,11409639,10229202,8698428,49978479,23336272,12916028,11872462,16951931,26404215,19631561,7709697,3100776,159840
162,0.000173,0.000172,0.000171,0.00017,0.000169,0.000168,0.000167,0.000166,0.000165,0.000164,0.000174,0.000175,0.000176,0.000177,0.000178,0.000179,0.00018,0.000181,0.000182,0.000183,2685078,51539326,93719261,30491020,30541882,18572874,12993782,11409639,10229202,8698428,39822388,45963468,15567921,12664348,11872462,16951931,26404215,18557063,7709697,3100776
163,0.000173,0.000172,0.000171,0.00017,0.000169,0.000168,0.000167,0.000166,0.000165,0.000164,0.000174,0.000175,0.000176,0.000177,0.000178,0.000179,0.00018,0.000181,0.000182,0.000183,2685078,65728150,93719261,30491020,27906942,21223498,12993782,11409639,10229202,8698428,39822388,45963324,15567921,12664348,11872462,16951931,26404215,18557063,7709697,3100776
164,0.000173,0.000172,0.000171,0.00017,0.000169,0.000168,0.000167,0.000166,0.000165,0.000164,0.000174,0.000175,0.000176,0.000177,0.000178,0.000179,0.00018,0.000181,0.000182,0.000183,8893608,59046690,93719261,30491020,25272002,18572874,18326774,11409639,10229202,8698428,39822388,44385849,17144160,12664348,17612663,11211730,34779448,10181830,7709697,3100776
165,0.000173,0.000172,0.000171,0.00017,0.000169,0.000168,0.000167,0.000166,0.000165,0.000164,0.000174,0.000175,0.000176,0.000177,0.000178,0.000179,0.00018,0.000181,0.000182,0.000183,2212064,71580921,94558986,30491020,24784506,18572874,18326774,11409639,10229202,8698428,39822388,44385559,17144160,12664348,17612663,11211730,34779448,10181830,7709697,3100776
166,0.000173,0.000172,0.000171,0.00017,0.000169,0.000168,0.000167,0.000166,0.000165,0.000164,0.000174,0.000175,0.000176,0.000177,0.000178,0.000179,0.00018,0.000181,0.000182,0.000183,2212064,59046652,94225541,30491020,24784506,18572874,18326774,11409639,10229202,8698428,39822388,44385559,17144160,12664348,17612663,11211730,34779448,10181830,7709697,3100776
167,0.000173,0.000172,0.000171,0.00017,0.000169,0.000168,0.000167,0.000166,0.000165,0.000164,0.000174,0.000175,0.000176,0.000177,0.000178,0.000179,0.00018,0.000181,0.000182,0.000183,2212064,64898464,97255690,30491020,24784506,18572874,18326774,11409639,10229202,8698428,37234430,46930158,17144160,12664348,17612663,11211730,34779448,10181830,7709697,3100776
168,0.000173,0.000172,0.000171,0.00017,0.000169,0.000168,0.000167,0.000166,0.000165,0.000164,0.000174,0.000175,0.000176,0.000177,0.000178,0.000179,0.00018,0.000181,0.000182,0.000183,40829010,70626387,83590143,35729900,19131109,18572874,15660278,11409639,10229202,8698428,396560,43838994,25164191,12664348,11872462,16951931,26404215,19637754,7709697,3100776
169,0.000173,0.000172,0.000171,0.00017,0.000169,0.000168,0.000167,0.000166,0.000165,0.000164,0.000174,0.000175,0.000176,0.000177,0.000178,0.000179,0.00018,0.000181,0.000182,0.000183,39809145,64640506,83590143,35729900,25342790,15922250,15660278,11409639,10229202,8698428,1338588,45620676,24912511,12664348,11872462,16951931,34779448,10181830,7709697,3100776
170,0.000173,0.000172,0.000171,0.00017,0.000169,0.000168,0.000167,0.000166,0.000165,0.000164,0.000174,0.000175,0.000176,0.000177,0.000178,0.000179,0.00018,0.000181,0.000182,0.000183,39809145,45589786,97039687,33110460,25342790,18572874,15660278,11409639,10229202,8698428,1916043,45621107,24912511,12916028,11872462,16951931,26404215,18557063,7709697,3100776
171,0.000173,0.000172,0.000171,0.00017,0.000169,0.000168,0.000167,0.000166,0.000165,0.000164,0.000174,0.000175,0.000176,0.000177,0.000178,0.000179,0.00018,0.000181,0.000182,0.000183,39809145,46297450,91190629,33110460,25342790,18572874,15660278,11409639,10229202,8698428,1916043,47318055,23215563,12916028,11872462,16951931,26404215,18557063,7709697,3100776
172,0.000173,0.000172,0.000171,0.00017,0.000169,0.000168,0.000167,0.000166,0.000165,0.000164,0.000174,0.000175,0.000176,0.000177,0.000178,0.000179,0.00018,0.000181,0.000182,0.000183,39809145,47215951,96119784,33110460,25342790,18572874,15660278,11409639,10229202,8698428,1916043,47318055,23215563,12916028,11872462,16951931,26404215,18557063,7709697,3100776
173,0.000173,0.000172,0.000171,0.00017,0.000169,0.000168,0.000167,0.000166,0.000165,0.000164,0.000174,0.000175,0.000176,0.000177,0.000178,0.000179,0.00018,0.000181,0.000182,0.000183,46169307,47325674,96195516,33110460,27977730,15922250,15660278,11409639,10229202,8698428,1887308,47375438,23215563,12916028,11872462,16951931,26404215,18557063,7709697,3100776
174,0.000173,0.000172,0.000171,0.00017,0.000169,0.000168,0.000167,0.000166,0.000165,0.000164,0.000174,0.000175,0.000176,0.000177,0.000178,0.000179,0.00018,0.000181,0.000182,0.000183,46169307,62597973,83666443,35729900,24311764,15922250,15660278,11409639,10229202,8698428,1658146,47255907,23334715,12916028,11872462,16951931,26404215,18557063,7709697,3100776
175,0.000173,0.000172,0.000171,0.00017,0.000169,0.000168,0.000167,0.000166,0.000165,0.000164,0.000174,0.000175,0.000176,0.000177,0.000178,0.000179,0.00018,0.000181,0.000182,0.000183,46169307,63993721,83666443,35729900,24311764,15922250,15660278,11409639,10229202,8698428,1658146,47375014,23215563,12916028,11872462,16951931,26404215,18557063,7709697,3100776
176,0.000173,0.000172,0.000171,0.00017,0.000169,0.000168,0.000167,0.000166,0.000165,0.000164,0.000174,0.000175,0.000176,0.000177,0.000178,0.000179,0.00018,0.000181,0.000182,0.000183,46284913,63995249,83662556,33110460,26946704,15922250,15660278,11409639,10229202,8698428,1658146,47375014,23215563,12916028,11872462,16951931,26404215,18557063,7709697,3100776
177,0.000173,0.000172,0.000171,0.00017,0.000169,0.000168,0.000167,0.000166,0.000165,0.000164,0.000174,0.000175,0.000176,0.000177,0.000178,0.000179,0.00018,0.000181,0.000182,0.000183,45983424,58364373,83662556,35729900,24311764,15922250,15660278,11409639,10229202,8698428,1658146,44677779,24912511,12916028,17612663,11211730,34779448,10181830,7709697,3100776
178,0.000173,0.000172,0.000171,0.00017,0.000169,0.000168,0.000167,0.000166,0.000165,0.000164,0.000174,0.000175,0.000176,0.000177,0.000178,0.000179,0.00018,0.000181,0.000182,0.000183,45983424,94709659,85918016,37040872,24400989,15922250,12993782,11409639,10229202,8698428,1658146,45678066,22382370,15431874,11872462,16951931,34779448,10181830,7709697,3100776
179,0.000173,0.000172,0.000171,0.00017,0.000169,0.000168,0.000167,0.000166,0.000165,0.000164,0.000174,0.000175,0.000176,0.000177,0.000178,0.000179,0.00018,0.000181,0.000182,0.000183,43540785,95895710,85918215,37040872,27035929,13271626,12993782,11409639,10229202,8698428,1435759,44677779,22382370,15431874,11872462,16951931,34779448,11262521,7709697,3100776
180,0.000173,0.000172,0.000171,0.00017,0.000169,0.000168,0.000167,0.000166,0.000165,0.000164,0.000174,0.000175,0.000176,0.000177,0.000178,0.000179,0.00018,0.000181,0.000182,0.000183,43551615,89938720,83662556,37040872,29433113,13271626,12993782,11409639,10229202,8698428,1435759,47375014,20685422,15431874,11872462,16951931,26404215,19637754,7709697,3100776
181,0.000173,0.000172,0.000171,0.00017,0.000169,0.000168,0.000167,0.000166,0.000165,0.000164,0.000174,0.000175,0.000176,0.000177,0.000178,0.000179,0.00018,0.000181,0.000182,0.000183,43365978,95780237,85918215,37040872,29433113,13271626,12993782,11409639,10229202,8698428,1435759,48100560,22382370,15431874,11872462,16951931,34779448,11262521,7709697,3100776
182,0.000173,0.000172,0.000171,0.00017,0.000169,0.000168,0.000167,0.000166,0.000165,0.000164,0.000174,0.000175,0.000176,0.000177,0.000178,0.000179,0.00018,0.000181,0.000182,0.000183,37804745,95782462,84693823,39660312,26798173,13271626,12993782,11409639,10229202,8698428,11582634,45598932,22382370,15431874,11872462,16951931,34779448,11262521,7709697,3100776
183,0.000173,0.000172,0.000171,0.00017,0.000169,0.000168,0.000167,0.000166,0.000165,0.000164,0.000174,0.000175,0.000176,0.000177,0.000178,0.000179,0.00018,0.000181,0.000182,0.000183,38885436,90843482,85891203,37040872,29433113,13271626,12993782,10325824,10229202,8698428,11582634,45598932,22382370,15431874,11872462,16951931,34779448,11262521,7709697,3100776
184,0.000173,0.000172,0.000171,0.00017,0.000169,0.000168,0.000167,0.000166,0.000165,0.000164,0.000174,0.000175,0.000176,0.000177,0.000178,0.000179,0.00018,0.000181,0.000182,0.000183,37866060,96682149,83636120,38349340,26798173,13271626,12993782,10325824,10229202,8698428,11536012,45598932,22382370,15431874,11872462,16951931,26404215,19637754,7709697,3100776
185,0.000173,0.000172,0.000171,0.00017,0.000169,0.000168,0.000167,0.000166,0.000165,0.000164,0.000174,0.000175,0.000176,0.000177,0.000178,0.000179,0.00018,0.000181,0.000182,0.000183,38873942,96680739,83633947,38349340,26798173,13271626,12993782,10325824,10229202,8698428,11536012,45598932,22382370,15431874,11872462,16951931,26404215,19637754,7709697,3100776
186,0.000173,0.000172,0.000171,0.00017,0.000169,0.000168,0.000167,0.000166,0.000165,0.000164,0.000174,0.000175,0.000176,0.000177,0.000178,0.000179,0.00018,0.000181,0.000182,0.000183,38873942,84731373,83633947,38349340,26798173,13271626,12993782,10325824,10229202,8698428,11536012,45598932,22382370,15431874,11872462,16951931,26404215,19637754,7709697,3100776
187,0.000173,0.000172,0.000171,0.00017,0.000169,0.000168,0.000167,0.000166,0.000165,0.000164,0.000174,0.000175,0.000176,0.000177,0.000178,0.000179,0.00018,0.000181,0.000182,0.000183,37854566,92305080,83633947,38349340,26798173,13271626,12993782,10325824,10229202,8698428,11536012,45479825,22502106,15431874,11872462,16951931,26404215,19637754,7709697,3100776
188,0.000173,0.000172,0.000171,0.00017,0.000169,0.000168,0.000167,0.000166,0.000165,0.000164,0.000174,0.000175,0.000176,0.000177,0.000178,0.000179,0.00018,0.000181,0.000182,0.000183,37854566,74850949,83633947,40968780,24163233,13271626,12993782,10325824,10229202,8698428,11536012,45599561,22382370,15431874,11872462,16951931,26404215,19637754,7709697,3100776
189,0.000173,0.000172,0.000171,0.00017,0.000169,0.000168,0.000167,0.000166,0.000165,0.000164,0.000174,0.000175,0.000176,0.000177,0.000178,0.000179,0.00018,0.000181,0.000182,0.000183,38759000,62784027,86194265,40968780,21528293,13271626,12993782,10325824,10229202,8698428,11536012,45599561,22382370,15180194,11872462,16951931,26404215,19637754,7709697,3100776
190,0.000173,0.000172,0.000171,0.00017,0.000169,0.000168,0.000167,0.000166,0.000165,0.000164,0.000174,0.000175,0.000176,0.000177,0.000178,0.000179,0.00018,0.000181,0.000182,0.000183,38759000,92591838,91402509,35729900,21528293,13271626,12993782,10325824,10229202,8698428,2890478,47176773,20937102,15180194,11872462,16951931,26404215,19637754,7709697,3100776
191,0.000173,0.000172,0.000171,0.00017,0.000169,0.000168,0.000167,0.000166,0.000165,0.000164,0.000174,0.000175,0.000176,0.000177,0.000178,0.000179,0.00018,0.000181,0.000182,0.000183,38759000,80074660,91402509,35729900,21528293,13271626,12993782,10325824,10229202,8698428,2890478,47296066,20937102,15180194,11872462,16951931,26404215,19637754,7709697,3100776
192,0.000173,0.000172,0.000171,0.00017,0.000169,0.000168,0.000167,0.000166,0.000165,0.000164,0.000174,0.000175,0.000176,0.000177,0.000178,0.000179,0.00018,0.000181,0.000182,0.000183,38759000,95386783,88798387,38349340,21528293,13271626,12993782,10325824,10229202,8698428,2890478,47296066,20937102,15180194,11872462,16951931,26404215,19637754,7709697,3100776
193,0.000173,0.000172,0.000171,0.00017,0.000169,0.000168,0.000167,0.000166,0.000165,0.000164,0.000174,0.000175,0.000176,0.000177,0.000178,0.000179,0.00018,0.000181,0.000182,0.000183,38759000,89547921,88798387,38349340,21528293,13271626,12993782,10325824,10229202,8698428,2890478,47296066,20937102,15180194,11872462,16951931,26404215,19637754,7709697,3100776
194,0.000173,0.000172,0.000171,0.00017,0.000169,0.000168,0.000167,0.000166,0.000165,0.000164,0.000174,0.000175,0.000176,0.000177,0.000178,0.000179,0.00018,0.000181,0.000182,0.000183,38759000,95466659,94006631,33110460,21528293,13271626,12993782,10325824,10229202,8698428,2890478,47296066,20937102,12664348,14374174,16951931,26404215,19637754,7709697,3100776
195,0.000173,0.000172,0.000171,0.00017,0.000169,0.000168,0.000167,0.000166,0.000165,0.000164,0.000174,0.000175,0.000176,0.000177,0.000178,0.000179,0.00018,0.000181,0.000182,0.000183,39642653,95231965,96261838,33110460,21528293,13271626,12993782,10325824,10229202,8698428,2890478,45599118,22634050,12664348,14374174,16951931,34779448,11262521,7709697,3100776
196,0.000173,0.000172,0.000171,0.00017,0.000169,0.000168,0.000167,0.000166,0.000165,0.000164,0.000175,0.000176,0.000177,0.000178,0.000179,0.00018,0.000181,0.000182,0.000183,0.000184,40157866,85583883,95037898,33110460,21528293,13271626,12993782,11406515,10229202,8698428,45178911,22382370,12664348,11872462,19439667,26404215,19637754,7709697,3100776,159840
197,0.000173,0.000172,0.000171,0.00017,0.000169,0.000168,0.000167,0.000166,0.000165,0.000164,0.000175,0.000176,0.000177,0.000178,0.000179,0.00018,0.000181,0.000182,0.000183,0.000184,33683091,99519661,86038569,36077369,21528293,13271626,12993782,11406515,10229202,8698428,45558753,22501670,12746997,14374174,16951931,26404215,19637754,7709697,3100776,159840
198,0.000173,0.000172,0.000171,0.00017,0.000169,0.000168,0.000167,0.000166,0.000165,0.000164,0.000175,0.000176,0.000177,0.000178,0.000179,0.00018,0.000181,0.000182,0.000183,0.000184,32029303,92023539,90976787,33457929,21528293,13271626,12993782,11406515,10229202,8698428,45792686,21914222,13070798,11872462,19439667,34779448,11262521,7709697,3100776,159840
