timestamp,bid_price_0,bid_price_1,bid_price_2,bid_price_3,bid_price_4,bid_price_5,bid_price_6,bid_price_7,bid_price_8,bid_price_9,ask_price_0,ask_price_1,ask_price_2,ask_price_3,ask_price_4,ask_price_5,ask_price_6,ask_price_7,ask_price_8,ask_price_9,bid_size_0,bid_size_1,bid_size_2,bid_size_3,bid_size_4,bid_size_5,bid_size_6,bid_size_7,bid_size_8,bid_size_9,ask_size_0,ask_size_1,ask_size_2,ask_size_3,ask_size_4,ask_size_5,ask_size_6,ask_size_7,ask_size_8,ask_size_9
0,0.000172,0.000171,0.00017,0.000169,0.000168,0.000167,0.000166,0.000165,0.000164,0.000163,0.000173,0.000174,0.000175,0.000176,0.000177,0.000178,0.000179,0.00018,0.000181,0.000182,31511581,64507291,100788413,25776863,12049706,13023723,9036439,8880852,9075414,768403,2375690,63621596,52637646,17505527,16440830,21061284,21462542,17240763,15603417,7709697
1,0.000172,0.000171,0.00017,0.000169,0.000168,0.000167,0.000166,0.000165,0.000164,0.000163,0.000173,0.000174,0.000175,0.000176,0.000177,0.000178,0.000179,0.00018,0.000181,0.000182,31274486,67208414,100788413,25776863,12079621,13023723,9036439,8880852,9075414,768403,2375982,67442413,49835523,17505527,16440830,21061284,21462542,17240763,15603417,7709697
2,0.000172,0.000171,0.00017,0.000169,0.000168,0.000167,0.000166,0.000165,0.000164,0.000163,0.000173,0.000174,0.000175,0.000176,0.000177,0.000178,0.000179,0.00018,0.000181,0.000182,237095,65863595,103472697,31104087,12452017,12993782,11439760,8850548,10162370,9315412,84776208,58734958,43035654,15445219,12532716,13939928,16939616,25806942,15603417,7709697
3,0.000172,0.000171,0.00017,0.000169,0.000168,0.000167,0.000166,0.000165,0.000164,0.000163,0.000173,0.000174,0.000175,0.000176,0.000177,0.000178,0.000179,0.00018,0.000181,0.000182,1455141,65815041,100716358,36373967,12049706,12993782,11439760,8850548,9075414,9315412,98258278,43054539,45580253,12915078,12532716,13939928,16939616,25806942,15603417,7709697
4,0.000172,0.000171,0.00017,0.000169,0.000168,0.000167,0.000166,0.000165,0.000164,0.000163,0.000173,0.000174,0.000175,0.000176,0.000177,0.000178,0.000179,0.00018,0.000181,0.000182,506723,66053560,100716358,35783286,12049706,12993782,11439760,8850548,9075414,9315412,98316706,47008100,41568621,12915078,12532716,17983181,21462542,17240763,15603417,7709697
5,0.000172,0.000171,0.00017,0.000169,0.000168,0.000167,0.000166,0.000165,0.000164,0.000163,0.000173,0.000174,0.000175,0.000176,0.000177,0.000178,0.000179,0.00018,0.000181,0.000182,347437,66185417,103239349,33221178,12049706,12993782,11439760,8850548,9075414,9315412,98224448,48027375,40549346,12915078,12532716,17983181,21462542,22662350,10181830,7709697
6,0.000171,0.00017,0.000169,0.000168,0.000167,0.000166,0.000165,0.000164,0.000163,0.000162,0.000172,0.000173,0.000174,0.000175,0.000176,0.000177,0.000178,0.000179,0.00018,0.000181,18808950,105980640,37772237,15937383,12993782,13888820,8856813,9075414,9315412,4095132,9987571,71213660,44980632,39414670,12915078,12532716,26549360,14781633,22078060,7812474
7,0.000171,0.00017,0.000169,0.000168,0.000167,0.000166,0.000165,0.000164,0.000163,0.000162,0.000172,0.000173,0.000174,0.000175,0.000176,0.000177,0.000178,0.000179,0.00018,0.000181,19211658,107193365,37611415,17098156,12993782,13888820,8856813,10168708,9315412,4095132,9801547,71214235,44980632,39414670,12915078,12532716,26549360,14781633,22078060,7812474
8,0.000171,0.00017,0.000169,0.000168,0.000167,0.000166,0.000165,0.000164,0.000163,0.000162,0.000172,0.000173,0.000174,0.000175,0.000176,0.000177,0.000178,0.000179,0.00018,0.000181,19372757,107146498,38178101,17170988,15982558,13888820,8856813,10168708,9315412,4095132,33829232,71214235,42557003,33637713,12915078,12532716,17983181,20394166,17240763,15603417
9,0.000171,0.00017,0.000169,0.000168,0.000167,0.000166,0.000165,0.000164,0.000163,0.000162,0.000172,0.000173,0.000174,0.000175,0.000176,0.000177,0.000178,0.000179,0.00018,0.000181,19372757,104928677,35543161,19821612,15982558,13888820,8856813,10168708,9315412,4095132,33829232,71090482,42557003,33637713,12915078,12532716,17983181,20394166,17240763,15603417
10,0.000171,0.00017,0.000169,0.000168,0.000167,0.000166,0.000165,0.000164,0.000163,0.000162,0.000172,0.000173,0.000174,0.000175,0.000176,0.000177,0.000178,0.000179,0.00018,0.000181,18454256,108064639,31898706,25122860,13024117,13888820,8856813,10168708,9315412,4095132,33829232,71214592,42557003,33637713,12915078,12532716,17983181,20394166,22662350,10181830
11,0.000171,0.00017,0.000169,0.000168,0.000167,0.000166,0.000165,0.000164,0.000163,0.000162,0.000172,0.000173,0.000174,0.000175,0.000176,0.000177,0.000178,0.000179,0.00018,0.000181,18051548,86386331,61456330,25122860,13023866,13888820,8856813,10168708,9159343,4095132,33428865,71214694,42557003,33637713,12915078,12532716,17983181,20394166,22662350,10181830
12,0.000171,0.00017,0.000169,0.000168,0.000167,0.000166,0.000165,0.000164,0.000163,0.000162,0.000172,0.000173,0.000174,0.000175,0.000176,0.000177,0.000178,0.000179,0.00018,0.000181,21039231,84169391,60865649,25126995,13024558,13888820,8856813,10168708,9159343,4095132,33428865,71214693,42557003,33637713,12915078,12532716,17983181,20394166,22662350,10181830
13,0.000171,0.00017,0.000169,0.000168,0.000167,0.000166,0.000165,0.000164,0.000163,0.000162,0.000172,0.000173,0.000174,0.000175,0.000176,0.000177,0.000178,0.000179,0.00018,0.000181,21039231,84169540,60865649,25126995,15982558,13888820,8856813,10168708,9159343,4095132,33494655,71090482,42557003,33637713,12915078,12532716,17983181,20394166,22662350,10181830
14,0.000171,0.00017,0.000169,0.000168,0.000167,0.000166,0.000165,0.000164,0.000163,0.000162,0.000172,0.000173,0.000174,0.000175,0.000176,0.000177,0.000178,0.000179,0.00018,0.000181,21068475,84168947,60863650,25126995,12993782,13888820,8856813,10168708,9159343,4095132,33494655,71090482,42557003,33637713,12915078,12532716,19680129,18697218,25031706,7812474
15,0.000171,0.00017,0.000169,0.000168,0.000167,0.000166,0.000165,0.000164,0.000163,0.000162,0.000172,0.000173,0.000174,0.000175,0.000176,0.000177,0.000178,0.000179,0.00018,0.000181,4860115,89572395,62454412,25050028,12993782,13888820,11316158,10168708,9159343,4095132,35238841,71214693,42557003,33637713,12915078,12532716,19680129,18697218,25031706,7812474
16,0.000171,0.00017,0.000169,0.000168,0.000167,0.000166,0.000165,0.000164,0.000163,0.000162,0.000172,0.000173,0.000174,0.000175,0.000176,0.000177,0.000178,0.000179,0.00018,0.000181,287141,87237337,60264818,27700652,12993782,13888820,11316158,10168708,9159343,4095132,33553083,74276966,42450773,31093114,12915078,12532716,26549360,15874927,22078060,7812474
17,0.000171,0.00017,0.000169,0.000168,0.000167,0.000166,0.000165,0.000164,0.000163,0.000162,0.000172,0.000173,0.000174,0.000175,0.000176,0.000177,0.000178,0.000179,0.00018,0.000181,7522811,86843229,57463256,27700652,15660278,13888820,11316158,9075414,9159343,4095132,33411970,76700848,38812345,32351464,12915078,12532716,19680129,19790512,25031706,7812474
18,0.000171,0.00017,0.000169,0.000168,0.000167,0.000166,0.000165,0.000164,0.000163,0.000162,0.000172,0.000173,0.000174,0.000175,0.000176,0.000177,0.000178,0.000179,0.00018,0.000181,7522811,84621431,62242282,27700652,12993782,13888820,11316158,9075414,9159343,4095132,33411970,74472064,41041129,32351464,12915078,12532716,19680129,19790512,25031706,7812474
19,0.000171,0.00017,0.000169,0.000168,0.000167,0.000166,0.000165,0.000164,0.000163,0.000162,0.000172,0.000173,0.000174,0.000175,0.000176,0.000177,0.000178,0.000179,0.00018,0.000181,4312483,90070337,62242282,27700652,12993782,13888820,11316158,9075414,9159343,4095132,33411970,74471928,41041129,32351464,12915078,12532716,19680129,19790512,25031706,7812474
20,0.000171,0.00017,0.000169,0.000168,0.000167,0.000166,0.000165,0.000164,0.000163,0.000162,0.000172,0.000173,0.000174,0.000175,0.000176,0.000177,0.000178,0.000179,0.00018,0.000181,7522820,84621431,62242282,27700652,12993782,13888820,11316158,9075414,9159343,4095132,33411970,74335258,41177799,32351464,12915078,12532716,19680129,19790512,25031706,7812474
21,0.000171,0.00017,0.000169,0.000168,0.000167,0.000166,0.000165,0.000164,0.000163,0.000162,0.000172,0.000173,0.000174,0.000175,0.000176,0.000177,0.000178,0.000179,0.00018,0.000181,7677482,84465562,67512162,22399404,12993782,13888820,11316158,9075414,9159343,4095132,34910565,72610759,39993379,33637713,12915078,12532716,19680129,19790512,25031706,7812474
22,0.000171,0.00017,0.000169,0.000168,0.000167,0.000166,0.000165,0.000164,0.000163,0.000162,0.000172,0.000173,0.000174,0.000175,0.000176,0.000177,0.000178,0.000179,0.00018,0.000181,8595996,85766114,68003016,19748780,12993782,13888820,11316158,9075414,9159343,4095132,34765217,72734121,39993379,33637713,12915078,12532716,19680129,19790512,25031706,7812474
23,0.000171,0.00017,0.000169,0.000168,0.000167,0.000166,0.000165,0.000164,0.000163,0.000162,0.000172,0.000173,0.000174,0.000175,0.000176,0.000177,0.000178,0.000179,0.00018,0.000181,8595857,85765593,70637956,17098156,12993782,13888820,11316158,9075414,9159343,4095132,34765217,72734121,39993379,33637713,12915078,12532716,19680129,19790512,22662350,10181830
24,0.000171,0.00017,0.000169,0.000168,0.000167,0.000166,0.000165,0.000164,0.000163,0.000162,0.000172,0.000173,0.000174,0.000175,0.000176,0.000177,0.000178,0.000179,0.00018,0.000181,8595857,83546617,70637956,17098156,12993782,13888820,11316158,9075414,9159343,4095132,34765217,72610759,39993379,33637713,12915078,12532716,17983181,21487460,22662350,10181830
25,0.000171,0.00017,0.000169,0.000168,0.000167,0.000166,0.000165,0.000164,0.000163,0.000162,0.000172,0.000173,0.000174,0.000175,0.000176,0.000177,0.000178,0.000179,0.00018,0.000181,8595860,85764749,70637956,17098156,12993782,13888820,11316158,9075414,9159343,4095132,34765217,72734121,39993379,33637713,12915078,12532716,17983181,21487460,17240763,15603417
26,0.000171,0.00017,0.000169,0.000168,0.000167,0.000166,0.000165,0.000164,0.000163,0.000162,0.000172,0.000173,0.000174,0.000175,0.000176,0.000177,0.000178,0.000179,0.00018,0.000181,21436191,87491688,68915097,17098156,12993782,13888820,11316158,9075414,9159343,4095132,34765217,73948674,39993379,33637713,12915078,12532716,26549360,15874927,22078060,7812474
27,0.000171,0.00017,0.000169,0.000168,0.000167,0.000166,0.000165,0.000164,0.000163,0.000162,0.000172,0.000173,0.000174,0.000175,0.000176,0.000177,0.000178,0.000179,0.00018,0.000181,1874801,91031052,68247575,17098156,12993782,13888820,10229202,9075414,9159343,4095132,34765217,73825757,39993379,33637713,12915078,12532716,26549360,15874927,22078060,7812474
28,0.000171,0.00017,0.000169,0.000168,0.000167,0.000166,0.000165,0.000164,0.000163,0.000162,0.000172,0.000173,0.000174,0.000175,0.000176,0.000177,0.000178,0.000179,0.00018,0.000181,2793302,70199387,92956029,17098156,12993782,13888820,10229202,9075414,9159343,4095132,34765217,73825757,39993379,33637713,12915078,12532716,26549360,15874927,22078060,7812474
29,0.000171,0.00017,0.000169,0.000168,0.000167,0.000166,0.000165,0.000164,0.000163,0.000162,0.000172,0.000173,0.000174,0.000175,0.000176,0.000177,0.000178,0.000179,0.00018,0.000181,2793302,75034514,90321089,17098156,12993782,13888820,10229202,9075414,9159343,4095132,34823645,73767329,39993379,33637713,12915078,12532716,26549360,15874927,22078060,7812474
30,0.000171,0.00017,0.000169,0.000168,0.000167,0.000166,0.000165,0.000164,0.000163,0.000162,0.000172,0.000173,0.000174,0.000175,0.000176,0.000177,0.000178,0.000179,0.00018,0.000181,2793348,103728023,88695664,13939278,12993782,13888820,10229202,9075414,9159343,4095132,34765217,73947969,39993379,33637713,12915078,12532716,26549360,14177979,23775008,7812474
31,0.000171,0.00017,0.000169,0.000168,0.000167,0.000166,0.000165,0.000164,0.000163,0.000162,0.000172,0.000173,0.000174,0.000175,0.000176,0.000177,0.000178,0.000179,0.00018,0.000181,2841293,109786981,85583650,13930245,12993782,13888820,10229202,9075414,9159343,4095132,34765217,73713853,39993379,33637713,12915078,12532716,26549360,14177979,23775008,7812474
32,0.000171,0.00017,0.000169,0.000168,0.000167,0.000166,0.000165,0.000164,0.000163,0.000162,0.000172,0.000173,0.000174,0.000175,0.000176,0.000177,0.000178,0.000179,0.00018,0.000181,11388302,86968648,79948307,13111242,12993782,13888820,10229202,9075414,9159343,4095132,34765217,65834637,39993379,33637713,12915078,12532716,26549360,14177979,23775008,7812474
