timestamp,bid_price_0,bid_price_1,bid_price_2,bid_price_3,bid_price_4,bid_price_5,bid_price_6,bid_price_7,bid_price_8,bid_price_9,ask_price_0,ask_price_1,ask_price_2,ask_price_3,ask_price_4,ask_price_5,ask_price_6,ask_price_7,ask_price_8,ask_price_9,bid_size_0,bid_size_1,bid_size_2,bid_size_3,bid_size_4,bid_size_5,bid_size_6,bid_size_7,bid_size_8,bid_size_9,ask_size_0,ask_size_1,ask_size_2,ask_size_3,ask_size_4,ask_size_5,ask_size_6,ask_size_7,ask_size_8,ask_size_9
0,0.001066,0.001065,0.001064,0.001063,0.001062,0.001061,0.00106,0.001059,0.001058,0.001057,0.001067,0.001068,0.001069,0.00107,0.001071,0.001072,0.001073,0.001074,0.001075,0.001076,202324,1534712,2601797,1926075,2338572,1107122,1072768,291010,653513,101250,101250,1307370,786834,1397985,522420,839129,255941,1372537,189595,645468
1,0.001065,0.001064,0.001063,0.001062,0.001061,0.00106,0.001059,0.001058,0.001057,0.001056,0.001066,0.001067,0.001068,0.001069,0.00107,0.001071,0.001072,0.001073,0.001074,0.001075,179140,1820932,2427105,1457079,1621270,1267264,1089184,653513,101250,314447,2248217,678881,856361,837954,967125,522420,1454790,101250,757021,189595
2,0.001064,0.001063,0.001062,0.001061,0.00106,0.001059,0.001058,0.001057,0.001056,0.001055,0.001066,0.001067,0.001068,0.001069,0.00107,0.001071,0.001072,0.001073,0.001074,0.001075,444241,1218023,2861191,1298864,2920444,529802,1042497,236576,314447,904420,1245311,979113,832834,413268,1028203,584577,1392879,101250,757021,301729
3,0.001064,0.001063,0.001062,0.001061,0.00106,0.001059,0.001058,0.001057,0.001056,0.001055,0.001065,0.001066,0.001067,0.001068,0.001069,0.00107,0.001071,0.001072,0.001073,0.001074,280390,1218023,3509918,669375,2920444,529802,1042497,236576,314447,904420,101250,615822,1627840,832834,413268,1028203,584577,1392879,101250,757021
4,0.001063,0.001062,0.001061,0.00106,0.001059,0.001058,0.001057,0.001056,0.001055,0.001054,0.001065,0.001066,0.001067,0.001068,0.001069,0.00107,0.001071,0.001072,0.001073,0.001074,1294423,4150342,1317592,2920444,529802,1042497,236576,314447,904420,291367,266948,615822,2020054,977052,413268,1028203,373965,1392618,101250,757021
5,0.001064,0.001063,0.001062,0.001061,0.00106,0.001059,0.001058,0.001057,0.001056,0.001055,0.001065,0.001066,0.001067,0.001068,0.001069,0.00107,0.001071,0.001072,0.001073,0.001074,287022,1288581,2861191,669379,3002216,529802,1042497,236576,314447,904420,101250,615822,979113,1377052,413268,1028203,505577,1392618,101250,757021
6,0.001064,0.001063,0.001062,0.001061,0.00106,0.001059,0.001058,0.001057,0.001056,0.001055,0.001065,0.001066,0.001067,0.001068,0.001069,0.00107,0.001071,0.001072,0.001073,0.001074,287031,1288581,2861191,669379,3002216,719651,1042497,236576,314447,904420,101250,717072,979113,1377052,413268,1028203,505577,1392618,101250,757021
7,0.001063,0.001062,0.001061,0.00106,0.001059,0.001058,0.001057,0.001056,0.001055,0.001054,0.001064,0.001065,0.001066,0.001067,0.001068,0.001069,0.00107,0.001071,0.001072,0.001073,210438,3061000,1425306,3002216,529802,1042497,236576,314447,904420,291367,254266,237714,717072,979113,1378441,413268,1028203,1121147,777218,101250
8,0.001063,0.001062,0.001061,0.00106,0.001059,0.001058,0.001057,0.001056,0.001055,0.001054,0.001064,0.001065,0.001066,0.001067,0.001068,0.001069,0.00107,0.001071,0.001072,0.001073,210438,3061000,1411132,2919592,529802,1042497,236576,314447,904420,291367,214990,237714,717072,979113,1378441,413268,1028203,1121147,777218,101250
9,0.001066,0.001065,0.001064,0.001063,0.001062,0.001061,0.00106,0.001059,0.001058,0.001057,0.001067,0.001068,0.001069,0.00107,0.001071,0.001072,0.001073,0.001074,0.001075,0.001076,287091,869277,1337096,1703394,3795350,669660,1072750,462291,977156,101250,101250,850177,793314,1392983,505577,841862,246149,1258367,189595,645468
10,0.001065,0.001064,0.001063,0.001062,0.001061,0.00106,0.001059,0.001058,0.001057,0.001056,0.001066,0.001067,0.001068,0.001069,0.00107,0.001071,0.001072,0.001073,0.001074,0.001075,286984,1336537,1547322,4356074,1073329,880463,422516,1115935,101250,354335,101250,715944,850177,445555,1367125,232862,841862,101250,1531082,189595
11,0.001066,0.001065,0.001064,0.001063,0.001062,0.001061,0.00106,0.001059,0.001058,0.001057,0.001067,0.001068,0.001069,0.00107,0.001071,0.001072,0.001073,0.001074,0.001075,0.001076,380812,818657,1460268,1070540,4356074,1262917,668345,422516,1115935,101250,101250,663608,855077,973424,658056,777218,368230,1531082,21685,645468
12,0.001067,0.001066,0.001065,0.001064,0.001063,0.001062,0.001061,0.00106,0.001059,0.001058,0.001068,0.001069,0.00107,0.001071,0.001072,0.001073,0.001074,0.001075,0.001076,0.001077,280390,1300089,1436921,4014287,1029682,1529478,956009,603174,422516,1155747,101250,645714,1220523,658403,971967,370225,918183,632823,645468,226814
13,0.001067,0.001066,0.001065,0.001064,0.001063,0.001062,0.001061,0.00106,0.001059,0.001058,0.001068,0.001069,0.00107,0.001071,0.001072,0.001073,0.001074,0.001075,0.001076,0.001077,280390,1218700,1436643,4014287,1029682,1529478,956009,603174,422516,1061765,101250,615183,676431,658023,777218,501197,1151812,632315,645468,226814
14,0.001067,0.001066,0.001065,0.001064,0.001063,0.001062,0.001061,0.00106,0.001059,0.001058,0.001069,0.00107,0.001071,0.001072,0.001073,0.001074,0.001075,0.001076,0.001077,0.001078,858524,1497467,1192569,3635488,1443420,1283300,956009,603174,422516,1061765,436043,849107,639302,802964,501197,1151812,21685,1255716,328064,269160
15,0.001067,0.001066,0.001065,0.001064,0.001063,0.001062,0.001061,0.00106,0.001059,0.001058,0.001068,0.001069,0.00107,0.001071,0.001072,0.001073,0.001074,0.001075,0.001076,0.001077,280390,1212007,1429249,4673828,780775,1347555,892190,642911,422516,1061765,101250,615183,855554,658026,777218,501197,1151812,21685,1255716,328064
16,0.001067,0.001066,0.001065,0.001064,0.001063,0.001062,0.001061,0.00106,0.001059,0.001058,0.001068,0.001069,0.00107,0.001071,0.001072,0.001073,0.001074,0.001075,0.001076,0.001077,179140,1218521,1429249,4673828,780775,1347555,892190,642911,422516,1061765,101250,615183,855554,658026,777218,501197,1151812,632151,645468,328064
17,0.001067,0.001066,0.001065,0.001064,0.001063,0.001062,0.001061,0.00106,0.001059,0.001058,0.001068,0.001069,0.00107,0.001071,0.001072,0.001073,0.001074,0.001075,0.001076,0.001077,794014,1212007,1068839,2519652,1413745,1158328,892190,603174,422516,1061765,101250,668651,855554,658026,777218,501197,982507,632151,645468,328064
18,0.001067,0.001066,0.001065,0.001064,0.001063,0.001062,0.001061,0.00106,0.001059,0.001058,0.001069,0.00107,0.001071,0.001072,0.001073,0.001074,0.001075,0.001076,0.001077,0.001078,1148515,2913973,468231,2209694,1452724,1308381,892190,603174,422516,1061765,427622,603719,1052357,777218,501197,1125767,632151,645468,328064,269160
19,0.001067,0.001066,0.001065,0.001064,0.001063,0.001062,0.001061,0.00106,0.001059,0.001058,0.001068,0.001069,0.00107,0.001071,0.001072,0.001073,0.001074,0.001075,0.001076,0.001077,150950,2913973,468231,2209694,1452724,1308381,892190,682648,422516,1061765,101250,427622,610199,1045988,777218,501197,1125767,631811,645468,328064
20,0.001067,0.001066,0.001065,0.001064,0.001063,0.001062,0.001061,0.00106,0.001059,0.001058,0.001068,0.001069,0.00107,0.001071,0.001072,0.001073,0.001074,0.001075,0.001076,0.001077,144973,2913973,1127825,3064670,819754,1308381,892190,603174,422516,1061765,101250,666941,801740,658026,777218,501197,1125767,631811,645468,328064
21,0.001066,0.001065,0.001064,0.001063,0.001062,0.001061,0.00106,0.001059,0.001058,0.001057,0.001067,0.001068,0.001069,0.00107,0.001071,0.001072,0.001073,0.001074,0.001075,0.001076,280390,2730304,2574851,1538271,1071549,892190,741785,422516,1061765,180950,101250,686181,822241,833496,232862,777218,552501,918183,631811,645468
22,0.001067,0.001066,0.001065,0.001064,0.001063,0.001062,0.001061,0.00106,0.001059,0.001058,0.001068,0.001069,0.00107,0.001071,0.001072,0.001073,0.001074,0.001075,0.001076,0.001077,342953,1680827,2393402,2752178,884306,1071549,892190,741785,422516,1061765,101250,666958,801796,658838,777218,552501,1064075,631838,645468,328064
23,0.001067,0.001066,0.001065,0.001064,0.001063,0.001062,0.001061,0.00106,0.001059,0.001058,0.001068,0.001069,0.00107,0.001071,0.001072,0.001073,0.001074,0.001075,0.001076,0.001077,342953,1680827,2529157,2751567,884306,1071549,892190,741785,422516,1061765,101250,666958,801796,658838,777218,552501,1064075,631224,645468,328064
24,0.001067,0.001066,0.001065,0.001064,0.001063,0.001062,0.001061,0.00106,0.001059,0.001058,0.001068,0.001069,0.00107,0.001071,0.001072,0.001073,0.001074,0.001075,0.001076,0.001077,300884,1689827,2579749,2102099,1475706,1071549,892190,741785,422516,1061765,101250,666958,801796,658838,777218,552501,1064075,631224,645468,328064
25,0.001068,0.001067,0.001066,0.001065,0.001064,0.001063,0.001062,0.001061,0.00106,0.001059,0.001069,0.00107,0.001071,0.001072,0.001073,0.001074,0.001075,0.001076,0.001077,0.001078,280390,1174623,1709924,3400908,1672910,742720,1260776,892190,741785,422516,101250,795260,590847,1203836,487007,1130621,21685,1254019,101250,269160
26,0.001069,0.001068,0.001067,0.001066,0.001065,0.001064,0.001063,0.001062,0.001061,0.00106,0.001071,0.001072,0.001073,0.001074,0.001075,0.001076,0.001077,0.001078,0.001079,0.00108,540324,1017843,906330,1633082,2971734,2156290,927864,964913,290654,741558,771189,1750943,513092,791360,320023,865972,976141,101250,876784,101250
27,0.001069,0.001068,0.001067,0.001066,0.001065,0.001064,0.001063,0.001062,0.001061,0.00106,0.00107,0.001071,0.001072,0.001073,0.001074,0.001075,0.001076,0.001077,0.001078,0.001079,2397,1028277,879716,2007762,2976360,2138616,927864,964913,290654,781295,280390,831254,1770536,487007,791360,320023,1460326,373965,101250,876784
28,0.001069,0.001068,0.001067,0.001066,0.001065,0.001064,0.001063,0.001062,0.001061,0.00106,0.00107,0.001071,0.001072,0.001073,0.001074,0.001075,0.001076,0.001077,0.001078,0.001079,2397,1012638,886423,1607764,3376360,2138616,927864,964913,290654,781295,280390,831254,1770536,487007,791360,320023,1460326,373965,101250,876784
29,0.001069,0.001068,0.001067,0.001066,0.001065,0.001064,0.001063,0.001062,0.001061,0.00106,0.00107,0.001071,0.001072,0.001073,0.001074,0.001075,0.001076,0.001077,0.001078,0.001079,2397,1019183,906397,1719614,1050738,2138616,927864,964913,290654,741558,405551,831254,1770536,487007,791360,320023,1460326,373965,101250,876784
30,0.001069,0.001068,0.001067,0.001066,0.001065,0.001064,0.001063,0.001062,0.001061,0.00106,0.00107,0.001071,0.001072,0.001073,0.001074,0.001075,0.001076,0.001077,0.001078,0.001079,2397,289280,879716,1260856,835964,2738339,862387,1031322,290654,741558,1167018,851053,1344320,487007,856964,854365,645468,373965,101250,876784
31,0.001067,0.001066,0.001065,0.001064,0.001063,0.001062,0.001061,0.00106,0.001059,0.001058,0.001068,0.001069,0.00107,0.001071,0.001072,0.001073,0.001074,0.001075,0.001076,0.001077,101250,1070719,907473,1579594,1275170,1992620,445387,741558,291188,883174,101250,598926,873981,438355,1344320,552497,791360,621549,645468,373965
32,0.001068,0.001067,0.001066,0.001065,0.001064,0.001063,0.001062,0.001061,0.00106,0.001059,0.001069,0.00107,0.001071,0.001072,0.001073,0.001074,0.001075,0.001076,0.001077,0.001078,812827,784647,1395184,1781631,1843306,862298,1327658,290654,741647,291188,101250,890983,831322,1382752,487007,857479,151388,1246629,373965,101250
33,0.001067,0.001066,0.001065,0.001064,0.001063,0.001062,0.001061,0.00106,0.001059,0.001058,0.001068,0.001069,0.00107,0.001071,0.001072,0.001073,0.001074,0.001075,0.001076,0.001077,280390,1049573,1066512,2557386,1274342,1327658,454790,741647,291188,883174,101250,568009,897600,838222,956358,487007,857479,151388,1246629,373965
34,0.001066,0.001065,0.001064,0.001063,0.001062,0.001061,0.00106,0.001059,0.001058,0.001057,0.001068,0.001069,0.00107,0.001071,0.001072,0.001073,0.001074,0.001075,0.001076,0.001077,845343,1066512,1893674,1274342,1736984,521446,741647,330963,883174,180950,289859,806146,1073191,1199964,956358,553416,645468,752639,645468,373965
35,0.001066,0.001065,0.001064,0.001063,0.001062,0.001061,0.00106,0.001059,0.001058,0.001057,0.001067,0.001068,0.001069,0.00107,0.001071,0.001072,0.001073,0.001074,0.001075,0.001076,280390,715656,1605699,1938116,1736984,521446,882432,330963,883174,180950,101250,289859,806146,1861153,412002,956358,1154708,645468,151388,645468
36,0.001068,0.001067,0.001066,0.001065,0.001064,0.001063,0.001062,0.001061,0.00106,0.001059,0.00107,0.001071,0.001072,0.001073,0.001074,0.001075,0.001076,0.001077,0.001078,0.001079,280390,870315,1236094,1091171,1697011,673267,1736984,357310,882432,330963,564625,1031222,1382940,487007,844151,151388,1245798,373965,101250,876082
37,0.00107,0.001069,0.001068,0.001067,0.001066,0.001065,0.001064,0.001063,0.001062,0.001061,0.001072,0.001073,0.001074,0.001075,0.001076,0.001077,0.001078,0.001079,0.00108,0.001081,341566,1125126,790081,1458812,2647145,913377,1114130,290211,702572,290654,760017,866626,187997,151388,898023,565343,699180,876082,101250,813378
38,0.001069,0.001068,0.001067,0.001066,0.001065,0.001064,0.001063,0.001062,0.001061,0.00106,0.00107,0.001071,0.001072,0.001073,0.001074,0.001075,0.001076,0.001077,0.001078,0.001079,1176088,1282082,2910338,3093798,784630,1261474,290211,702572,429041,682648,388390,261250,439087,821376,182477,351387,700663,510140,699180,876082
39,0.00107,0.001069,0.001068,0.001067,0.001066,0.001065,0.001064,0.001063,0.001062,0.001061,0.001071,0.001072,0.001073,0.001074,0.001075,0.001076,0.001077,0.001078,0.001079,0.00108,6672,1293424,2316856,2630982,1984678,1138882,858943,290211,702572,429041,261250,280390,815701,188008,374006,838907,565820,699180,645468,101250
40,0.00107,0.001069,0.001068,0.001067,0.001066,0.001065,0.001064,0.001063,0.001062,0.001061,0.001071,0.001072,0.001073,0.001074,0.001075,0.001076,0.001077,0.001078,0.001079,0.00108,661398,1015088,2316856,2630982,2053628,1138882,858943,290211,702572,429041,94586,282051,815701,212247,351387,645468,565820,699528,645468,101250
41,0.00107,0.001069,0.001068,0.001067,0.001066,0.001065,0.001064,0.001063,0.001062,0.001061,0.001071,0.001072,0.001073,0.001074,0.001075,0.001076,0.001077,0.001078,0.001079,0.00108,781041,1612958,2166756,2987502,2053628,1138882,847128,290211,702572,429041,230000,466640,821891,206716,351387,645468,565820,699528,645468,101250
42,0.001068,0.001067,0.001066,0.001065,0.001064,0.001063,0.001062,0.001061,0.00106,0.001059,0.001069,0.00107,0.001071,0.001072,0.001073,0.001074,0.001075,0.001076,0.001077,0.001078,786993,1064643,2169418,1137647,2069053,980790,830766,468741,682648,291188,101250,685910,648532,1037271,815701,726695,416972,645468,988270,101250
43,0.001069,0.001068,0.001067,0.001066,0.001065,0.001064,0.001063,0.001062,0.001061,0.00106,0.00107,0.001071,0.001072,0.001073,0.001074,0.001075,0.001076,0.001077,0.001078,0.001079,582969,1532996,1428338,2056239,690574,2069053,980790,685131,468741,682648,101250,951643,1017463,842083,684024,416972,645468,988270,101250,645468
44,0.001069,0.001068,0.001067,0.001066,0.001065,0.001064,0.001063,0.001062,0.001061,0.00106,0.00107,0.001071,0.001072,0.001073,0.001074,0.001075,0.001076,0.001077,0.001078,0.001079,555356,1532996,1590233,3093681,690574,780997,980790,685131,468741,682648,101250,927600,873245,442083,684024,416972,775495,988270,101250,645468
45,0.001071,0.00107,0.001069,0.001068,0.001067,0.001066,0.001065,0.001064,0.001063,0.001062,0.001072,0.001073,0.001074,0.001075,0.001076,0.001077,0.001078,0.001079,0.00108,0.001081,963147,435624,1458787,2391026,1093047,1210062,1382340,1107779,463937,685131,279652,619882,717283,351387,775495,575441,101250,1225960,127454,915390
46,0.001071,0.00107,0.001069,0.001068,0.001067,0.001066,0.001065,0.001064,0.001063,0.001062,0.001072,0.001073,0.001074,0.001075,0.001076,0.001077,0.001078,0.001079,0.00108,0.001081,963147,979842,1283068,2897680,1093047,776400,1382340,1107779,463937,685131,178402,619882,690554,377943,775495,302726,101250,1225960,400169,747480
47,0.001071,0.00107,0.001069,0.001068,0.001067,0.001066,0.001065,0.001064,0.001063,0.001062,0.001072,0.001073,0.001074,0.001075,0.001076,0.001077,0.001078,0.001079,0.00108,0.001081,1248475,1687691,2961795,3297165,265741,964920,1382340,1107779,463937,685131,178402,619882,690554,377943,775495,302726,101250,1225960,400169,747480
