timestamp,bid_price_0,bid_price_1,bid_price_2,bid_price_3,bid_price_4,bid_price_5,bid_price_6,bid_price_7,bid_price_8,bid_price_9,ask_price_0,ask_price_1,ask_price_2,ask_price_3,ask_price_4,ask_price_5,ask_price_6,ask_price_7,ask_price_8,ask_price_9,bid_size_0,bid_size_1,bid_size_2,bid_size_3,bid_size_4,bid_size_5,bid_size_6,bid_size_7,bid_size_8,bid_size_9,ask_size_0,ask_size_1,ask_size_2,ask_size_3,ask_size_4,ask_size_5,ask_size_6,ask_size_7,ask_size_8,ask_size_9
0,0.00107,0.001069,0.001068,0.001067,0.001066,0.001065,0.001064,0.001063,0.001062,0.001061,0.001071,0.001072,0.001073,0.001074,0.001075,0.001076,0.001077,0.001078,0.001079,0.00108,213080,1336572,1307089,1772167,1061154,2882173,597448,1129987,406956,656036,128003,480789,463468,1017661,1132845,851856,1230351,791133,518541,401249
1,0.00107,0.001069,0.001068,0.001067,0.001066,0.001065,0.001064,0.001063,0.001062,0.001061,0.001071,0.001072,0.001073,0.001074,0.001075,0.001076,0.001077,0.001078,0.001079,0.00108,213080,1336572,1307089,1772167,1061154,2882173,597448,1129987,406956,656036,128003,480789,463468,1017661,1132845,851856,1230351,791133,518541,401249
2,0.001071,0.00107,0.001069,0.001068,0.001067,0.001066,0.001065,0.001064,0.001063,0.001062,0.001072,0.001073,0.001074,0.001075,0.001076,0.001077,0.001078,0.001079,0.00108,0.001081,101250,979333,1458134,1248048,2484666,1028489,1887260,597448,1129987,406956,128003,436969,1043725,732845,1251856,235855,1786314,518541,401249,656036
3,0.00107,0.001069,0.001068,0.001067,0.001066,0.001065,0.001064,0.001063,0.001062,0.001061,0.001071,0.001072,0.001073,0.001074,0.001075,0.001076,0.001077,0.001078,0.001079,0.00108,177428,1266073,1300560,1796964,1028489,2879849,597448,1102524,406956,656036,128003,451470,463789,1017661,1132845,851856,235855,1786314,518541,401249
4,0.00107,0.001069,0.001068,0.001067,0.001066,0.001065,0.001064,0.001063,0.001062,0.001061,0.001071,0.001072,0.001073,0.001074,0.001075,0.001076,0.001077,0.001078,0.001079,0.00108,187131,1274002,1507541,2023941,1920372,1884544,598321,1086019,406956,656036,128003,451470,463677,1017661,1132845,851856,235855,1786314,518541,401249
5,0.00107,0.001069,0.001068,0.001067,0.001066,0.001065,0.001064,0.001063,0.001062,0.001061,0.001071,0.001072,0.001073,0.001074,0.001075,0.001076,0.001077,0.001078,0.001079,0.00108,187131,1274002,1511224,2041656,1900774,1884544,598321,1086019,406956,656036,128003,451470,436969,1043712,1132845,851856,1231703,791133,518541,401249
6,0.00107,0.001069,0.001068,0.001067,0.001066,0.001065,0.001064,0.001063,0.001062,0.001061,0.001071,0.001072,0.001073,0.001074,0.001075,0.001076,0.001077,0.001078,0.001079,0.00108,383519,1267373,1511224,2062787,1879623,1884544,598321,1086019,406956,656036,101250,299083,257829,1043712,1132845,851856,235855,1787520,518541,401249
7,0.00107,0.001069,0.001068,0.001067,0.001066,0.001065,0.001064,0.001063,0.001062,0.001061,0.001071,0.001072,0.001073,0.001074,0.001075,0.001076,0.001077,0.001078,0.001079,0.00108,376814,1275149,1511152,2448226,2087031,1341598,660769,1020005,406956,656036,101250,287988,437007,864742,1132845,785610,301985,791133,1513860,715576
8,0.00107,0.001069,0.001068,0.001067,0.001066,0.001065,0.001064,0.001063,0.001062,0.001061,0.001071,0.001072,0.001073,0.001074,0.001075,0.001076,0.001077,0.001078,0.001079,0.00108,96424,977334,1027683,1732100,1434049,2832806,660769,1020005,406956,656036,101250,473800,457052,1238521,732845,852327,1232142,791133,518541,715576
9,0.001069,0.001068,0.001067,0.001066,0.001065,0.001064,0.001063,0.001062,0.001061,0.00106,0.00107,0.001071,0.001072,0.001073,0.001074,0.001075,0.001076,0.001077,0.001078,0.001079,101250,948625,1403449,1078886,2283074,2066556,1020005,472494,656036,290832,89100,481008,1048347,830365,905434,732845,2063468,235855,791133,101250
10,0.001068,0.001067,0.001066,0.001065,0.001064,0.001063,0.001062,0.001061,0.00106,0.001059,0.00107,0.001071,0.001072,0.001073,0.001074,0.001075,0.001076,0.001077,0.001078,0.001079,749579,1403444,1078401,2297262,2066556,1020005,472494,656036,290832,656036,233802,480976,1048347,830365,905434,732845,2063468,235855,791133,101250
11,0.001068,0.001067,0.001066,0.001065,0.001064,0.001063,0.001062,0.001061,0.00106,0.001059,0.00107,0.001071,0.001072,0.001073,0.001074,0.001075,0.001076,0.001077,0.001078,0.001079,851404,1375782,1078401,2467592,2534704,1020005,472494,656036,290832,656036,221554,480976,1048347,430365,1305434,732845,2063468,550182,791133,101250
12,0.001068,0.001067,0.001066,0.001065,0.001064,0.001063,0.001062,0.001061,0.00106,0.001059,0.00107,0.001071,0.001072,0.001073,0.001074,0.001075,0.001076,0.001077,0.001078,0.001079,861502,1375782,865466,2297262,2088693,1020005,472494,656036,290832,656036,227387,480976,1048347,430365,1305434,732845,2064077,550182,791133,101250
13,0.001069,0.001068,0.001067,0.001066,0.001065,0.001064,0.001063,0.001062,0.001061,0.00106,0.00107,0.001071,0.001072,0.001073,0.001074,0.001075,0.001076,0.001077,0.001078,0.001079,101250,1039254,1402420,839144,2297262,2038483,1020005,527028,656036,290832,89100,474481,1054869,430365,1305434,732845,2064077,550182,791133,101250
14,0.001071,0.00107,0.001069,0.001068,0.001067,0.001066,0.001065,0.001064,0.001063,0.001062,0.001073,0.001074,0.001075,0.001076,0.001077,0.001078,0.001079,0.00108,0.001081,0.001082,298480,821646,1513356,1189756,1972236,1388335,1836537,495016,884622,344569,664208,869379,759192,1066039,616918,791133,1097424,401249,656036,376843
15,0.001071,0.00107,0.001069,0.001068,0.001067,0.001066,0.001065,0.001064,0.001063,0.001062,0.001073,0.001074,0.001075,0.001076,0.001077,0.001078,0.001079,0.00108,0.001081,0.001082,304964,821688,1513356,1058767,1915795,2063042,1407322,407801,884622,344569,733775,469483,1159192,1066039,550182,857222,1097424,401249,656036,376843
16,0.00107,0.001069,0.001068,0.001067,0.001066,0.001065,0.001064,0.001063,0.001062,0.001061,0.001072,0.001073,0.001074,0.001075,0.001076,0.001077,0.001078,0.001079,0.00108,0.001081,353461,1340427,1397677,1989639,2509293,1414010,578057,884622,344569,656036,719224,463535,1043695,1132845,1066039,1299170,791133,101250,715576,656036
17,0.001071,0.00107,0.001069,0.001068,0.001067,0.001066,0.001065,0.001064,0.001063,0.001062,0.001073,0.001074,0.001075,0.001076,0.001077,0.001078,0.001079,0.00108,0.001081,0.001082,978076,755105,1898260,1795438,2912513,468232,1432086,407801,884622,344569,259964,469485,1159411,1066039,301762,791133,1099238,715576,656036,223280
18,0.001071,0.00107,0.001069,0.001068,0.001067,0.001066,0.001065,0.001064,0.001063,0.001062,0.001072,0.001073,0.001074,0.001075,0.001076,0.001077,0.001078,0.001079,0.00108,0.001081,120141,712053,1459316,1134212,1936639,2054072,1310427,407801,884622,344569,211383,456776,469485,1159411,1066039,301762,791133,1099238,715576,656036
19,0.001071,0.00107,0.001069,0.001068,0.001067,0.001066,0.001065,0.001064,0.001063,0.001062,0.001072,0.001073,0.001074,0.001075,0.001076,0.001077,0.001078,0.001079,0.00108,0.001081,120141,712053,1459316,1134212,1950806,2039892,1310427,407801,884622,344569,211383,456403,469485,1159411,1066039,301762,791133,1099238,715576,656036
20,0.001071,0.00107,0.001069,0.001068,0.001067,0.001066,0.001065,0.001064,0.001063,0.001062,0.001072,0.001073,0.001074,0.001075,0.001076,0.001077,0.001078,0.001079,0.00108,0.001081,120141,712053,1459316,912258,1950806,2039892,1363245,352571,884622,344569,429822,456403,469485,1159411,1066039,301762,1788308,101250,715576,656036
21,0.001072,0.001071,0.00107,0.001069,0.001068,0.001067,0.001066,0.001065,0.001064,0.001063,0.001073,0.001074,0.001075,0.001076,0.001077,0.001078,0.001079,0.00108,0.001081,0.001082,101250,860772,732239,1706963,1580112,2501543,568299,1207452,352571,884622,429822,462875,1165940,1066039,301762,791133,101250,1711436,656036,223280
22,0.001072,0.001071,0.00107,0.001069,0.001068,0.001067,0.001066,0.001065,0.001064,0.001063,0.001073,0.001074,0.001075,0.001076,0.001077,0.001078,0.001079,0.00108,0.001081,0.001082,101250,841881,1676841,3851110,1408548,2287099,694414,708854,290123,884622,429822,462875,915966,811846,235855,1259272,513442,1397109,656036,223280
23,0.001072,0.001071,0.00107,0.001069,0.001068,0.001067,0.001066,0.001065,0.001064,0.001063,0.001073,0.001074,0.001075,0.001076,0.001077,0.001078,0.001079,0.00108,0.001081,0.001082,120141,841881,1206504,4069008,1576155,2296268,694414,708854,290123,884622,101250,794457,915966,811846,235855,1259272,513442,1397109,656036,223280
24,0.001073,0.001072,0.001071,0.00107,0.001069,0.001068,0.001067,0.001066,0.001065,0.001064,0.001075,0.001076,0.001077,0.001078,0.001079,0.00108,0.001081,0.001082,0.001083,0.001084,841886,737458,1824434,2185741,4388427,919944,892038,464519,708854,290123,773821,816589,261981,1193681,578847,534762,1650787,101250,1084934,222815
25,0.001074,0.001073,0.001072,0.001071,0.00107,0.001069,0.001068,0.001067,0.001066,0.001065,0.001075,0.001076,0.001077,0.001078,0.001079,0.00108,0.001081,0.001082,0.001083,0.001084,101250,1224956,1130129,1429899,1515836,4353699,919944,892038,464519,708854,99999,602300,242384,1064917,787799,600806,800885,1375366,1084934,222815
26,0.001074,0.001073,0.001072,0.001071,0.00107,0.001069,0.001068,0.001067,0.001066,0.001065,0.001075,0.001076,0.001077,0.001078,0.001079,0.00108,0.001081,0.001082,0.001083,0.001084,312318,1092139,1130129,977422,1536885,4353699,964937,825213,464519,708854,201249,423160,242384,664917,1187799,600806,800885,1375366,770607,222815
