timestamp,bid_price_0,bid_price_1,bid_price_2,bid_price_3,bid_price_4,bid_price_5,bid_price_6,bid_price_7,bid_price_8,bid_price_9,ask_price_0,ask_price_1,ask_price_2,ask_price_3,ask_price_4,ask_price_5,ask_price_6,ask_price_7,ask_price_8,ask_price_9,bid_size_0,bid_size_1,bid_size_2,bid_size_3,bid_size_4,bid_size_5,bid_size_6,bid_size_7,bid_size_8,bid_size_9,ask_size_0,ask_size_1,ask_size_2,ask_size_3,ask_size_4,ask_size_5,ask_size_6,ask_size_7,ask_size_8,ask_size_9
0,0.00107,0.001069,0.001068,0.001067,0.001066,0.001065,0.001064,0.001063,0.001062,0.001061,0.001071,0.001072,0.001073,0.001074,0.001075,0.001076,0.001077,0.001078,0.001079,0.00108,213080,1336572,1307089,1772167,1061154,2882173,597448,1129987,406956,656036,128003,480789,463468,1017661,1132845,851856,1230351,791133,518541,401249
1,0.00107,0.001069,0.001068,0.001067,0.001066,0.001065,0.001064,0.001063,0.001062,0.001061,0.001071,0.001072,0.001073,0.001074,0.001075,0.001076,0.001077,0.001078,0.001079,0.00108,213080,1336572,1307089,1772167,1061154,2882173,597448,1129987,406956,656036,128003,480789,463468,1017661,1132845,851856,1230351,791133,518541,401249
2,0.001071,0.00107,0.001069,0.001068,0.001067,0.001066,0.001065,0.001064,0.001063,0.001062,0.001072,0.001073,0.001074,0.001075,0.001076,0.001077,0.001078,0.001079,0.00108,0.001081,101250,979333,1458134,1248048,2484666,1028489,1887260,597448,1129987,406956,128003,436969,1043725,732845,1251856,235855,1786314,518541,401249,656036
3,0.00107,0.001069,0.001068,0.001067,0.001066,0.001065,0.001064,0.001063,0.001062,0.001061,0.001071,0.001072,0.001073,0.001074,0.001075,0.001076,0.001077,0.001078,0.001079,0.00108,177428,1266073,1300560,1796964,1028489,2879849,597448,1102524,406956,656036,128003,451470,463789,1017661,1132845,851856,235855,1786314,518541,401249
4,0.00107,0.001069,0.001068,0.001067,0.001066,0.001065,0.001064,0.001063,0.001062,0.001061,0.001071,0.001072,0.001073,0.001074,0.001075,0.001076,0.001077,0.001078,0.001079,0.00108,187131,1274002,1507541,2023941,1920372,1884544,598321,1086019,406956,656036,128003,451470,463677,1017661,1132845,851856,235855,1786314,518541,401249
5,0.00107,0.001069,0.001068,0.001067,0.001066,0.001065,0.001064,0.001063,0.001062,0.001061,0.001071,0.001072,0.001073,0.001074,0.001075,0.001076,0.001077,0.001078,0.001079,0.00108,187131,1274002,1511224,2041656,1900774,1884544,598321,1086019,406956,656036,128003,451470,436969,1043712,1132845,851856,1231703,791133,518541,401249
6,0.00107,0.001069,0.001068,0.001067,0.001066,0.001065,0.001064,0.001063,0.001062,0.001061,0.001071,0.001072,0.001073,0.001074,0.001075,0.001076,0.001077,0.001078,0.001079,0.00108,383519,1267373,1511224,2062787,1879623,1884544,598321,1086019,406956,656036,101250,299083,257829,1043712,1132845,851856,235855,1787520,518541,401249
7,0.00107,0.001069,0.001068,0.001067,0.001066,0.001065,0.001064,0.001063,0.001062,0.001061,0.001071,0.001072,0.001073,0.001074,0.001075,0.001076,0.001077,0.001078,0.001079,0.00108,376814,1275149,1511152,2448226,2087031,1341598,660769,1020005,406956,656036,101250,287988,437007,864742,1132845,785610,301985,791133,1513860,715576
8,0.00107,0.001069,0.001068,0.001067,0.001066,0.001065,0.001064,0.001063,0.001062,0.001061,0.001071,0.001072,0.001073,0.001074,0.001075,0.001076,0.001077,0.001078,0.001079,0.00108,96424,977334,1027683,1732100,1434049,2832806,660769,1020005,406956,656036,101250,473800,457052,1238521,732845,852327,1232142,791133,518541,715576
9,0.001069,0.001068,0.001067,0.001066,0.001065,0.001064,0.001063,0.001062,0.001061,0.00106,0.00107,0.001071,0.001072,0.001073,0.001074,0.001075,0.001076,0.001077,0.001078,0.001079,101250,948625,1403449,1078886,2283074,2066556,1020005,472494,656036,290832,89100,481008,1048347,830365,905434,732845,2063468,235855,791133,101250
10,0.001068,0.001067,0.001066,0.001065,0.001064,0.001063,0.001062,0.001061,0.00106,0.001059,0.00107,0.001071,0.001072,0.001073,0.001074,0.001075,0.001076,0.001077,0.001078,0.001079,749579,1403444,1078401,2297262,2066556,1020005,472494,656036,290832,656036,233802,480976,1048347,830365,905434,732845,2063468,235855,791133,101250
11,0.001068,0.001067,0.001066,0.001065,0.001064,0.001063,0.001062,0.001061,0.00106,0.001059,0.00107,0.001071,0.001072,0.001073,0.001074,0.001075,0.001076,0.001077,0.001078,0.001079,851404,1375782,1078401,2467592,2534704,1020005,472494,656036,290832,656036,221554,480976,1048347,430365,1305434,732845,2063468,550182,791133,101250
12,0.001068,0.001067,0.001066,0.001065,0.001064,0.001063,0.001062,0.001061,0.00106,0.001059,0.00107,0.001071,0.001072,0.001073,0.001074,0.001075,0.001076,0.001077,0.001078,0.001079,861502,1375782,865466,2297262,2088693,1020005,472494,656036,290832,656036,227387,480976,1048347,430365,1305434,732845,2064077,550182,791133,101250
13,0.001069,0.001068,0.001067,0.001066,0.001065,0.001064,0.001063,0.001062,0.001061,0.00106,0.00107,0.001071,0.001072,0.001073,0.001074,0.001075,0.001076,0.001077,0.001078,0.001079,101250,1039254,1402420,839144,2297262,2038483,1020005,527028,656036,290832,89100,474481,1054869,430365,1305434,732845,2064077,550182,791133,101250
14,0.001071,0.00107,0.001069,0.001068,0.001067,0.001066,0.001065,0.001064,0.001063,0.001062,0.001073,0.001074,0.001075,0.001076,0.001077,0.001078,0.001079,0.00108,0.001081,0.001082,298480,821646,1513356,1189756,1972236,1388335,1836537,495016,884622,344569,664208,869379,759192,1066039,616918,791133,1097424,401249,656036,376843
15,0.001071,0.00107,0.001069,0.001068,0.001067,0.001066,0.001065,0.001064,0.001063,0.001062,0.001073,0.001074,0.001075,0.001076,0.001077,0.001078,0.001079,0.00108,0.001081,0.001082,304964,821688,1513356,1058767,1915795,2063042,1407322,407801,884622,344569,733775,469483,1159192,1066039,550182,857222,1097424,401249,656036,376843
16,0.00107,0.001069,0.001068,0.001067,0.001066,0.001065,0.001064,0.001063,0.001062,0.001061,0.001072,0.001073,0.001074,0.001075,0.001076,0.001077,0.001078,0.001079,0.00108,0.001081,353461,1340427,1397677,1989639,2509293,1414010,578057,884622,344569,656036,719224,463535,1043695,1132845,1066039,1299170,791133,101250,715576,656036
17,0.001071,0.00107,0.001069,0.001068,0.001067,0.001066,0.001065,0.001064,0.001063,0.001062,0.001073,0.001074,0.001075,0.001076,0.001077,0.001078,0.001079,0.00108,0.001081,0.001082,978076,755105,1898260,1795438,2912513,468232,1432086,407801,884622,344569,259964,469485,1159411,1066039,301762,791133,1099238,715576,656036,223280
18,0.001071,0.00107,0.001069,0.001068,0.001067,0.001066,0.001065,0.001064,0.001063,0.001062,0.001072,0.001073,0.001074,0.001075,0.001076,0.001077,0.001078,0.001079,0.00108,0.001081,120141,712053,1459316,1134212,1936639,2054072,1310427,407801,884622,344569,211383,456776,469485,1159411,1066039,301762,791133,1099238,715576,656036
19,0.001071,0.00107,0.001069,0.001068,0.001067,0.001066,0.001065,0.001064,0.001063,0.001062,0.001072,0.001073,0.001074,0.001075,0.001076,0.001077,0.001078,0.001079,0.00108,0.001081,120141,712053,1459316,1134212,1950806,2039892,1310427,407801,884622,344569,211383,456403,469485,1159411,1066039,301762,791133,1099238,715576,656036
20,0.001071,0.00107,0.001069,0.001068,0.001067,0.001066,0.001065,0.001064,0.001063,0.001062,0.001072,0.001073,0.001074,0.001075,0.001076,0.001077,0.001078,0.001079,0.00108,0.001081,120141,712053,1459316,912258,1950806,2039892,1363245,352571,884622,344569,429822,456403,469485,1159411,1066039,301762,1788308,101250,715576,656036
21,0.001072,0.001071,0.00107,0.001069,0.001068,0.001067,0.001066,0.001065,0.001064,0.001063,0.001073,0.001074,0.001075,0.001076,0.001077,0.001078,0.001079,0.00108,0.001081,0.001082,101250,860772,732239,1706963,1580112,2501543,568299,1207452,352571,884622,429822,462875,1165940,1066039,301762,791133,101250,1711436,656036,223280
22,0.001072,0.001071,0.00107,0.001069,0.001068,0.001067,0.001066,0.001065,0.001064,0.001063,0.001073,0.001074,0.001075,0.001076,0.001077,0.001078,0.001079,0.00108,0.001081,0.001082,101250,841881,1676841,3851110,1408548,2287099,694414,708854,290123,884622,429822,462875,915966,811846,235855,1259272,513442,1397109,656036,223280
23,0.001072,0.001071,0.00107,0.001069,0.001068,0.001067,0.001066,0.001065,0.001064,0.001063,0.001073,0.001074,0.001075,0.001076,0.001077,0.001078,0.001079,0.00108,0.001081,0.001082,120141,841881,1206504,4069008,1576155,2296268,694414,708854,290123,884622,101250,794457,915966,811846,235855,1259272,513442,1397109,656036,223280
24,0.001073,0.001072,0.001071,0.00107,0.001069,0.001068,0.001067,0.001066,0.001065,0.001064,0.001075,0.001076,0.001077,0.001078,0.001079,0.00108,0.001081,0.001082,0.001083,0.001084,841886,737458,1824434,2185741,4388427,919944,892038,464519,708854,290123,773821,816589,261981,1193681,578847,534762,1650787,101250,1084934,222815
25,0.001074,0.001073,0.001072,0.001071,0.00107,0.001069,0.001068,0.001067,0.001066,0.001065,0.001075,0.001076,0.001077,0.001078,0.001079,0.00108,0.001081,0.001082,0.001083,0.001084,101250,1224956,1130129,1429899,1515836,4353699,919944,892038,464519,708854,99999,602300,242384,1064917,787799,600806,800885,1375366,1084934,222815
26,0.001074,0.001073,0.001072,0.001071,0.00107,0.001069,0.001068,0.001067,0.001066,0.001065,0.001075,0.001076,0.001077,0.001078,0.001079,0.00108,0.001081,0.001082,0.001083,0.001084,312318,1092139,1130129,977422,1536885,4353699,964937,825213,464519,708854,201249,423160,242384,664917,1187799,600806,800885,1375366,770607,222815
27,0.001074,0.001073,0.001072,0.001071,0.00107,0.001069,0.001068,0.001067,0.001066,0.001065,0.001075,0.001076,0.001077,0.001078,0.001079,0.00108,0.001081,0.001082,0.001083,0.001084,31928,1092139,1130129,1436182,1536885,4378962,964937,825213,464519,708854,393585,409964,823308,1038895,787799,600806,656036,1375366,770607,222815
28,0.001073,0.001072,0.001071,0.00107,0.001069,0.001068,0.001067,0.001066,0.001065,0.001064,0.001075,0.001076,0.001077,0.001078,0.001079,0.00108,0.001081,0.001082,0.001083,0.001084,280390,710067,1863019,2163584,4418216,776768,876648,464519,708854,290123,725031,416548,816779,1038895,787799,600806,1596588,381679,770607,222815
29,0.001074,0.001073,0.001072,0.001071,0.00107,0.001069,0.001068,0.001067,0.001066,0.001065,0.001075,0.001076,0.001077,0.001078,0.001079,0.00108,0.001081,0.001082,0.001083,0.001084,101250,1026633,729653,1836182,1536885,4362553,964849,876648,464519,708854,193548,602300,823409,1038895,787799,600806,803732,1372236,770607,222815
30,0.001074,0.001073,0.001072,0.001071,0.00107,0.001069,0.001068,0.001067,0.001066,0.001065,0.001075,0.001076,0.001077,0.001078,0.001079,0.00108,0.001081,0.001082,0.001083,0.001084,101250,981788,703528,1862959,1536885,4294454,964849,876648,464519,708854,385884,416541,816779,1038895,787799,600806,803732,1372236,770607,222815
31,0.001074,0.001073,0.001072,0.001071,0.00107,0.001069,0.001068,0.001067,0.001066,0.001065,0.001075,0.001076,0.001077,0.001078,0.001079,0.00108,0.001081,0.001082,0.001083,0.001084,101250,1246167,1177453,1436182,1536885,4244833,964849,876648,464519,708854,385884,416541,816779,1038895,787799,600806,803732,1372236,656036,222815
32,0.001074,0.001073,0.001072,0.001071,0.00107,0.001069,0.001068,0.001067,0.001066,0.001065,0.001075,0.001076,0.001077,0.001078,0.001079,0.00108,0.001081,0.001082,0.001083,0.001084,101250,1249721,1177453,1436182,1536885,2491014,964849,876648,350096,708854,323776,409964,797320,665243,1187799,600806,656036,1372284,656036,222815
33,0.001074,0.001073,0.001072,0.001071,0.00107,0.001069,0.001068,0.001067,0.001066,0.001065,0.001075,0.001076,0.001077,0.001078,0.001079,0.00108,0.001081,0.001082,0.001083,0.001084,101250,972228,750861,1862298,1536885,2491014,964849,876648,350096,708854,314474,416470,817385,1038895,787799,600806,656036,1372284,656036,222815
34,0.001073,0.001072,0.001071,0.00107,0.001069,0.001068,0.001067,0.001066,0.001065,0.001064,0.001074,0.001075,0.001076,0.001077,0.001078,0.001079,0.00108,0.001081,0.001082,0.001083,101250,757491,1436182,2378944,1391681,1702234,993785,350096,656036,290123,284222,463077,436381,1190641,638895,854020,1525817,656036,381679,656036
35,0.001072,0.001071,0.00107,0.001069,0.001068,0.001067,0.001066,0.001065,0.001064,0.001063,0.001073,0.001074,0.001075,0.001076,0.001077,0.001078,0.001079,0.00108,0.001081,0.001082,257517,1233174,1253324,2544443,2363460,993785,483738,656036,290123,844997,101250,513131,463077,836381,790641,638895,854020,1525817,656036,381679
36,0.001072,0.001071,0.00107,0.001069,0.001068,0.001067,0.001066,0.001065,0.001064,0.001063,0.001073,0.001074,0.001075,0.001076,0.001077,0.001078,0.001079,0.00108,0.001081,0.001082,350800,1245823,1253324,2051940,2363460,1447472,483738,656036,329711,844997,101250,513131,463077,836381,790641,638895,854020,1525817,656036,381679
37,0.001072,0.001071,0.00107,0.001069,0.001068,0.001067,0.001066,0.001065,0.001064,0.001063,0.001073,0.001074,0.001075,0.001076,0.001077,0.001078,0.001079,0.00108,0.001081,0.001082,350800,1245823,1498691,2799196,1371882,1447472,480335,656036,329711,844997,101250,513131,463077,836381,790641,638895,854020,1527773,656036,381679
38,0.001071,0.00107,0.001069,0.001068,0.001067,0.001066,0.001065,0.001064,0.001063,0.001062,0.001073,0.001074,0.001075,0.001076,0.001077,0.001078,0.001079,0.00108,0.001081,0.001082,280390,849946,2232941,1923158,2426338,546411,790058,329711,844997,290035,464494,506469,1037430,809964,790641,705607,1068228,1527773,656036,101250
39,0.001071,0.00107,0.001069,0.001068,0.001067,0.001066,0.001065,0.001064,0.001063,0.001062,0.001072,0.001073,0.001074,0.001075,0.001076,0.001077,0.001078,0.001079,0.00108,0.001081,280390,849946,1787980,2368535,2426338,546411,790058,329711,844997,290035,101250,464494,506469,1037430,809964,790641,1699986,1068228,534762,656036
40,0.00107,0.001069,0.001068,0.001067,0.001066,0.001065,0.001064,0.001063,0.001062,0.001061,0.001072,0.001073,0.001074,0.001075,0.001076,0.001077,0.001078,0.001079,0.00108,0.001081,574629,1718735,2725508,2426338,291903,855930,329711,844997,290035,656036,429315,457893,526073,1411288,409964,855626,1633274,1068228,534762,656036
41,0.001069,0.001068,0.001067,0.001066,0.001065,0.001064,0.001063,0.001062,0.001061,0.00106,0.001071,0.001072,0.001073,0.001074,0.001075,0.001076,0.001077,0.001078,0.001079,0.00108,861809,1277370,2799789,2417315,790058,526781,976052,290035,695736,101250,712593,422765,1032202,899935,1413836,297442,790641,1095629,936465,715576
42,0.001067,0.001066,0.001065,0.001064,0.001063,0.001062,0.001061,0.00106,0.001059,0.001058,0.001068,0.001069,0.00107,0.001071,0.001072,0.001073,0.001074,0.001075,0.001076,0.001077,432393,1678385,659315,804993,1784318,895801,919710,290035,656036,101250,3872,426399,408505,882885,970905,290365,301219,2078566,230824,790641
43,0.001071,0.00107,0.001069,0.001068,0.001067,0.001066,0.001065,0.001064,0.001063,0.001062,0.001073,0.001074,0.001075,0.001076,0.001077,0.001078,0.001079,0.00108,0.001081,0.001082,754409,1264053,1090271,1277857,1528383,1908540,1042726,851424,656036,290388,280390,833505,1489491,230824,808848,304582,794601,1712443,777154,101250
44,0.00107,0.001069,0.001068,0.001067,0.001066,0.001065,0.001064,0.001063,0.001062,0.001061,0.001072,0.001073,0.001074,0.001075,0.001076,0.001077,0.001078,0.001079,0.00108,0.001081,1009056,690271,1409847,1305232,2801808,1042726,851424,656036,290388,695736,280390,452862,839839,1483011,230824,808848,1300870,794601,715576,777154
45,0.001072,0.001071,0.00107,0.001069,0.001068,0.001067,0.001066,0.001065,0.001064,0.001063,0.001074,0.001075,0.001076,0.001077,0.001078,0.001079,0.00108,0.001081,0.001082,0.001083,261083,681590,1263375,1446978,1966780,1267978,579226,976105,763236,656036,1325968,1168295,435696,790641,726472,794601,1847991,796490,101250,813557
46,0.001072,0.001071,0.00107,0.001069,0.001068,0.001067,0.001066,0.001065,0.001064,0.001063,0.001073,0.001074,0.001075,0.001076,0.001077,0.001078,0.001079,0.00108,0.001081,0.001082,101250,681468,1281812,1420363,2963535,271978,579226,976105,763236,656036,101250,1026897,1122835,435696,790641,726472,794601,1849259,796490,101250
47,0.001072,0.001071,0.00107,0.001069,0.001068,0.001067,0.001066,0.001065,0.001064,0.001063,0.001074,0.001075,0.001076,0.001077,0.001078,0.001079,0.00108,0.001081,0.001082,0.001083,443085,674885,1428775,1259095,3036734,271978,579226,976105,763236,656036,1103465,1281706,442092,790641,726472,794601,891052,1793695,101250,889461
48,0.001071,0.00107,0.001069,0.001068,0.001067,0.001066,0.001065,0.001064,0.001063,0.001062,0.001073,0.001074,0.001075,0.001076,0.001077,0.001078,0.001079,0.00108,0.001081,0.001082,674885,1008929,1297887,2775508,271978,1666886,997292,763236,656036,290388,723965,1045873,1483122,409964,790641,726472,1793246,891052,796490,101250
49,0.001071,0.00107,0.001069,0.001068,0.001067,0.001066,0.001065,0.001064,0.001063,0.001062,0.001072,0.001073,0.001074,0.001075,0.001076,0.001077,0.001078,0.001079,0.00108,0.001081,287008,1002394,1297887,2775508,271978,1700177,997292,763236,656036,290388,101250,708269,808010,1483122,409964,1104968,726472,794601,1575620,796490
50,0.001071,0.00107,0.001069,0.001068,0.001067,0.001066,0.001065,0.001064,0.001063,0.001062,0.001073,0.001074,0.001075,0.001076,0.001077,0.001078,0.001079,0.00108,0.001081,0.001082,768419,1002394,1093580,1778753,1293505,1700177,997292,763236,656036,290388,725563,987089,1483122,409964,1104968,726472,794601,1575620,796490,101250
51,0.001071,0.00107,0.001069,0.001068,0.001067,0.001066,0.001065,0.001064,0.001063,0.001062,0.001073,0.001074,0.001075,0.001076,0.001077,0.001078,0.001079,0.00108,0.001081,0.001082,458653,1002394,1093211,2778053,294376,1700177,997292,763236,656036,290388,615521,987089,1483122,409964,1104968,726472,1793875,576725,796490,101250
52,0.001072,0.001071,0.00107,0.001069,0.001068,0.001067,0.001066,0.001065,0.001064,0.001063,0.001073,0.001074,0.001075,0.001076,0.001077,0.001078,0.001079,0.00108,0.001081,0.001082,101250,757868,1741348,2359898,2778053,294376,1689886,997292,763236,656036,280390,1184672,1483122,409964,1104968,726472,1793875,576725,796490,101250
53,0.001071,0.00107,0.001069,0.001068,0.001067,0.001066,0.001065,0.001064,0.001063,0.001062,0.001073,0.001074,0.001075,0.001076,0.001077,0.001078,0.001079,0.00108,0.001081,0.001082,757868,1714679,2339496,1778753,1391715,1689886,997292,763236,656036,290388,623434,987089,1483122,409964,1104968,726472,1793875,576725,796490,101250
54,0.001071,0.00107,0.001069,0.001068,0.001067,0.001066,0.001065,0.001064,0.001063,0.001062,0.001072,0.001073,0.001074,0.001075,0.001076,0.001077,0.001078,0.001079,0.00108,0.001081,280390,1721326,2668488,1778753,1391715,1675704,1011489,763236,656036,290388,101250,623434,987089,1483122,409964,1104968,726472,1795487,576725,796490
55,0.00107,0.001069,0.001068,0.001067,0.001066,0.001065,0.001064,0.001063,0.001062,0.001061,0.001071,0.001072,0.001073,0.001074,0.001075,0.001076,0.001077,0.001078,0.001079,0.00108,835176,783370,1629532,751248,1975908,1458269,789098,656036,290388,695736,101250,491444,630047,1162114,1458964,428171,1170521,241345,1795487,576725
56,0.00107,0.001069,0.001068,0.001067,0.001066,0.001065,0.001064,0.001063,0.001062,0.001061,0.001071,0.001072,0.001073,0.001074,0.001075,0.001076,0.001077,0.001078,0.001079,0.00108,280390,783370,930437,991854,2892143,1458269,924494,656036,290388,695736,101250,689027,832464,1316900,1458964,428171,1170521,241345,1795487,576725
57,0.001072,0.001071,0.00107,0.001069,0.001068,0.001067,0.001066,0.001065,0.001064,0.001063,0.001074,0.001075,0.001076,0.001077,0.001078,0.001079,0.00108,0.001081,0.001082,0.001083,596732,939024,1027211,995174,2776873,271978,1268915,1011489,723648,656036,660741,1462780,435541,1104968,725712,794601,576725,1654783,101250,887755
58,0.001074,0.001073,0.001072,0.001071,0.00107,0.001069,0.001068,0.001067,0.001066,0.001065,0.001076,0.001077,0.001078,0.001079,0.00108,0.001081,0.001082,0.001083,0.001084,0.001085,615632,866222,1462829,1779004,2600002,230429,795148,418862,410825,880205,535148,1048886,445779,794601,537724,986768,503798,1806281,101250,774344
59,0.001076,0.001075,0.001074,0.001073,0.001072,0.001071,0.00107,0.001069,0.001068,0.001067,0.001078,0.001079,0.00108,0.001081,0.001082,0.001083,0.001084,0.001085,0.001087,0.001088,323660,647216,984109,1371091,2900791,253021,1518224,289156,729235,289507,779230,680710,1361667,367156,756926,943353,1098677,761236,101250,933871
60,0.001076,0.001075,0.001074,0.001073,0.001072,0.001071,0.00107,0.001069,0.001068,0.001067,0.001078,0.001079,0.00108,0.001081,0.001082,0.001083,0.001084,0.001085,0.001086,0.001087,444453,713352,984109,1458260,3560298,253021,858233,289156,729235,289507,131983,898552,610814,371757,372585,1401600,101250,1932051,101250,204171
61,0.001078,0.001077,0.001076,0.001075,0.001074,0.001073,0.001072,0.001071,0.00107,0.001069,0.00108,0.001081,0.001082,0.001083,0.001084,0.001085,0.001086,0.001087,0.001088,0.001089,975291,809627,1724947,2197402,1933157,496583,852712,440405,656036,289156,394366,1464796,360043,812226,272686,1122423,259278,503798,1691001,1555733
62,0.001077,0.001076,0.001075,0.001074,0.001073,0.001072,0.001071,0.00107,0.001069,0.001068,0.001079,0.00108,0.001081,0.001082,0.001083,0.001084,0.001085,0.001086,0.001087,0.001088,1982058,1307620,1435005,4014512,236828,856132,487806,785078,289156,675643,356574,1826808,458770,378794,789663,733306,1065723,1099093,101250,694751
63,0.001074,0.001073,0.001072,0.001071,0.00107,0.001069,0.001068,0.001067,0.001066,0.001065,0.001075,0.001076,0.001077,0.001078,0.001079,0.00108,0.001081,0.001082,0.001083,0.001084,101250,739731,1367254,3866530,2804027,268325,877334,308484,369781,656036,179140,1403940,697846,730303,968505,991691,807328,1298296,828556,101250
64,0.001051,0.00105,0.001049,0.001048,0.001047,0.001046,0.001045,0.001044,0.001043,0.001042,0.001053,0.001054,0.001055,0.001056,0.001057,0.001058,0.001059,0.00106,0.001061,0.001062,378966,1549101,1974456,2073486,2185363,1499297,1489060,425836,696421,403481,409404,1076176,1069679,765993,212906,1699967,240783,1282186,1026014,817509
65,0.001051,0.00105,0.001049,0.001048,0.001047,0.001046,0.001045,0.001044,0.001043,0.001042,0.001052,0.001053,0.001054,0.001055,0.001056,0.001057,0.001058,0.001059,0.00106,0.001061,716570,2405162,1170939,1134597,1009590,1472131,1489079,491826,714052,365209,34999,353696,972937,726030,797754,1226334,1401519,472481,1090080,308999
66,0.001052,0.001051,0.00105,0.001049,0.001048,0.001047,0.001046,0.001045,0.001044,0.001043,0.001054,0.001055,0.001056,0.001057,0.001058,0.001059,0.00106,0.001061,0.001062,0.001064,746841,745826,617128,1291284,426715,982215,1472131,1489079,491826,714052,1788271,476300,965122,180987,1494001,1286066,1090080,308999,817509,2156952
67,0.001054,0.001053,0.001052,0.001051,0.00105,0.001049,0.001048,0.001047,0.001046,0.001045,0.001056,0.001057,0.001058,0.001059,0.00106,0.001061,0.001062,0.001063,0.001064,0.001065,630836,2197047,2004657,3336862,1517207,978879,504670,1019220,293814,849522,44033,194891,1628902,663161,1119334,170515,695699,1342950,832032,677297
68,0.001056,0.001055,0.001054,0.001053,0.001052,0.001051,0.00105,0.001049,0.001048,0.001047,0.001059,0.00106,0.001061,0.001062,0.001063,0.001064,0.001065,0.001066,0.001067,0.001068,583911,1183595,1288770,1449542,2001805,1326499,398511,847959,293173,978989,2414672,1140769,342963,710742,101250,1782810,677297,308621,1091272,140690
69,0.001056,0.001055,0.001054,0.001053,0.001052,0.001051,0.00105,0.001049,0.001048,0.001047,0.001058,0.001059,0.00106,0.001061,0.001062,0.001063,0.001064,0.001065,0.001066,0.001067,616079,1254277,1756487,3082443,909968,1326415,398511,847959,293173,978989,28780,1467057,1277302,945517,656036,155676,745647,1714592,460123,1091272
70,0.001057,0.001056,0.001055,0.001054,0.001053,0.001052,0.001051,0.00105,0.001049,0.001048,0.001059,0.00106,0.001061,0.001062,0.001063,0.001064,0.001065,0.001066,0.001067,0.001068,193590,755405,2712728,12172294,1314946,3078075,696114,331632,847959,293173,836229,1081788,442002,824725,294809,1917041,868403,168102,1529937,202082
71,0.001056,0.001055,0.001054,0.001053,0.001052,0.001051,0.00105,0.001049,0.001048,0.001047,0.001058,0.001059,0.00106,0.001061,0.001062,0.001063,0.001064,0.001065,0.001066,0.001067,755405,2712728,11526755,672180,3078075,696114,462661,847959,6694751,978989,179140,202738,1183038,442002,824725,294809,1917041,868403,617414,1080625
72,0.001056,0.001055,0.001054,0.001053,0.001052,0.001051,0.00105,0.001049,0.001048,0.001047,0.001059,0.00106,0.001061,0.001062,0.001063,0.001064,0.001065,0.001066,0.001067,0.001068,625833,2712125,12949730,1294260,3189694,923860,555220,978207,6694751,978989,303988,1803676,441486,824725,296421,1917041,868584,724391,1080625,101250
73,0.001056,0.001055,0.001054,0.001053,0.001052,0.001051,0.00105,0.001049,0.001048,0.001047,0.001059,0.00106,0.001061,0.001062,0.001063,0.001064,0.001065,0.001066,0.001067,0.001068,1071810,3650284,12959373,936518,3189694,990488,331632,978207,6694751,978989,314355,1814392,441515,824725,296421,966430,2136646,617414,1080625,210362
74,0.001057,0.001056,0.001055,0.001054,0.001053,0.001052,0.001051,0.00105,0.001049,0.001048,0.001059,0.00106,0.001061,0.001062,0.001063,0.001064,0.001065,0.001066,0.001067,0.001068,244549,720509,3141573,11305895,1075900,3337273,990488,331632,978207,15558757,297287,783107,841515,824725,296421,966430,2018880,617414,1080625,210362
75,0.001057,0.001056,0.001055,0.001054,0.001053,0.001052,0.001051,0.00105,0.001049,0.001048,0.001059,0.00106,0.001061,0.001062,0.001063,0.001064,0.001065,0.001066,0.001067,0.001068,237866,727220,3145063,12673703,1075900,3809530,990488,331632,978207,15558757,315131,1471474,841515,824725,296421,966430,2018577,617414,1080625,210362
76,0.001056,0.001055,0.001054,0.001053,0.001052,0.001051,0.00105,0.001049,0.001048,0.001047,0.001058,0.001059,0.00106,0.001061,0.001062,0.001063,0.001064,0.001065,0.001066,0.001067,713664,3808732,12397865,1364151,1220142,3580175,462214,978207,15558757,978989,280390,715131,2064207,442156,883996,236603,2116902,1317896,168102,1483173
77,0.001058,0.001057,0.001056,0.001055,0.001054,0.001053,0.001052,0.001051,0.00105,0.001049,0.001059,0.00106,0.001061,0.001062,0.001063,0.001064,0.001065,0.001066,0.001067,0.001068,101250,1659707,2620253,2513216,11305895,3484270,1477483,762742,462214,978207,280390,777162,824128,1496052,236603,1025265,1317896,1463932,1483173,210362
78,0.001058,0.001057,0.001056,0.001055,0.001054,0.001053,0.001052,0.001051,0.00105,0.001049,0.00106,0.001061,0.001062,0.001063,0.001064,0.001065,0.001066,0.001067,0.001068,0.001069,267020,1332651,1383748,3179621,11449203,3484270,1507805,762742,462214,847959,580389,1508230,848391,236603,834429,1317896,1654768,1483173,210362,496826
79,0.001058,0.001057,0.001056,0.001055,0.001054,0.001053,0.001052,0.001051,0.00105,0.001049,0.001059,0.00106,0.001061,0.001062,0.001063,0.001064,0.001065,0.001066,0.001067,0.001068,101250,1256679,1912456,3012611,12499844,3396386,1075353,842993,462214,847959,280390,726087,1565254,795471,236603,836782,1317896,1732550,1562127,249802
80,0.001059,0.001058,0.001057,0.001056,0.001055,0.001054,0.001053,0.001052,0.001051,0.00105,0.001061,0.001062,0.001063,0.001064,0.001065,0.001066,0.001067,0.001068,0.001069,0.00107,1057262,883058,1650010,1864054,3377740,11193534,1017145,861170,696114,462214,680390,411503,797554,999605,677297,869851,1752872,1509974,496826,1068210
81,0.001058,0.001057,0.001056,0.001055,0.001054,0.001053,0.001052,0.001051,0.00105,0.001049,0.00106,0.001061,0.001062,0.001063,0.001064,0.001065,0.001066,0.001067,0.001068,0.001069,759767,1641833,2793229,1682099,13710332,929993,1004098,696114,462214,847959,896734,863881,442176,791389,804758,929030,2399540,1562127,140690,496826
82,0.001059,0.001058,0.001057,0.001056,0.001055,0.001054,0.001053,0.001052,0.001051,0.00105,0.00106,0.001061,0.001062,0.001063,0.001064,0.001065,0.001066,0.001067,0.001068,0.001069,101250,751488,1797978,3128688,2026444,13711551,929993,1004098,696114,462214,101250,1429271,417648,815706,804758,1378342,358847,2787599,140690,496826
83,0.001059,0.001058,0.001057,0.001056,0.001055,0.001054,0.001053,0.001052,0.001051,0.00105,0.001061,0.001062,0.001063,0.001064,0.001065,0.001066,0.001067,0.001068,0.001069,0.00107,1330074,1379390,1650010,1868164,3378958,11126755,968090,861170,696114,423301,680390,411503,874741,115513,1155863,1080267,1752782,1548886,496826,1068210
84,0.001059,0.001058,0.001057,0.001056,0.001055,0.001054,0.001053,0.001052,0.001051,0.00105,0.00106,0.001061,0.001062,0.001063,0.001064,0.001065,0.001066,0.001067,0.001068,0.001069,101250,900271,2807462,2178027,796600,2909148,1192411,992885,696114,292719,280390,886129,1046789,815824,775504,1255885,358847,3454033,101250,496826
85,0.00106,0.001059,0.001058,0.001057,0.001056,0.001055,0.001054,0.001053,0.001052,0.001051,0.001061,0.001062,0.001063,0.001064,0.001065,0.001066,0.001067,0.001068,0.001069,0.00107,101250,1188785,1436630,2075517,3905562,796600,516137,968090,992885,696114,680390,411503,1486837,247169,1255885,1018838,3454033,291905,496826,1068210
86,0.001059,0.001058,0.001057,0.001056,0.001055,0.001054,0.001053,0.001052,0.001051,0.00105,0.00106,0.001061,0.001062,0.001063,0.001064,0.001065,0.001066,0.001067,0.001068,0.001069,2873186,1940174,2475517,3743347,827363,516137,1132528,992885,696114,292719,16855,842737,451166,1483896,271737,746102,1529392,1673649,2084748,496826
87,0.001059,0.001058,0.001057,0.001056,0.001055,0.001054,0.001053,0.001052,0.001051,0.00105,0.001061,0.001062,0.001063,0.001064,0.001065,0.001066,0.001067,0.001068,0.001069,0.00107,2099103,1768061,1250010,2785942,3410940,516137,1132528,992885,696114,292719,800501,1053166,797431,931728,1195414,420089,1713126,2124188,496826,1068210
88,0.00106,0.001059,0.001058,0.001057,0.001056,0.001055,0.001054,0.001053,0.001052,0.001051,0.001061,0.001062,0.001063,0.001064,0.001065,0.001066,0.001067,0.001068,0.001069,0.00107,101250,1676328,2565101,5274096,923772,827363,516137,1132528,992885,696114,667915,655269,797431,271737,878760,1529392,1673649,2084748,496826,1068210
89,0.001061,0.00106,0.001059,0.001058,0.001057,0.001056,0.001055,0.001054,0.001053,0.001052,0.001062,0.001063,0.001064,0.001065,0.001066,0.001067,0.001068,0.001069,0.00107,0.001071,195500,1073832,2463384,3234698,3584215,923772,893324,466486,901022,992885,343904,1446130,653533,970516,1479928,1735772,291726,2671087,1068210,101250
90,0.00106,0.001059,0.001058,0.001057,0.001056,0.001055,0.001054,0.001053,0.001052,0.001051,0.001061,0.001062,0.001063,0.001064,0.001065,0.001066,0.001067,0.001068,0.001069,0.00107,195589,1197870,3256077,4442347,923772,893324,466486,901022,992885,656036,101250,1093217,521979,672547,906061,1361779,1735772,291726,2671087,1068210
91,0.00106,0.001059,0.001058,0.001057,0.001056,0.001055,0.001054,0.001053,0.001052,0.001051,0.001061,0.001062,0.001063,0.001064,0.001065,0.001066,0.001067,0.001068,0.001069,0.00107,101250,891556,2953758,4062988,923772,958975,466486,901022,454213,656036,101250,2215935,1476765,2067912,1355373,252476,1735772,291726,2555107,1068210
92,0.001059,0.001058,0.001057,0.001056,0.001055,0.001054,0.001053,0.001052,0.001051,0.00105,0.00106,0.001061,0.001062,0.001063,0.001064,0.001065,0.001066,0.001067,0.001068,0.001069,29212,1861288,1987623,2422435,3117414,275920,1110602,454213,656036,292719,101250,1684998,712760,1162714,926767,1288521,487258,1673649,2159608,580844
93,0.001058,0.001057,0.001056,0.001055,0.001054,0.001053,0.001052,0.001051,0.00105,0.001049,0.00106,0.001061,0.001062,0.001063,0.001064,0.001065,0.001066,0.001067,0.001068,0.001069,822360,2814184,3008985,1568959,2542817,1110602,458164,656036,292719,847959,250214,830802,1294362,1137380,1376079,902779,423345,3457396,101250,580844
94,0.001059,0.001058,0.001057,0.001056,0.001055,0.001054,0.001053,0.001052,0.001051,0.00105,0.00106,0.001061,0.001062,0.001063,0.001064,0.001065,0.001066,0.001067,0.001068,0.001069,195678,3021488,2836093,4130910,893014,235956,1110602,458164,696114,292719,75962,979766,1276994,1162537,1376079,902779,423345,3457396,101250,580844
95,0.001059,0.001058,0.001057,0.001056,0.001055,0.001054,0.001053,0.001052,0.001051,0.00105,0.00106,0.001061,0.001062,0.001063,0.001064,0.001065,0.001066,0.001067,0.001068,0.001069,404646,1367612,2205321,3059706,3066517,426611,1110602,458164,696114,292719,75962,922847,1275300,1545387,1345825,902779,447466,3018731,101250,580844
96,0.001059,0.001058,0.001057,0.001056,0.001055,0.001054,0.001053,0.001052,0.001051,0.00105,0.00106,0.001061,0.001062,0.001063,0.001064,0.001065,0.001066,0.001067,0.001068,0.001069,517565,1950966,2209276,3035565,3066517,426611,1110602,458164,696114,292719,101250,956587,1243210,1096075,1795137,902779,447466,3014749,291905,580844
97,0.001058,0.001057,0.001056,0.001055,0.001054,0.001053,0.001052,0.001051,0.00105,0.001049,0.00106,0.001061,0.001062,0.001063,0.001064,0.001065,0.001066,0.001067,0.001068,0.001069,2393319,2196506,2447208,2052290,2489653,1110602,458164,696114,292719,847959,193295,1427914,619240,1070528,1795137,902779,447466,2975660,291905,580844
98,0.001059,0.001058,0.001057,0.001056,0.001055,0.001054,0.001053,0.001052,0.001051,0.00105,0.00106,0.001061,0.001062,0.001063,0.001064,0.001065,0.001066,0.001067,0.001068,0.001069,698864,2091190,3290933,4698172,893014,426611,1110602,458164,696114,292719,101250,1481133,593746,1095631,1795137,902779,447466,2975660,291905,580844
99,0.001059,0.001058,0.001057,0.001056,0.001055,0.001054,0.001053,0.001052,0.001051,0.00105,0.00106,0.001061,0.001062,0.001063,0.001064,0.001065,0.001066,0.001067,0.001068,0.001069,959959,2251744,2490256,4669716,853156,426611,1116981,458164,696114,292719,101250,878721,1169131,1095631,1795137,902779,447556,2975660,291905,580844
100,0.001059,0.001058,0.001057,0.001056,0.001055,0.001054,0.001053,0.001052,0.001051,0.00105,0.00106,0.001061,0.001062,0.001063,0.001064,0.001065,0.001066,0.001067,0.001068,0.001069,235288,1665888,3467191,4266592,853156,426611,1116981,458164,696114,292719,101250,1445263,593715,1095631,1795137,902779,447556,2984042,291905,580844
101,0.001059,0.001058,0.001057,0.001056,0.001055,0.001054,0.001053,0.001052,0.001051,0.00105,0.00106,0.001061,0.001062,0.001063,0.001064,0.001065,0.001066,0.001067,0.001068,0.001069,235288,1630957,3677996,4201631,853156,426611,1116981,458164,696114,292719,101250,1436510,593715,1095631,1795137,902779,447556,2984042,291905,580844
102,0.001059,0.001058,0.001057,0.001056,0.001055,0.001054,0.001053,0.001052,0.001051,0.00105,0.00106,0.001061,0.001062,0.001063,0.001064,0.001065,0.001066,0.001067,0.001068,0.001069,719630,1637599,3180449,2668855,3087514,426611,1116981,458164,696114,292719,63640,1421413,593715,1095631,1795137,902779,447556,2984042,291905,580844
103,0.001059,0.001058,0.001057,0.001056,0.001055,0.001054,0.001053,0.001052,0.001051,0.00105,0.00106,0.001061,0.001062,0.001063,0.001064,0.001065,0.001066,0.001067,0.001068,0.001069,719630,2183772,2663733,1812836,3087514,426611,1116981,458164,696114,292719,63640,1416318,593715,1095631,1795137,902779,447556,2982064,291905,580844
104,0.001059,0.001058,0.001057,0.001056,0.001055,0.001054,0.001053,0.001052,0.001051,0.00105,0.00106,0.001061,0.001062,0.001063,0.001064,0.001065,0.001066,0.001067,0.001068,0.001069,566854,2185466,2264272,2212836,3087514,426611,1116981,458164,696114,292719,63640,1391524,593715,1095631,1795137,902779,447556,2982064,291905,620247
105,0.001059,0.001058,0.001057,0.001056,0.001055,0.001054,0.001053,0.001052,0.001051,0.00105,0.00106,0.001061,0.001062,0.001063,0.001064,0.001065,0.001066,0.001067,0.001068,0.001069,400328,2186996,2264692,2787468,853156,426611,1116981,458164,696114,292719,63640,1392399,593715,1095631,1795137,902779,447556,2982064,291905,659650
106,0.001059,0.001058,0.001057,0.001056,0.001055,0.001054,0.001053,0.001052,0.001051,0.00105,0.00106,0.001061,0.001062,0.001063,0.001064,0.001065,0.001066,0.001067,0.001068,0.001069,400328,2189027,2664886,1801069,2982441,426611,1116981,458164,696114,292719,58949,1394228,593715,1095631,1795137,902779,447556,2980020,291905,620247
107,0.001059,0.001058,0.001057,0.001056,0.001055,0.001054,0.001053,0.001052,0.001051,0.00105,0.00106,0.001061,0.001062,0.001063,0.001064,0.001065,0.001066,0.001067,0.001068,0.001069,400328,2190277,2265628,2776582,2982441,492563,1116981,458164,696114,292719,58949,1394784,593715,1095631,1795137,902779,447556,2980020,291905,580844
108,0.00106,0.001059,0.001058,0.001057,0.001056,0.001055,0.001054,0.001053,0.001052,0.001051,0.001061,0.001062,0.001063,0.001064,0.001065,0.001066,0.001067,0.001068,0.001069,0.00107,101250,2178705,1503841,2689700,1499555,2982441,492563,1150505,423891,696114,501250,1169913,1095631,1345825,1352091,447556,2980020,291905,580844,1068210
109,0.00106,0.001059,0.001058,0.001057,0.001056,0.001055,0.001054,0.001053,0.001052,0.001051,0.001061,0.001062,0.001063,0.001064,0.001065,0.001066,0.001067,0.001068,0.001069,0.00107,101250,2179625,1504010,3327166,3716416,787505,532527,1150505,423891,656036,501250,1164209,1102222,1135146,902779,1107547,2976418,291905,580844,1068210
110,0.001059,0.001058,0.001057,0.001056,0.001055,0.001054,0.001053,0.001052,0.001051,0.00105,0.00106,0.001061,0.001062,0.001063,0.001064,0.001065,0.001066,0.001067,0.001068,0.001069,1720454,1195423,4509888,3952573,787505,532527,1150505,423891,656036,292719,101250,815082,1172563,1095631,1135146,902779,1107547,2976418,291905,580844
111,0.001059,0.001058,0.001057,0.001056,0.001055,0.001054,0.001053,0.001052,0.001051,0.00105,0.00106,0.001061,0.001062,0.001063,0.001064,0.001065,0.001066,0.001067,0.001068,0.001069,1720454,1510590,2777629,3953105,787505,532527,1150505,423891,656036,292719,101250,815082,1751099,1673041,1795137,902779,447556,2976418,291905,580844
112,0.001059,0.001058,0.001057,0.001056,0.001055,0.001054,0.001053,0.001052,0.001051,0.00105,0.00106,0.001061,0.001062,0.001063,0.001064,0.001065,0.001066,0.001067,0.001068,0.001069,1720454,2095185,3385001,4050182,787505,532527,1150505,423891,656036,292719,101250,847017,1178189,1095631,1135146,902779,3040239,1044508,291905,580844
113,0.001059,0.001058,0.001057,0.001056,0.001055,0.001054,0.001053,0.001052,0.001051,0.00105,0.001061,0.001062,0.001063,0.001064,0.001065,0.001066,0.001067,0.001068,0.001069,0.00107,2014779,1512504,3147059,3472066,787505,532527,1150505,423891,656036,292719,680390,1178454,1095631,685834,1352091,1107547,2975839,291905,620247,1068210
114,0.00106,0.001059,0.001058,0.001057,0.001056,0.001055,0.001054,0.001053,0.001052,0.001051,0.001061,0.001062,0.001063,0.001064,0.001065,0.001066,0.001067,0.001068,0.001069,0.00107,101250,3161886,1217680,3120689,3236996,787505,532527,1151485,423891,656036,101250,587463,2268817,1112290,1288521,1174442,1044508,2317509,580844,1068210
115,0.00106,0.001059,0.001058,0.001057,0.001056,0.001055,0.001054,0.001053,0.001052,0.001051,0.001061,0.001062,0.001063,0.001064,0.001065,0.001066,0.001067,0.001068,0.001069,0.00107,280390,3434016,2264832,4794560,923772,853620,532527,1085174,423891,656036,101250,575257,1683584,1251112,1387786,1529873,1740525,2251531,580844,956035
116,0.001061,0.00106,0.001059,0.001058,0.001057,0.001056,0.001055,0.001054,0.001053,0.001052,0.001062,0.001063,0.001064,0.001065,0.001066,0.001067,0.001068,0.001069,0.00107,0.001071,83106,2169451,3854842,1815233,4117381,923772,853620,532527,1085174,423891,264578,1676597,831744,1791358,1572604,1147501,332773,2445681,1358583,216945
117,0.001061,0.00106,0.001059,0.001058,0.001057,0.001056,0.001055,0.001054,0.001053,0.001052,0.001062,0.001063,0.001064,0.001065,0.001066,0.001067,0.001068,0.001069,0.00107,0.001071,184356,2098050,3431477,2213541,3540430,923772,853620,532527,1085174,423891,264578,1671307,1406317,1215151,1572604,1147501,332773,2445681,1358583,216945
118,0.00106,0.001059,0.001058,0.001057,0.001056,0.001055,0.001054,0.001053,0.001052,0.001051,0.001062,0.001063,0.001064,0.001065,0.001066,0.001067,0.001068,0.001069,0.00107,0.001071,1396974,3598544,2420937,3545934,923772,853620,532527,1085174,423891,656036,264578,1655781,1390163,1214993,1572604,1147501,332773,2445681,1358583,256274
119,0.001061,0.00106,0.001059,0.001058,0.001057,0.001056,0.001055,0.001054,0.001053,0.001052,0.001062,0.001063,0.001064,0.001065,0.001066,0.001067,0.001068,0.001069,0.00107,0.001071,101250,1944395,2904186,2566248,3545934,923772,853620,532527,1085174,423891,361110,1628525,809521,1281845,1505752,1147501,332773,2481383,1397949,295603
120,0.001062,0.001061,0.00106,0.001059,0.001058,0.001057,0.001056,0.001055,0.001054,0.001053,0.001063,0.001064,0.001065,0.001066,0.001067,0.001068,0.001069,0.00107,0.001071,0.001072,332437,1195117,2089789,1422249,3627488,967225,438408,853620,532527,1069030,201249,1249312,1441957,2033490,1762773,207234,491724,3363928,179908,1058223
121,0.001062,0.001061,0.00106,0.001059,0.001058,0.001057,0.001056,0.001055,0.001054,0.001053,0.001064,0.001065,0.001066,0.001067,0.001068,0.001069,0.00107,0.001071,0.001072,0.001073,1921611,2601490,4728508,775950,1217051,854357,438408,787505,492563,925761,94250,719297,1540504,2882985,1412539,366683,1548700,2295184,935632,124614
122,0.001062,0.001061,0.00106,0.001059,0.001058,0.001057,0.001056,0.001055,0.001054,0.001053,0.001064,0.001065,0.001066,0.001067,0.001068,0.001069,0.00107,0.001071,0.001072,0.001073,3721065,2665755,4571190,972193,1280779,854357,438408,787505,426611,965763,94250,473441,1435756,2802580,1412539,366683,1548700,358219,2898689,124614
123,0.001063,0.001062,0.001061,0.00106,0.001059,0.001058,0.001057,0.001056,0.001055,0.001054,0.001064,0.001065,0.001066,0.001067,0.001068,0.001069,0.00107,0.001071,0.001072,0.001073,184199,2976716,1964723,2991111,3033285,1280779,854357,438408,787505,426611,49359,1989207,1142749,1725270,1412539,366683,1548700,397548,2937982,124614
124,0.001062,0.001061,0.00106,0.001059,0.001058,0.001057,0.001056,0.001055,0.001054,0.001053,0.001063,0.001064,0.001065,0.001066,0.001067,0.001068,0.001069,0.00107,0.001071,0.001072,511577,1065118,2484070,1841812,3778548,886509,438408,787505,426611,892237,101250,651771,2174153,2032744,1747782,303236,596024,1548700,2129461,974925
125,0.001062,0.001061,0.00106,0.001059,0.001058,0.001057,0.001056,0.001055,0.001054,0.001053,0.001063,0.001064,0.001065,0.001066,0.001067,0.001068,0.001069,0.00107,0.001071,0.001072,511577,1005148,2862379,2459105,3778548,886509,438408,787505,426611,892237,101250,659246,2152278,2063647,1747782,342676,556711,1615552,2062609,935632
126,0.001062,0.001061,0.00106,0.001059,0.001058,0.001057,0.001056,0.001055,0.001054,0.001053,0.001063,0.001064,0.001065,0.001066,0.001067,0.001068,0.001069,0.00107,0.001071,0.001072,511577,1589936,2886556,2088458,3778548,886509,438408,787505,426611,892237,101250,659246,2217716,1672571,2147782,303236,556711,1615552,2062609,935632
127,0.001062,0.001061,0.00106,0.001059,0.001058,0.001057,0.001056,0.001055,0.001054,0.001053,0.001063,0.001064,0.001065,0.001066,0.001067,0.001068,0.001069,0.00107,0.001071,0.001072,601196,1594071,1399022,1449015,3238172,886509,438408,787505,426611,892237,101250,480106,1649091,1093250,2147782,303236,556711,1615552,2058673,935632
128,0.001062,0.001061,0.00106,0.001059,0.001058,0.001057,0.001056,0.001055,0.001054,0.001053,0.001063,0.001064,0.001065,0.001066,0.001067,0.001068,0.001069,0.00107,0.001071,0.001072,511577,2186907,2307229,1908254,2753148,886509,438408,787505,426611,892237,101250,598651,2819004,1493250,1747782,303236,623473,3505859,101250,935632
129,0.001062,0.001061,0.00106,0.001059,0.001058,0.001057,0.001056,0.001055,0.001054,0.001053,0.001063,0.001064,0.001065,0.001066,0.001067,0.001068,0.001069,0.00107,0.001071,0.001072,168279,1227411,2790663,1779958,2797061,820237,483584,893540,426611,846781,140875,1194126,2222220,2038042,1727231,369661,558038,3315742,101250,935632
130,0.001062,0.001061,0.00106,0.001059,0.001058,0.001057,0.001056,0.001055,0.001054,0.001053,0.001063,0.001064,0.001065,0.001066,0.001067,0.001068,0.001069,0.00107,0.001071,0.001072,257536,1139142,2585057,1781324,2797061,820237,483584,893540,426611,846781,135154,1198678,2224490,2488556,1277919,369661,558038,3315742,101250,935632
131,0.00106,0.001059,0.001058,0.001057,0.001056,0.001055,0.001054,0.001053,0.001052,0.001051,0.001061,0.001062,0.001063,0.001064,0.001065,0.001066,0.001067,0.001068,0.001069,0.00107,592264,2478124,1602365,2085781,2276390,893540,426611,846781,292176,656036,101250,733101,2199510,2219170,1817146,367195,1352199,2474876,368100,1358583
132,0.001059,0.001058,0.001057,0.001056,0.001055,0.001054,0.001053,0.001052,0.001051,0.00105,0.00106,0.001061,0.001062,0.001063,0.001064,0.001065,0.001066,0.001067,0.001068,0.001069,606879,1440523,1482832,1667003,3003394,493274,1012244,332216,656036,292719,101250,325321,1930122,1617932,1435067,1417146,2707267,1270921,283629,368100
133,0.001059,0.001058,0.001057,0.001056,0.001055,0.001054,0.001053,0.001052,0.001051,0.00105,0.00106,0.001061,0.001062,0.001063,0.001064,0.001065,0.001066,0.001067,0.001068,0.001069,1308175,835167,1482832,2254538,3003394,493274,1012244,332216,656036,292719,140987,325321,1344294,991182,1884379,967834,2707267,1270921,283629,368100
134,0.001059,0.001058,0.001057,0.001056,0.001055,0.001054,0.001053,0.001052,0.001051,0.00105,0.00106,0.001061,0.001062,0.001063,0.001064,0.001065,0.001066,0.001067,0.001068,0.001069,1851159,1423097,2070741,1667003,3003394,493274,1012244,471527,656036,292719,39737,558057,1112575,2166960,1884379,967834,580173,3311877,283629,368100
135,0.001059,0.001058,0.001057,0.001056,0.001055,0.001054,0.001053,0.001052,0.001051,0.00105,0.00106,0.001061,0.001062,0.001063,0.001064,0.001065,0.001066,0.001067,0.001068,0.001069,1360625,2011841,2036960,3582860,787505,493274,1012244,471527,656036,292719,140987,557902,1702445,1579526,1884379,967834,580173,3311877,283629,368100
136,0.001059,0.001058,0.001057,0.001056,0.001055,0.001054,0.001053,0.001052,0.001051,0.00105,0.00106,0.001061,0.001062,0.001063,0.001064,0.001065,0.001066,0.001067,0.001068,0.001069,751013,2318095,2625510,3583293,787505,493274,1012244,471527,656036,292719,140987,558481,1703199,2568344,1484379,989095,580173,3714425,262368,368100
137,0.001059,0.001058,0.001057,0.001056,0.001055,0.001054,0.001053,0.001052,0.001051,0.00105,0.001061,0.001062,0.001063,0.001064,0.001065,0.001066,0.001067,0.001068,0.001069,0.00107,992907,1702613,2701273,1885956,2974241,493274,1053949,471527,656036,292719,497593,1748308,2209634,1884379,989095,580173,3628082,262368,647696,1075795
138,0.001059,0.001058,0.001057,0.001056,0.001055,0.001054,0.001053,0.001052,0.001051,0.00105,0.001061,0.001062,0.001063,0.001064,0.001065,0.001066,0.001067,0.001068,0.001069,0.00107,1008402,1797934,2764934,1917782,2974241,493274,1053949,471527,656036,292719,497049,1832062,2273256,1884379,989095,389697,3628082,452934,647696,1075795
139,0.00106,0.001059,0.001058,0.001057,0.001056,0.001055,0.001054,0.001053,0.001052,0.001051,0.001061,0.001062,0.001063,0.001064,0.001065,0.001066,0.001067,0.001068,0.001069,0.00107,101250,1673763,1521753,1776755,790149,2974241,527654,1053949,471527,656036,264718,2104399,2322570,1435067,1438407,389697,3628082,452934,647696,1075795
140,0.001059,0.001058,0.001057,0.001056,0.001055,0.001054,0.001053,0.001052,0.001051,0.00105,0.001061,0.001062,0.001063,0.001064,0.001065,0.001066,0.001067,0.001068,0.001069,0.00107,1121012,1511553,1776245,1327619,3023368,527654,1053949,471527,656036,292719,496951,1182841,991135,1544650,1438407,409304,1673469,2404897,580844,1075795
141,0.001059,0.001058,0.001057,0.001056,0.001055,0.001054,0.001053,0.001052,0.001051,0.00105,0.00106,0.001061,0.001062,0.001063,0.001064,0.001065,0.001066,0.001067,0.001068,0.001069,660658,826011,1776245,1623910,3023368,527654,1053949,471527,656036,292719,101250,317320,727813,1391135,1593962,989095,599870,1673469,2214331,580844
142,0.001059,0.001058,0.001057,0.001056,0.001055,0.001054,0.001053,0.001052,0.001051,0.00105,0.00106,0.001061,0.001062,0.001063,0.001064,0.001065,0.001066,0.001067,0.001068,0.001069,660658,2033493,2366684,2214322,3023368,527654,1053949,471527,656036,292719,101250,548048,1704227,1981534,1593962,989095,599870,1673469,2214331,580844
143,0.001059,0.001058,0.001057,0.001056,0.001055,0.001054,0.001053,0.001052,0.001051,0.00105,0.00106,0.001061,0.001062,0.001063,0.001064,0.001065,0.001066,0.001067,0.001068,0.001069,660658,2374785,3590601,3146508,849509,527654,1053949,471527,656036,292719,101250,547469,1728018,1992051,1484379,989095,599870,3700739,262368,580844
144,0.001059,0.001058,0.001057,0.001056,0.001055,0.001054,0.001053,0.001052,0.001051,0.00105,0.00106,0.001061,0.001062,0.001063,0.001064,0.001065,0.001066,0.001067,0.001068,0.001069,660658,2374785,2989654,3700317,849509,527654,1100537,471527,656036,292719,101250,547469,1730135,1992051,1484379,989095,599870,3700739,262368,580844
145,0.001059,0.001058,0.001057,0.001056,0.001055,0.001054,0.001053,0.001052,0.001051,0.00105,0.00106,0.001061,0.001062,0.001063,0.001064,0.001065,0.001066,0.001067,0.001068,0.001069,761796,2031779,2980325,3692919,849509,527654,1100537,471527,656036,292719,75777,1168028,1679952,1391135,1484379,989095,599870,3700739,262368,580844
146,0.001059,0.001058,0.001057,0.001056,0.001055,0.001054,0.001053,0.001052,0.001051,0.00105,0.001061,0.001062,0.001063,0.001064,0.001065,0.001066,0.001067,0.001068,0.001069,0.00107,1222740,1503098,1776472,2125341,3152324,527654,1072859,471527,656036,292719,1127584,1764134,1391135,1484379,989095,580263,3687983,262368,580844,1075795
147,0.00106,0.001059,0.001058,0.001057,0.001056,0.001055,0.001054,0.001053,0.001052,0.001051,0.001061,0.001062,0.001063,0.001064,0.001065,0.001066,0.001067,0.001068,0.001069,0.00107,101250,1344322,819336,1776472,744973,3152324,527654,1072859,471527,656036,220344,726631,991135,1884379,989095,580263,3623570,262368,580844,1075795
148,0.001058,0.001057,0.001056,0.001055,0.001054,0.001053,0.001052,0.001051,0.00105,0.001049,0.001059,0.00106,0.001061,0.001062,0.001063,0.001064,0.001065,0.001066,0.001067,0.001068,691678,1524848,1025259,1361723,2335213,1138098,471527,656036,292719,656036,101250,509515,1385517,1176813,1414105,375076,875902,515030,3623570,262368
149,0.001057,0.001056,0.001055,0.001054,0.001053,0.001052,0.001051,0.00105,0.001049,0.001048,0.001059,0.00106,0.001061,0.001062,0.001063,0.001064,0.001065,0.001066,0.001067,0.001068,1586444,2394363,1888807,2163421,2842625,537122,799509,292719,656036,101250,359940,513300,2524981,2137801,964793,700046,1067643,2404463,1044508,262368
150,0.001058,0.001057,0.001056,0.001055,0.001054,0.001053,0.001052,0.001051,0.00105,0.001049,0.001059,0.00106,0.001061,0.001062,0.001063,0.001064,0.001065,0.001066,0.001067,0.001068,280390,3657491,1994248,1697827,767950,2842625,537122,799509,292719,656036,180800,506751,1234329,2826493,964793,700046,1067643,2404463,1044508,262368
151,0.001058,0.001057,0.001056,0.001055,0.001054,0.001053,0.001052,0.001051,0.00105,0.001049,0.001059,0.00106,0.001061,0.001062,0.001063,0.001064,0.001065,0.001066,0.001067,0.001068,453644,3129687,2271613,1568385,2714194,945354,537122,799509,292719,656036,79550,327611,679612,1518041,1559958,1360037,1067643,2461636,1044508,262368
152,0.001057,0.001056,0.001055,0.001054,0.001053,0.001052,0.001051,0.00105,0.001049,0.001048,0.001058,0.001059,0.00106,0.001061,0.001062,0.001063,0.001064,0.001065,0.001066,0.001067,671651,2084015,2010163,2051933,2857733,537122,799509,292719,656036,101250,101250,359940,513611,2409684,2653271,964793,890972,1000791,2270710,1044508
153,0.001057,0.001056,0.001055,0.001054,0.001053,0.001052,0.001051,0.00105,0.001049,0.001048,0.001058,0.001059,0.00106,0.001061,0.001062,0.001063,0.001064,0.001065,0.001066,0.001067,588289,1567288,2039625,2203043,2850747,537122,799509,292719,656036,101250,101250,587094,1509745,1853715,2117058,964793,890972,1000791,2280309,1044508
154,0.001057,0.001056,0.001055,0.001054,0.001053,0.001052,0.001051,0.00105,0.001049,0.001048,0.001058,0.001059,0.00106,0.001061,0.001062,0.001063,0.001064,0.001065,0.001066,0.001067,493682,1576238,2645116,2220436,2850747,537122,799509,292719,656036,101250,90766,406949,1527976,1855470,1520122,964793,890972,1000791,2280309,1044508
155,0.001057,0.001056,0.001055,0.001054,0.001053,0.001052,0.001051,0.00105,0.001049,0.001048,0.001058,0.001059,0.00106,0.001061,0.001062,0.001063,0.001064,0.001065,0.001066,0.001067,313516,953926,2782982,1980636,903649,2343119,799509,426514,656036,101250,73459,585961,1341196,2451381,1520122,785653,890972,3111899,324464,1044508
156,0.001056,0.001055,0.001054,0.001053,0.001052,0.001051,0.00105,0.001049,0.001048,0.001047,0.001057,0.001058,0.001059,0.00106,0.001061,0.001062,0.001063,0.001064,0.001065,0.001066,594293,1988972,1308366,2150468,2734575,864912,426514,656036,101250,656036,101250,478129,2235466,1823647,1921043,410819,1042879,811264,2921063,324464
157,0.001056,0.001055,0.001054,0.001053,0.001052,0.001051,0.00105,0.001049,0.001048,0.001047,0.001057,0.001058,0.001059,0.00106,0.001061,0.001062,0.001063,0.001064,0.001065,0.001066,594293,1304616,1308366,1514696,2694535,864912,426514,696190,101250,656036,101250,478129,1534602,1187566,1291307,410819,1042879,2908418,876807,324464
158,0.001056,0.001055,0.001054,0.001053,0.001052,0.001051,0.00105,0.001049,0.001048,0.001047,0.001058,0.001059,0.00106,0.001061,0.001062,0.001063,0.001064,0.001065,0.001066,0.001067,1285381,2916095,3101062,2893512,738939,864912,426514,696190,101250,656036,252599,591805,1814567,1921037,1070810,851773,811264,2892238,324464,1044508
159,0.001056,0.001055,0.001054,0.001053,0.001052,0.001051,0.00105,0.001049,0.001048,0.001047,0.001058,0.001059,0.00106,0.001061,0.001062,0.001063,0.001064,0.001065,0.001066,0.001067,1025368,2263754,2949059,2893512,738939,898691,426514,696190,101250,656036,252599,590904,1178684,1938428,1070810,1042879,811264,2892238,324464,1044508
160,0.001054,0.001053,0.001052,0.001051,0.00105,0.001049,0.001048,0.001047,0.001046,0.001045,0.001056,0.001057,0.001058,0.001059,0.00106,0.001061,0.001062,0.001063,0.001064,0.001065,1130190,1586472,2234480,2294860,2737748,925989,484437,656036,101250,656036,320278,510249,1578254,1898954,1210553,729152,444227,2994476,1022886,788694
161,0.001054,0.001053,0.001052,0.001051,0.00105,0.001049,0.001048,0.001047,0.001046,0.001045,0.001055,0.001056,0.001057,0.001058,0.001059,0.00106,0.001061,0.001062,0.001063,0.001064,1189888,1918560,1114810,1518020,2737748,885835,535937,656036,101250,696344,141176,543507,1496914,679118,1284488,870824,1378983,2482908,785653,584221
162,0.001054,0.001053,0.001052,0.001051,0.00105,0.001049,0.001048,0.001047,0.001046,0.001045,0.001055,0.001056,0.001057,0.001058,0.001059,0.00106,0.001061,0.001062,0.001063,0.001064,101250,2653624,2964112,2308624,3017646,885835,535937,798954,101250,696344,141176,542725,1511875,1101911,835176,936088,1312686,2482908,785653,584221
163,0.001055,0.001054,0.001053,0.001052,0.001051,0.00105,0.001049,0.001048,0.001047,0.001046,0.001057,0.001058,0.001059,0.00106,0.001061,0.001062,0.001063,0.001064,0.001065,0.001066,1803842,2268383,2327874,2206858,3043361,970352,856291,366347,798954,101250,192152,1564241,1261458,1955906,1121127,508639,2827640,584221,788694,726606
164,0.001054,0.001053,0.001052,0.001051,0.00105,0.001049,0.001048,0.001047,0.001046,0.001045,0.001056,0.001057,0.001058,0.001059,0.00106,0.001061,0.001062,0.001063,0.001064,0.001065,1477447,1924458,2725123,1972673,3032464,856291,518957,798954,101250,696344,280390,1467538,678207,1284488,761241,1167160,444227,2827640,584221,788694
165,0.001053,0.001052,0.001051,0.00105,0.001049,0.001048,0.001047,0.001046,0.001045,0.001044,0.001055,0.001056,0.001057,0.001058,0.001059,0.00106,0.001061,0.001062,0.001063,0.001064,1968826,1690156,2476856,2703524,3041197,585888,798954,101250,696344,109163,101250,280390,2322211,266862,856437,825758,1681455,2234617,1065249,181673
166,0.001054,0.001053,0.001052,0.001051,0.00105,0.001049,0.001048,0.001047,0.001046,0.001045,0.001056,0.001057,0.001058,0.001059,0.00106,0.001061,0.001062,0.001063,0.001064,0.001065,1479528,2431251,2977729,3069774,778793,789418,585888,798954,101250,696344,280390,846323,1142553,856437,825758,1489805,2234617,1065249,181673,788694
167,0.001056,0.001055,0.001054,0.001053,0.001052,0.001051,0.00105,0.001049,0.001048,0.001047,0.001058,0.001059,0.00106,0.001061,0.001062,0.001063,0.001064,0.001065,0.001066,0.001067,857657,1447525,2474023,2498502,1549888,2836592,536735,829572,366347,798954,101250,1936525,172998,1087257,978520,1065249,2372508,1382620,562865,641960
168,0.001057,0.001056,0.001055,0.001054,0.001053,0.001052,0.001051,0.00105,0.001049,0.001048,0.001058,0.001059,0.00106,0.001061,0.001062,0.001063,0.001064,0.001065,0.001066,0.001067,101250,1134905,2861980,2546844,3594431,917802,834969,536735,829572,366347,280390,1051040,572594,1087257,978520,976759,2372508,1191242,842461,641960
169,0.001055,0.001054,0.001053,0.001052,0.001051,0.00105,0.001049,0.001048,0.001047,0.001046,0.001057,0.001058,0.001059,0.00106,0.001061,0.001062,0.001063,0.001064,0.001065,0.001066,934384,1161915,2802231,2508995,2999225,536735,829572,366347,798954,101250,101250,1084916,1261009,146762,1087257,978520,976759,2372508,1191242,842461
170,0.001054,0.001053,0.001052,0.001051,0.00105,0.001049,0.001048,0.001047,0.001046,0.001045,0.001056,0.001057,0.001058,0.001059,0.00106,0.001061,0.001062,0.001063,0.001064,0.001065,1299642,1478489,1974127,1525857,2314533,895636,498913,798954,101250,656036,101250,286811,724499,880688,761241,1152856,444227,2979057,248525,1191242
171,0.001054,0.001053,0.001052,0.001051,0.00105,0.001049,0.001048,0.001047,0.001046,0.001045,0.001056,0.001057,0.001058,0.001059,0.00106,0.001061,0.001062,0.001063,0.001064,0.001065,1573245,2847030,2627372,2179017,2314533,895636,498913,798954,101250,656036,101250,1002192,724499,880688,761241,1152856,846775,2979057,248525,788694
172,0.001054,0.001053,0.001052,0.001051,0.00105,0.001049,0.001048,0.001047,0.001046,0.001045,0.001056,0.001057,0.001058,0.001059,0.00106,0.001061,0.001062,0.001063,0.001064,0.001065,1575533,3209387,2630074,1897945,2658530,895636,498913,798954,101250,656036,101250,280390,1422312,906628,761241,1152856,846775,2979057,248525,788694
173,0.001055,0.001054,0.001053,0.001052,0.001051,0.00105,0.001049,0.001048,0.001047,0.001046,0.001057,0.001058,0.001059,0.00106,0.001061,0.001062,0.001063,0.001064,0.001065,0.001066,1577956,2409872,2503642,2651898,3003882,470960,895636,498913,656036,101250,101250,304891,2014368,101250,1087257,1379827,976759,2369909,788694,842461
174,0.001056,0.001055,0.001054,0.001053,0.001052,0.001051,0.00105,0.001049,0.001048,0.001047,0.001057,0.001058,0.001059,0.00106,0.001061,0.001062,0.001063,0.001064,0.001065,0.001066,101250,1437317,2483603,3186990,1324889,2970103,497018,895636,498913,656036,101250,286841,2054355,101250,1087257,1379827,976759,2369909,788694,842461
175,0.001056,0.001055,0.001054,0.001053,0.001052,0.001051,0.00105,0.001049,0.001048,0.001047,0.001058,0.001059,0.00106,0.001061,0.001062,0.001063,0.001064,0.001065,0.001066,0.001067,1048078,2857736,1468087,2219629,3393075,789116,564132,829572,498913,656036,280390,1098791,527075,1087257,1379827,976759,2367503,788694,842461,641960
176,0.001056,0.001055,0.001054,0.001053,0.001052,0.001051,0.00105,0.001049,0.001048,0.001047,0.001057,0.001058,0.001059,0.00106,0.001061,0.001062,0.001063,0.001064,0.001065,0.001066,280390,1419626,2110602,2193559,3393075,789116,564132,829572,498913,656036,101250,969396,332480,527075,1154109,1379827,976759,2367593,788694,842461
177,0.001056,0.001055,0.001054,0.001053,0.001052,0.001051,0.00105,0.001049,0.001048,0.001047,0.001058,0.001059,0.00106,0.001061,0.001062,0.001063,0.001064,0.001065,0.001066,0.001067,264945,1265351,1755202,2848613,3393075,822999,564132,829572,498913,656036,286818,1060802,501250,1154109,1379827,976759,2367593,788694,842461,641960
178,0.001057,0.001056,0.001055,0.001054,0.001053,0.001052,0.001051,0.00105,0.001049,0.001048,0.001058,0.001059,0.00106,0.001061,0.001062,0.001063,0.001064,0.001065,0.001066,0.001067,305764,1511641,1285489,1714615,2956973,929678,822999,564132,829572,366347,101250,280390,1286678,1180188,1315479,849925,373051,2974120,719915,641960
179,0.001057,0.001056,0.001055,0.001054,0.001053,0.001052,0.001051,0.00105,0.001049,0.001048,0.001058,0.001059,0.00106,0.001061,0.001062,0.001063,0.001064,0.001065,0.001066,0.001067,314672,1133919,2596410,1756738,940790,2806064,822999,564132,829572,366347,101250,280390,1225194,1179743,1315479,849925,373051,2974120,719915,641960
180,0.001057,0.001056,0.001055,0.001054,0.001053,0.001052,0.001051,0.00105,0.001049,0.001048,0.001058,0.001059,0.00106,0.001061,0.001062,0.001063,0.001064,0.001065,0.001066,0.001067,136910,1123201,2546282,1131616,940790,2806064,822999,564132,829572,366347,101250,1541392,553327,1795346,1315479,849925,373051,2974120,604060,641960
181,0.001057,0.001056,0.001055,0.001054,0.001053,0.001052,0.001051,0.00105,0.001049,0.001048,0.001058,0.001059,0.00106,0.001061,0.001062,0.001063,0.001064,0.001065,0.001066,0.001067,316050,1118635,2530985,1704852,2919693,929678,888139,497018,829572,366347,101250,923218,153327,1580370,1315479,849925,373051,2972838,604060,641960
182,0.001057,0.001056,0.001055,0.001054,0.001053,0.001052,0.001051,0.00105,0.001049,0.001048,0.001058,0.001059,0.00106,0.001061,0.001062,0.001063,0.001064,0.001065,0.001066,0.001067,322587,1129280,2561402,1725661,2893623,929678,888139,497018,829572,366347,101250,280390,1009426,1513518,1315479,849925,373051,2972838,604060,641960
183,0.001057,0.001056,0.001055,0.001054,0.001053,0.001052,0.001051,0.00105,0.001049,0.001048,0.001059,0.00106,0.001061,0.001062,0.001063,0.001064,0.001065,0.001066,0.001067,0.001068,470404,1393167,3520183,2289562,2714483,431577,893709,497018,829572,366347,280390,1008581,1513561,655488,785653,906759,979710,2597570,641960,695000
184,0.001057,0.001056,0.001055,0.001054,0.001053,0.001052,0.001051,0.00105,0.001049,0.001048,0.001058,0.001059,0.00106,0.001061,0.001062,0.001063,0.001064,0.001065,0.001066,0.001067,322587,1714864,2637314,2424815,2942930,431577,893709,497018,829572,366347,101250,280390,993516,1513561,1315479,785653,437694,979710,2597570,641960
185,0.001057,0.001056,0.001055,0.001054,0.001053,0.001052,0.001051,0.00105,0.001049,0.001048,0.001059,0.00106,0.001061,0.001062,0.001063,0.001064,0.001065,0.001066,0.001067,0.001068,800590,1966568,3304213,2206634,3349631,471617,893709,497018,789418,366347,101250,983970,1513561,1315479,785653,437694,979710,2597570,641960,695000
186,0.001057,0.001056,0.001055,0.001054,0.001053,0.001052,0.001051,0.00105,0.001049,0.001048,0.001059,0.00106,0.001061,0.001062,0.001063,0.001064,0.001065,0.001066,0.001067,0.001068,817666,1762523,2718362,1861928,3349631,471617,860853,497018,789418,366347,101250,1041175,1513561,655488,785653,906759,2974311,794986,641960,695000
187,0.001057,0.001056,0.001055,0.001054,0.001053,0.001052,0.001051,0.00105,0.001049,0.001048,0.001058,0.001059,0.00106,0.001061,0.001062,0.001063,0.001064,0.001065,0.001066,0.001067,107787,1176999,3032614,2607593,721370,2525758,860853,497018,789418,366347,101250,1044560,732360,1113561,1315479,785653,437694,2974311,604060,641960
188,0.001058,0.001057,0.001056,0.001055,0.001054,0.001053,0.001052,0.001051,0.00105,0.001049,0.001059,0.00106,0.001061,0.001062,0.001063,0.001064,0.001065,0.001066,0.001067,0.001068,101250,1483483,2277379,2683406,3889923,721370,512455,795713,456522,789418,101250,1503047,1087257,655488,785653,1032590,2974311,604060,641960,574432
189,0.001057,0.001056,0.001055,0.001054,0.001053,0.001052,0.001051,0.00105,0.001049,0.001048,0.001058,0.001059,0.00106,0.001061,0.001062,0.001063,0.001064,0.001065,0.001066,0.001067,101250,791017,2323917,3345989,3330667,321529,795713,456522,789418,366347,101250,1115478,680390,1087257,1315479,785653,2365038,979710,604060,641960
190,0.001057,0.001056,0.001055,0.001054,0.001053,0.001052,0.001051,0.00105,0.001049,0.001048,0.001058,0.001059,0.00106,0.001061,0.001062,0.001063,0.001064,0.001065,0.001066,0.001067,101250,791017,1534715,2523313,2923966,321529,825567,426423,789418,366347,112008,325902,680390,1087257,1315479,785653,372599,2973044,604060,641960
191,0.001057,0.001056,0.001055,0.001054,0.001053,0.001052,0.001051,0.00105,0.001049,0.001048,0.001058,0.001059,0.00106,0.001061,0.001062,0.001063,0.001064,0.001065,0.001066,0.001067,101250,1573509,1534715,3222017,2923966,321529,825567,426423,789418,366347,101250,325902,2161586,1785961,1315479,785653,2366379,979710,604060,641960
192,0.001057,0.001056,0.001055,0.001054,0.001053,0.001052,0.001051,0.00105,0.001049,0.001048,0.001058,0.001059,0.00106,0.001061,0.001062,0.001063,0.001064,0.001065,0.001066,0.001067,101250,2288639,2242093,3207730,2732494,321529,825567,426423,789418,366347,101250,325902,2178013,1794636,1315479,785653,372599,2974424,604060,641960
193,0.001058,0.001057,0.001056,0.001055,0.001054,0.001053,0.001052,0.001051,0.00105,0.001049,0.001059,0.00106,0.001061,0.001062,0.001063,0.001064,0.001065,0.001066,0.001067,0.001068,101250,2159964,791017,2242090,2419607,2732494,512545,825567,426423,789418,101250,725902,1877987,1315479,785653,372599,979710,604060,641960,574432
194,0.001058,0.001057,0.001056,0.001055,0.001054,0.001053,0.001052,0.001051,0.00105,0.001049,0.001059,0.00106,0.001061,0.001062,0.001063,0.001064,0.001065,0.001066,0.001067,0.001068,101250,2516845,1485402,2720272,3706498,721370,578280,825567,426423,789418,95157,686848,1949332,252940,785653,1097172,3376666,604060,641960,692832
195,0.001059,0.001058,0.001057,0.001056,0.001055,0.001054,0.001053,0.001052,0.001051,0.00105,0.00106,0.001061,0.001062,0.001063,0.001064,0.001065,0.001066,0.001067,0.001068,0.001069,101250,1388178,2442179,1774877,2811278,3605187,721370,578280,825567,426423,101250,1952216,279153,785653,906246,1382258,2787695,641960,692832,416866
196,0.001059,0.001058,0.001057,0.001056,0.001055,0.001054,0.001053,0.001052,0.001051,0.00105,0.001061,0.001062,0.001063,0.001064,0.001065,0.001066,0.001067,0.001068,0.001069,0.00107,996923,1978439,972099,1892699,987609,3411855,721370,578280,685890,292628,977983,1223346,811370,841664,1256450,794896,2635803,764998,416866,1076544
197,0.001058,0.001057,0.001056,0.001055,0.001054,0.001053,0.001052,0.001051,0.00105,0.001049,0.00106,0.001061,0.001062,0.001063,0.001064,0.001065,0.001066,0.001067,0.001068,0.001069,1236041,2455882,2506997,1560812,3040858,721370,578280,734350,292628,656036,799053,1163596,458361,785653,841664,1256450,794896,2635803,764998,416866
198,0.001058,0.001057,0.001056,0.001055,0.001054,0.001053,0.001052,0.001051,0.00105,0.001049,0.00106,0.001061,0.001062,0.001063,0.001064,0.001065,0.001066,0.001067,0.001068,0.001069,876107,1434877,1185999,2086281,3040858,753419,578280,734350,292628,656036,101250,1157123,464255,785653,841664,1256450,794896,2635803,764998,416866
199,0.001058,0.001057,0.001056,0.001055,0.001054,0.001053,0.001052,0.001051,0.00105,0.001049,0.00106,0.001061,0.001062,0.001063,0.001064,0.001065,0.001066,0.001067,0.001068,0.001069,1229216,2808806,1612476,1826726,2858608,753419,578280,734350,292628,656036,101250,2563551,278602,1452742,841664,1256450,794896,2834008,574432,301248
200,0.001059,0.001058,0.001057,0.001056,0.001055,0.001054,0.001053,0.001052,0.001051,0.00105,0.00106,0.001061,0.001062,0.001063,0.001064,0.001065,0.001066,0.001067,0.001068,0.001069,235910,1226025,3140256,3263028,973432,2858608,753419,578280,734350,292628,101250,1163571,1017005,2129055,841664,1256450,794896,2833424,574432,301248
201,0.001059,0.001058,0.001057,0.001056,0.001055,0.001054,0.001053,0.001052,0.001051,0.00105,0.00106,0.001061,0.001062,0.001063,0.001064,0.001065,0.001066,0.001067,0.001068,0.001069,101250,982363,2207468,1585999,973432,2858608,721370,578280,734350,292628,101250,1163571,1740561,1475531,841664,1256450,794896,2833424,574432,301248
202,0.001058,0.001057,0.001056,0.001055,0.001054,0.001053,0.001052,0.001051,0.00105,0.001049,0.00106,0.001061,0.001062,0.001063,0.001064,0.001065,0.001066,0.001067,0.001068,0.001069,1071091,2151422,1612580,1617621,2955142,721370,578280,734350,292628,656036,101250,2575505,938593,1454991,181673,1256450,794896,2833424,574432,301248
203,0.001059,0.001058,0.001057,0.001056,0.001055,0.001054,0.001053,0.001052,0.001051,0.00105,0.00106,0.001061,0.001062,0.001063,0.001064,0.001065,0.001066,0.001067,0.001068,0.001069,101250,1063778,2126921,2276828,973432,2955142,761584,537352,734350,292628,101250,1163571,1108410,785653,884395,1256450,2796837,832615,574432,301248
204,0.001059,0.001058,0.001057,0.001056,0.001055,0.001054,0.001053,0.001052,0.001051,0.00105,0.00106,0.001061,0.001062,0.001063,0.001064,0.001065,0.001066,0.001067,0.001068,0.001069,101250,1072351,2452679,2292850,973432,2955142,761584,537352,734350,292628,101250,1163571,1843985,1492505,884395,1256450,2796837,832615,574432,301248
205,0.00106,0.001059,0.001058,0.001057,0.001056,0.001055,0.001054,0.001053,0.001052,0.001051,0.001061,0.001062,0.001063,0.001064,0.001065,0.001066,0.001067,0.001068,0.001069,0.00107,101250,1384689,1513182,1363965,1274157,2976382,938558,828697,471617,704496,479869,551034,2707861,1589926,1256450,794896,2839925,574432,301248,1076544
206,0.00106,0.001059,0.001058,0.001057,0.001056,0.001055,0.001054,0.001053,0.001052,0.001051,0.001061,0.001062,0.001063,0.001064,0.001065,0.001066,0.001067,0.001068,0.001069,0.00107,101250,1664153,2534853,2068970,1274157,2976382,938558,828697,471617,704496,479869,484182,2706818,1546976,1256450,794896,2840329,574432,301248,1076544
207,0.001061,0.00106,0.001059,0.001058,0.001057,0.001056,0.001055,0.001054,0.001053,0.001052,0.001062,0.001063,0.001064,0.001065,0.001066,0.001067,0.001068,0.001069,0.00107,0.001071,101250,1200827,2861474,2060288,1791311,3074265,1051553,789425,761584,471617,122511,461927,3187979,2589342,668221,832615,2268304,491724,1076544,528841
208,0.001061,0.00106,0.001059,0.001058,0.001057,0.001056,0.001055,0.001054,0.001053,0.001052,0.001062,0.001063,0.001064,0.001065,0.001066,0.001067,0.001068,0.001069,0.00107,0.001071,101250,793586,2580702,2862996,3402441,300035,1051553,789425,761584,332306,122511,1018487,3551885,1290136,1158846,152301,1007450,2497694,956035,528841
209,0.00106,0.001059,0.001058,0.001057,0.001056,0.001055,0.001054,0.001053,0.001052,0.001051,0.001062,0.001063,0.001064,0.001065,0.001066,0.001067,0.001068,0.001069,0.00107,0.001071,962176,2171033,2338529,1708710,2479362,1091479,789425,761584,292266,704496,285642,1747202,2989418,1254813,1158846,152301,1007450,2497694,956035,528841
210,0.00106,0.001059,0.001058,0.001057,0.001056,0.001055,0.001054,0.001053,0.001052,0.001051,0.001061,0.001062,0.001063,0.001064,0.001065,0.001066,0.001067,0.001068,0.001069,0.00107,101250,1348471,1856439,2573328,300035,3046345,1029894,761584,292266,704496,114622,1901435,1503059,2604699,636456,1224215,2367419,1007450,301248,956035
211,0.001059,0.001058,0.001057,0.001056,0.001055,0.001054,0.001053,0.001052,0.001051,0.00105,0.001061,0.001062,0.001063,0.001064,0.001065,0.001066,0.001067,0.001068,0.001069,0.00107,1259589,2491444,2193450,1494091,3046345,1029894,761584,292266,704496,292628,141148,2271233,443058,3242862,636456,1224215,2286503,1007450,301248,956035
212,0.001059,0.001058,0.001057,0.001056,0.001055,0.001054,0.001053,0.001052,0.001051,0.00105,0.00106,0.001061,0.001062,0.001063,0.001064,0.001065,0.001066,0.001067,0.001068,0.001069,101250,1129696,2886610,2176655,1464736,2901828,828307,292266,656036,292628,114622,2073789,1032417,1055184,2583118,721017,1349412,2286503,817154,301248
213,0.001058,0.001057,0.001056,0.001055,0.001054,0.001053,0.001052,0.001051,0.00105,0.001049,0.00106,0.001061,0.001062,0.001063,0.001064,0.001065,0.001066,0.001067,0.001068,0.001069,231377,1411676,2286014,2355935,274701,2912429,855965,656036,292628,656036,554651,2237315,1711699,1819669,1349617,2895811,1349412,87174,937458,301248
214,0.001059,0.001058,0.001057,0.001056,0.001055,0.001054,0.001053,0.001052,0.001051,0.00105,0.00106,0.001061,0.001062,0.001063,0.001064,0.001065,0.001066,0.001067,0.001068,0.001069,101250,1568905,1303818,1201195,1228278,274701,2912429,855965,656036,292628,105189,713474,1737581,1221533,1349617,846808,3364179,87174,937458,301248
215,0.00106,0.001059,0.001058,0.001057,0.001056,0.001055,0.001054,0.001053,0.001052,0.001051,0.001061,0.001062,0.001063,0.001064,0.001065,0.001066,0.001067,0.001068,0.001069,0.00107,101250,1777962,764125,1315760,714192,3243079,486277,1017867,790771,656036,514622,324299,442933,3411127,721254,1349412,277740,2831582,301248,1073789
216,0.001061,0.00106,0.001059,0.001058,0.001057,0.001056,0.001055,0.001054,0.001053,0.001052,0.001062,0.001063,0.001064,0.001065,0.001066,0.001067,0.001068,0.001069,0.00107,0.001071,286520,992087,2697298,2134198,3529590,235351,1294664,810461,1003448,292266,122511,283125,2518719,1959881,1223981,277740,2831582,491724,1073789,528841
