timestamp,bid_price_0,bid_price_1,bid_price_2,bid_price_3,bid_price_4,bid_price_5,bid_price_6,bid_price_7,bid_price_8,bid_price_9,ask_price_0,ask_price_1,ask_price_2,ask_price_3,ask_price_4,ask_price_5,ask_price_6,ask_price_7,ask_price_8,ask_price_9,bid_size_0,bid_size_1,bid_size_2,bid_size_3,bid_size_4,bid_size_5,bid_size_6,bid_size_7,bid_size_8,bid_size_9,ask_size_0,ask_size_1,ask_size_2,ask_size_3,ask_size_4,ask_size_5,ask_size_6,ask_size_7,ask_size_8,ask_size_9
0,52.21,52.2,52.19,52.18,52.17,52.16,52.15,52.14,52.13,52.12,52.22,52.23,52.24,52.25,52.26,52.27,52.28,52.29,52.3,52.31,178.486,266.536,227.142,578.168,247.267,344.342,374.569,690.325,434.314,409.733,128.904,292.827,470.805,462.495,524.081,331.092,402.839,436.127,637.93,738.918
1,52.19,52.18,52.17,52.16,52.15,52.14,52.13,52.12,52.11,52.1,52.2,52.21,52.22,52.23,52.24,52.25,52.26,52.27,52.28,52.29,233.485,162.825,236.07,398.559,256.704,666.484,358.023,228.802,456.326,846.649,118.54,313.902,483.825,452.595,516.781,569.342,664.546,723.257,336.442,275.483
2,52.17,52.16,52.15,52.14,52.13,52.12,52.11,52.1,52.09,52.08,52.18,52.19,52.2,52.21,52.22,52.23,52.24,52.25,52.26,52.27,170.671,289.852,374.207,639.832,291.272,218.857,423.2,759.645,278.143,489.228,115.468,192.778,464.776,386.621,572.79,291.802,382.656,564.445,666.721,678.116
3,52.18,52.17,52.16,52.15,52.14,52.13,52.12,52.11,52.1,52.09,52.19,52.2,52.21,52.22,52.23,52.24,52.25,52.26,52.27,52.28,132.987,238.318,297.885,283.548,650.598,320.192,226.378,418.583,758.256,237.144,206.984,466.41,377.069,600.76,211.035,575.279,498.452,531.504,627.46,290.141
4,52.18,52.17,52.16,52.15,52.14,52.13,52.12,52.11,52.1,52.09,52.19,52.2,52.21,52.22,52.23,52.24,52.25,52.26,52.27,52.28,117.927,253.977,296.45,275.928,591.108,305.515,328.449,416.695,708.424,274.615,290.526,435.465,439.567,557.093,307.688,682.515,895.34,578.565,565.801,290.441
5,52.16,52.15,52.14,52.13,52.12,52.11,52.1,52.09,52.08,52.07,52.17,52.18,52.19,52.2,52.21,52.22,52.23,52.24,52.25,52.26,225.138,244.023,394.926,358.307,279.701,303.092,774.831,209.333,348.628,432.25,115.951,376.363,394.626,633.083,382.143,568.49,708.167,633.925,588.351,544.807
6,52.15,52.14,52.13,52.12,52.11,52.1,52.09,52.08,52.07,52.06,52.16,52.17,52.18,52.19,52.2,52.21,52.22,52.23,52.24,52.25,116.596,254.588,354.498,158.228,262.203,830.292,253.887,345.828,384.807,525.158,121.971,290.535,397.444,464.701,700.117,460.709,605.408,673.489,571.006,547.358
7,52.15,52.14,52.13,52.12,52.11,52.1,52.09,52.08,52.07,52.06,52.16,52.17,52.18,52.19,52.2,52.21,52.22,52.23,52.24,52.25,230.826,180.61,144.522,200.823,329.002,723.587,252.489,351.961,388.514,525.158,181.113,223.63,433.017,464.073,768.773,543.813,753.515,723.631,448.66,334.038
8,52.17,52.16,52.15,52.14,52.13,52.12,52.11,52.1,52.09,52.08,52.18,52.19,52.2,52.21,52.22,52.23,52.24,52.25,52.26,52.27,139.688,216.891,323.24,351.286,345.9,284.067,388.264,801.878,204.507,345.828,489.829,460.266,597.054,382.354,759.91,760.522,567.623,295.535,390.35,694.804
9,52.16,52.15,52.14,52.13,52.12,52.11,52.1,52.09,52.08,52.07,52.17,52.18,52.19,52.2,52.21,52.22,52.23,52.24,52.25,52.26,176.643,266.991,387.573,314.134,156.65,345.256,732.866,209.211,349.522,433.448,347.212,434.501,325.019,515.069,513.859,829.841,832.739,520.182,293.235,400.777
10,52.14,52.13,52.12,52.11,52.1,52.09,52.08,52.07,52.06,52.05,52.15,52.16,52.17,52.18,52.19,52.2,52.21,52.22,52.23,52.24,169.154,260.475,193.678,365.395,732.705,166.731,382.006,473.271,529.364,207.682,347.834,483.405,360.663,594.199,390.812,476.805,487.08,635.085,756.938,517.782
11,52.14,52.13,52.12,52.11,52.1,52.09,52.08,52.07,52.06,52.05,52.15,52.16,52.17,52.18,52.19,52.2,52.21,52.22,52.23,52.24,158.139,234.588,186.189,306.365,792.21,166.636,382.842,468.753,532.264,209.982,148.046,474.526,405.121,517.293,427.103,474.201,408.494,637.878,804.547,476.802
12,52.14,52.13,52.12,52.11,52.1,52.09,52.08,52.07,52.06,52.05,52.15,52.16,52.17,52.18,52.19,52.2,52.21,52.22,52.23,52.24,146.918,247.74,212.1,318.882,734.623,224.308,382.842,468.753,532.264,210.582,134.693,555.953,398.455,557.671,350.351,429.203,447.089,707.766,767.046,433.199
13,52.11,52.1,52.09,52.08,52.07,52.06,52.05,52.04,52.03,52.02,52.12,52.13,52.14,52.15,52.16,52.17,52.18,52.19,52.2,52.21,0.946,49.353,155.584,225.4,457.474,542.196,173.678,209.233,347.884,583.954,510.401,539.933,627.068,481.53,598.146,493.707,759.404,793.227,341.726,292.509
14,52.04,52.03,52.02,52.01,52,51.99,51.98,51.97,51.96,51.95,52.05,52.06,52.07,52.08,52.09,52.1,52.11,52.12,52.13,52.14,166.96,230.316,252.693,1142.709,3810.522,180.664,264.093,315.95,313.527,683.576,213.693,950.617,497.543,522.302,411.972,564.721,684.316,571,613.024,413.909
15,52.01,52,51.99,51.98,51.97,51.96,51.95,51.94,51.93,51.92,52.02,52.03,52.04,52.05,52.06,52.07,52.08,52.09,52.1,52.11,180.108,3675.052,261.192,261.814,294.571,285.252,676.855,350.207,270.31,404.808,187.404,997.469,460.761,509.576,261.756,705.736,722.246,527.82,368.144,584.699
16,51.96,51.95,51.94,51.93,51.92,51.91,51.9,51.89,51.88,51.87,51.97,51.98,51.99,52,52.01,52.02,52.03,52.04,52.05,52.06,199.825,209.039,169.345,333.251,379.015,338.779,279.461,475.441,335.091,586.041,318.825,287.492,427.235,387.857,415.415,445.618,960.778,552.15,418.332,205.21
17,51.96,51.95,51.94,51.93,51.92,51.91,51.9,51.89,51.88,51.87,51.97,51.98,51.99,52,52.01,52.02,52.03,52.04,52.05,52.06,359.512,251.054,309.182,284.909,143.194,387.625,468.982,570.467,291.268,521.698,29,113.319,418.644,173.8,488.159,379.593,921.322,637.022,422.949,169.023
18,51.97,51.96,51.95,51.94,51.93,51.92,51.91,51.9,51.89,51.88,51.98,51.99,52,52.01,52.02,52.03,52.04,52.05,52.06,52.07,99.71,258.708,319.512,250.985,275.919,205.082,429.407,474.2,512.981,291.268,184.245,278.681,288.009,510.4,382.736,980.826,657.686,422.494,160.346,647.511
19,51.99,51.98,51.97,51.96,51.95,51.94,51.93,51.92,51.91,51.9,52,52.01,52.02,52.03,52.04,52.05,52.06,52.07,52.08,52.09,190.301,243.75,578.926,362.871,360.536,568.703,335.025,341.601,420.16,429.428,113.671,57.865,228.631,491.854,543.245,798.564,766.824,605.26,373.232,280.588
20,52.06,52.05,52.04,52.03,52.02,52.01,52,51.99,51.98,51.97,52.07,52.08,52.09,52.1,52.11,52.12,52.13,52.14,52.15,52.16,202.061,273.416,388.65,289.536,264.824,313.885,397.891,622.673,640.243,218.186,223.377,95.12,324.544,684.904,629.632,743.324,548.296,529.251,559.173,572.414
21,52.05,52.04,52.03,52.02,52.01,52,51.99,51.98,51.97,51.96,52.06,52.07,52.08,52.09,52.1,52.11,52.12,52.13,52.14,52.15,209.122,225.073,354.508,257.091,221.707,274.165,617.317,623.894,256.668,358.299,151.722,313.973,590.042,306.145,754.702,703.121,683.138,393.497,561.804,604.01
22,52.03,52.02,52.01,52,51.99,51.98,51.97,51.96,51.95,51.94,52.04,52.05,52.06,52.07,52.08,52.09,52.1,52.11,52.12,52.13,154.738,117.107,297.354,426.562,633.828,583.514,259.668,358.299,364.739,571.855,126.306,314.635,680.056,409.455,522.392,421.328,918.986,730.77,521.331,294.516
23,52.12,52.11,52.1,52.09,52.08,52.07,52.06,52.05,52.04,52.03,52.13,52.14,52.15,52.16,52.17,52.18,52.19,52.2,52.21,52.22,99.391,399.522,448.875,316.022,344.262,242.211,205.502,419.986,382.166,758.786,138.166,352.457,336.948,717.796,591.025,566.458,777.083,457.658,277.585,437.682
24,52.03,52.02,52.01,52,51.99,51.98,51.97,51.96,51.95,51.94,52.04,52.05,52.06,52.07,52.08,52.09,52.1,52.11,52.12,52.13,134.414,142.098,182.058,300.271,509.359,663.795,174.972,473.484,408.775,570.549,160.453,203.532,374.851,371.843,555.469,608.708,509.093,691.098,351.401,337.124
25,52.02,52.01,52,51.99,51.98,51.97,51.96,51.95,51.94,51.93,52.03,52.04,52.05,52.06,52.07,52.08,52.09,52.1,52.11,52.12,164.237,49.483,202.696,381.598,501.182,174.956,387.679,408.775,565.549,351.445,253.903,931.161,324.96,449.61,731.565,613.578,389.611,596.707,660.741,351.401
26,52.04,52.03,52.02,52.01,52,51.99,51.98,51.97,51.96,51.95,52.05,52.06,52.07,52.08,52.09,52.1,52.11,52.12,52.13,52.14,160.754,294.35,521.954,116.333,228.713,473.391,337.497,174.874,419.665,466.417,160.991,743.353,401.951,559.104,499.657,593.742,638.53,351.401,444.425,536.403
27,52.09,52.08,52.07,52.06,52.05,52.04,52.03,52.02,52.01,52,52.1,52.11,52.12,52.13,52.14,52.15,52.16,52.17,52.18,52.19,166.934,280.645,305.712,417.509,434.965,319.974,736.706,433.447,147.544,203.786,133.609,174.504,349.611,366.83,657.274,639.3,628.195,424.287,508.89,671.282
28,52.11,52.1,52.09,52.08,52.07,52.06,52.05,52.04,52.03,52.02,52.12,52.13,52.14,52.15,52.16,52.17,52.18,52.19,52.2,52.21,152.9,354.702,344.089,401.203,143.898,237.593,442.437,408.805,689.12,320.306,153.247,441.014,986.643,785.468,731.564,467.191,448.249,639.777,368.965,380.313
29,52.12,52.11,52.1,52.09,52.08,52.07,52.06,52.05,52.04,52.03,52.13,52.14,52.15,52.16,52.17,52.18,52.19,52.2,52.21,52.22,130.39,238.332,315.349,242.884,392.109,226.946,257.454,368.18,437.755,639.022,202.391,788.094,279.314,389.843,469.433,821.593,658.226,499.03,344.516,523.696
30,52.19,52.18,52.17,52.16,52.15,52.14,52.13,52.12,52.11,52.1,52.2,52.21,52.22,52.23,52.24,52.25,52.26,52.27,52.28,52.29,185.125,232.066,241.216,306.635,212.164,181.063,242.242,473.999,645.806,153.386,116.123,470.348,270.86,301.371,708.329,756.021,831.009,217.228,657.864,578.241
31,52.2,52.19,52.18,52.17,52.16,52.15,52.14,52.13,52.12,52.11,52.21,52.22,52.23,52.24,52.25,52.26,52.27,52.28,52.29,52.3,142.006,236.016,315.456,201.592,233.522,483.618,149.877,267.322,519.765,647.954,132.255,419.014,309.081,551.904,926.479,803.79,187.602,613.309,520.754,425.222
32,52.2,52.19,52.18,52.17,52.16,52.15,52.14,52.13,52.12,52.11,52.21,52.22,52.23,52.24,52.25,52.26,52.27,52.28,52.29,52.3,123.478,182.923,207.737,236.756,258.498,347.711,150.301,229.278,464.925,666,383.739,307.706,475.757,385.952,825.166,657.289,305.337,738.833,653.461,460.228
33,52.15,52.14,52.13,52.12,52.11,52.1,52.09,52.08,52.07,52.06,52.16,52.17,52.18,52.19,52.2,52.21,52.22,52.23,52.24,52.25,126.206,120.573,231.341,420.423,140.785,140.164,162.297,452.282,663.897,277.324,119.079,317.012,628.204,437.924,845.12,514.457,301.138,455.642,440.381,738.477
34,52.15,52.14,52.13,52.12,52.11,52.1,52.09,52.08,52.07,52.06,52.16,52.17,52.18,52.19,52.2,52.21,52.22,52.23,52.24,52.25,196.519,256.188,298.334,235.271,353.516,133.493,176.942,541.379,666.897,237.673,143.596,449.425,556.488,356.245,666.664,474.734,274.972,447.756,435.581,602.483
35,52.15,52.14,52.13,52.12,52.11,52.1,52.09,52.08,52.07,52.06,52.16,52.17,52.18,52.19,52.2,52.21,52.22,52.23,52.24,52.25,215.942,256.259,304.462,252.693,359.647,169.689,168.213,538.879,625.487,235.573,184.366,460.933,428.532,434.849,696.893,479.306,343.93,426.91,466.467,640.872
36,52.17,52.16,52.15,52.14,52.13,52.12,52.11,52.1,52.09,52.08,52.18,52.19,52.2,52.21,52.22,52.23,52.24,52.25,52.26,52.27,165.854,283.815,402.999,327.308,260.677,196.595,333.863,204.287,243.231,596.377,119.492,267.126,263.749,782.046,293.208,514.983,695.72,602.757,501.886,222.569
37,52.16,52.15,52.14,52.13,52.12,52.11,52.1,52.09,52.08,52.07,52.17,52.18,52.19,52.2,52.21,52.22,52.23,52.24,52.25,52.26,261.293,514.444,381.844,330.788,201.308,385.106,200.783,170.913,449.798,783.998,2.87,260.415,475.509,140.292,343.752,292.873,514.898,690.353,621.445,537.664
38,52.16,52.15,52.14,52.13,52.12,52.11,52.1,52.09,52.08,52.07,52.17,52.18,52.19,52.2,52.21,52.22,52.23,52.24,52.25,52.26,91.513,315.458,366.715,335.575,364.848,408.947,328.383,168.213,449.798,779.652,156.395,444.235,236.137,149.85,312.261,317.878,657.863,781.551,576.809,504.676
39,52.14,52.13,52.12,52.11,52.1,52.09,52.08,52.07,52.06,52.05,52.15,52.16,52.17,52.18,52.19,52.2,52.21,52.22,52.23,52.24,192.138,205.719,240.198,405.681,285.22,195.015,497.705,717.608,303.406,333.255,169.895,325.07,455.571,495.589,623.713,498.798,723.43,257.607,448.26,506.572
40,52.13,52.12,52.11,52.1,52.09,52.08,52.07,52.06,52.05,52.04,52.14,52.15,52.16,52.17,52.18,52.19,52.2,52.21,52.22,52.23,80.61,132.47,448.518,420.187,138.61,458.716,717.608,303.406,333.255,417.896,180.062,633.874,454.329,1064.631,620.582,702.611,350.103,718.866,255.507,432.658
41,52.14,52.13,52.12,52.11,52.1,52.09,52.08,52.07,52.06,52.05,52.15,52.16,52.17,52.18,52.19,52.2,52.21,52.22,52.23,52.24,283.976,259.827,283.017,419.694,262.293,138.514,544.589,715.308,255.976,333.255,119.082,472.805,697.743,527.296,681.721,392.452,680.551,255.507,399.712,450.877
42,52.13,52.12,52.11,52.1,52.09,52.08,52.07,52.06,52.05,52.04,52.14,52.15,52.16,52.17,52.18,52.19,52.2,52.21,52.22,52.23,32.52,139.659,457.548,288.539,138.31,516.303,715.308,303.445,333.255,417.896,293.296,596.221,534.256,1054.077,568.082,694.586,371.414,706.699,271.357,525.109
43,52.1,52.09,52.08,52.07,52.06,52.05,52.04,52.03,52.02,52.01,52.11,52.12,52.13,52.14,52.15,52.16,52.17,52.18,52.19,52.2,129.626,57.532,138.014,175.909,343.062,338.398,337.358,718.731,505.055,251.971,407.865,348.872,586.072,400.944,576.463,667.479,1030.388,416.676,641.886,380.115
44,52.06,52.05,52.04,52.03,52.02,52.01,52,51.99,51.98,51.97,52.07,52.08,52.09,52.1,52.11,52.12,52.13,52.14,52.15,52.16,142.649,92.612,202.53,371.429,414.863,141.216,361.222,563.4,775.08,240.574,151.238,530.696,517.79,520.569,320.578,854.72,498.836,341.602,387.861,377.558
45,52.05,52.04,52.03,52.02,52.01,52,51.99,51.98,51.97,51.96,52.06,52.07,52.08,52.09,52.1,52.11,52.12,52.13,52.14,52.15,346.056,108.617,289.956,375.947,140.406,278.917,617.724,676.426,222.193,529.637,127.769,255.416,500.633,489.305,551.674,218.026,710.434,532.592,322.606,375.581
46,52.02,52.01,52,51.99,51.98,51.97,51.96,51.95,51.94,51.93,52.03,52.04,52.05,52.06,52.07,52.08,52.09,52.1,52.11,52.12,197.996,172.96,333.251,525.306,215.741,204.89,405.747,458.203,564.126,202.08,168.901,239.817,169.092,328.559,387.517,1043.946,517.65,424.512,101.52,590.935
47,51.95,51.94,51.93,51.92,51.91,51.9,51.89,51.88,51.87,51.86,51.96,51.97,51.98,51.99,52,52.01,52.02,52.03,52.04,52.05,234.387,111.507,134.76,235.369,359.435,142.494,294.478,636.915,468.133,363.398,294.09,531.329,462.013,436.95,456.402,487.159,383.861,715.242,557.485,207.599
48,51.93,51.92,51.91,51.9,51.89,51.88,51.87,51.86,51.85,51.84,51.94,51.95,51.96,51.97,51.98,51.99,52,52.01,52.02,52.03,152.736,94.651,119.781,193.251,377.936,176.118,267.8,386.458,208.607,222.436,201.287,581.737,912.998,371.708,568.263,661.05,432.144,344.997,133.939,842.632
49,51.95,51.94,51.93,51.92,51.91,51.9,51.89,51.88,51.87,51.86,51.96,51.97,51.98,51.99,52,52.01,52.02,52.03,52.04,52.05,225.707,264.035,315.535,353.846,389.191,274.835,398.053,660.355,320.818,444.506,196.327,158.634,453.839,700.353,468.945,316.943,132.968,793.807,492.224,130.214
50,51.96,51.95,51.94,51.93,51.92,51.91,51.9,51.89,51.88,51.87,51.97,51.98,51.99,52,52.01,52.02,52.03,52.04,52.05,52.06,281.26,268.378,384.068,393.424,334.279,265.268,195.319,438.345,628.196,317.818,192.84,336.433,458.095,731.37,418.102,237.508,810.769,446.502,46.977,379.718
51,51.95,51.94,51.93,51.92,51.91,51.9,51.89,51.88,51.87,51.86,51.96,51.97,51.98,51.99,52,52.01,52.02,52.03,52.04,52.05,153.548,287.933,401.696,518.201,163.661,280.151,435.545,625.496,272.268,419.022,188.104,449.741,363.275,431.18,514.266,515.274,337.831,1057.359,319.944,85.412
52,51.91,51.9,51.89,51.88,51.87,51.86,51.85,51.84,51.83,51.82,51.92,51.93,51.94,51.95,51.96,51.97,51.98,51.99,52,52.01,236.38,136.042,400.9,393.441,384.549,373.576,100.735,123.745,501.439,723.236,185.916,570.01,519.425,520.748,331.627,338.62,295.694,971.727,499.06,562.133
53,51.93,51.92,51.91,51.9,51.89,51.88,51.87,51.86,51.85,51.84,51.94,51.95,51.96,51.97,51.98,51.99,52,52.01,52.02,52.03,275.38,262.35,286.411,406.602,318.079,233.399,310.221,372.617,149.211,126.745,166.946,397.157,170.291,406.883,513.653,890.818,547.96,530.307,311.241,948.17
54,51.93,51.92,51.91,51.9,51.89,51.88,51.87,51.86,51.85,51.84,51.94,51.95,51.96,51.97,51.98,51.99,52,52.01,52.02,52.03,258.489,263.459,329.155,427.441,330.457,266.688,364.487,554.426,241.043,298.931,163.153,457.75,292.159,359.301,461.09,1100.575,659.17,422.053,245.026,860.306
55,51.9,51.89,51.88,51.87,51.86,51.85,51.84,51.83,51.82,51.81,51.91,51.92,51.93,51.94,51.95,51.96,51.97,51.98,51.99,52,147.364,95.201,261.856,518.736,183.97,115.143,351.167,503.367,544.897,204.271,163.902,320.335,478.965,476.203,927.621,344.731,308.665,260.177,979.789,558.834
56,51.88,51.87,51.86,51.85,51.84,51.83,51.82,51.81,51.8,51.79,51.89,51.9,51.91,51.92,51.93,51.94,51.95,51.96,51.97,51.98,329.939,285.565,257.735,255.959,333.412,423.939,532.763,130.667,265.706,557.463,16.018,287.769,443.052,181.889,447.605,550.475,759.255,348.834,306.78,251.065
57,51.89,51.88,51.87,51.86,51.85,51.84,51.83,51.82,51.81,51.8,51.9,51.91,51.92,51.93,51.94,51.95,51.96,51.97,51.98,51.99,147.912,220.175,285.956,213.541,331.744,350.307,481.693,551.945,137.148,252.903,93.079,371.542,205.802,429.864,502.553,909.66,362.786,275.699,256.048,803.938
58,51.89,51.88,51.87,51.86,51.85,51.84,51.83,51.82,51.81,51.8,51.9,51.91,51.92,51.93,51.94,51.95,51.96,51.97,51.98,51.99,210.26,249.651,304.971,187.586,237.462,298.134,476.051,560.442,216.059,252.358,286.326,576.004,203.868,370.976,455.473,951.572,169.395,299.139,356.624,875.03
59,51.86,51.85,51.84,51.83,51.82,51.81,51.8,51.79,51.78,51.77,51.87,51.88,51.89,51.9,51.91,51.92,51.93,51.94,51.95,51.96,290.55,54.436,380.69,258.061,124.921,97.818,157.929,564.121,168.656,514.517,122.932,351.681,518.95,190.588,335.602,139.757,512.856,365.494,943.322,132.3
60,51.85,51.84,51.83,51.82,51.81,51.8,51.79,51.78,51.77,51.76,51.86,51.87,51.88,51.89,51.9,51.91,51.92,51.93,51.94,51.95,305.797,261.23,345.624,305.561,129.559,399.352,463.13,335.23,467.994,201,138.566,452.982,524.817,372.017,517.784,763.507,149.391,603.765,264.925,880.713
61,51.78,51.77,51.76,51.75,51.74,51.73,51.72,51.71,51.7,51.69,51.79,51.8,51.81,51.82,51.83,51.84,51.85,51.86,51.87,51.88,284.505,137.094,343.449,392.301,257.808,146.256,459.972,606.055,240.629,420.744,136.968,472.935,569.518,520.009,918.324,236.574,419.376,338.448,708.714,323.913
62,51.73,51.72,51.71,51.7,51.69,51.68,51.67,51.66,51.65,51.64,51.74,51.75,51.76,51.77,51.78,51.79,51.8,51.81,51.82,51.83,149.87,95.003,116.062,205.826,304.648,91.507,182.242,437.879,580.324,486.099,183.627,761.013,516.702,573.167,391.391,576.123,364.347,810.659,430.264,303.965
63,51.69,51.68,51.67,51.66,51.65,51.64,51.63,51.62,51.61,51.6,51.7,51.71,51.72,51.73,51.74,51.75,51.76,51.77,51.78,51.79,176.386,237.665,285.355,175.446,272.08,349.465,135.352,237.71,309.936,563.597,360.093,467.201,187.769,551.861,448.306,531.454,256.528,767.777,242.116,577.13
64,51.73,51.72,51.71,51.7,51.69,51.68,51.67,51.66,51.65,51.64,51.74,51.75,51.76,51.77,51.78,51.79,51.8,51.81,51.82,51.83,149.34,240.538,381.328,341.72,151.131,293.099,748.13,249.297,350.823,516.093,494.506,449.335,308.107,342.93,386.19,429.299,487.232,663.803,390.333,332.948
65,51.68,51.67,51.66,51.65,51.64,51.63,51.62,51.61,51.6,51.59,51.69,51.7,51.71,51.72,51.73,51.74,51.75,51.76,51.77,51.78,167.73,241.146,167.935,363.566,293.259,192.895,180.365,309.94,558.979,545.619,248.877,540.059,255.497,259.098,410.16,502.213,516.867,274.204,723.503,325.048
66,51.72,51.71,51.7,51.69,51.68,51.67,51.66,51.65,51.64,51.63,51.73,51.74,51.75,51.76,51.77,51.78,51.79,51.8,51.81,51.82,178.794,258.522,436.499,405.019,402.082,424.754,220.912,289.844,474.524,663.573,254.38,187.66,413.297,625.96,742.154,310.95,456.009,309.445,703.456,422.231
67,51.74,51.73,51.72,51.71,51.7,51.69,51.68,51.67,51.66,51.65,51.75,51.76,51.77,51.78,51.79,51.8,51.81,51.82,51.83,51.84,167.148,282.664,410.874,372.322,525.902,266.85,513.398,741.664,332.364,281.625,663.248,577.788,406.299,383.936,614.326,504.564,752.577,269.852,434.81,297.543
68,51.71,51.7,51.69,51.68,51.67,51.66,51.65,51.64,51.63,51.62,51.72,51.73,51.74,51.75,51.76,51.77,51.78,51.79,51.8,51.81,280.369,503.358,371.382,451.948,704.051,244.864,286.242,435.792,529.196,242.563,28.059,315.024,536.337,430.634,507.269,670.755,385.619,662.008,430.824,735.693
69,51.69,51.68,51.67,51.66,51.65,51.64,51.63,51.62,51.61,51.6,51.7,51.71,51.72,51.73,51.74,51.75,51.76,51.77,51.78,51.79,138.382,184.675,345.365,224.853,242.997,446.113,579.316,217.595,319.711,592.197,276.372,326.371,442.523,485.497,671.745,372.935,194.33,662.872,383.496,611.032
70,51.67,51.66,51.65,51.64,51.63,51.62,51.61,51.6,51.59,51.58,51.68,51.69,51.7,51.71,51.72,51.73,51.74,51.75,51.76,51.77,113.821,91.127,250.094,546.854,652.428,187.758,321.911,552.069,519.295,211.003,258.836,280.222,544.852,472.991,466.724,454.242,681.396,497.11,194.77,697.884
71,51.63,51.62,51.61,51.6,51.59,51.58,51.57,51.56,51.55,51.54,51.64,51.65,51.66,51.67,51.68,51.69,51.7,51.71,51.72,51.73,150.606,99.611,203.697,468.96,286.937,258.592,555.829,209.947,527.593,467.63,362.808,417.982,496.931,424.99,523.09,839.34,766.85,145.421,328.69,581.43
