timestamp,bid_price_0,bid_price_1,bid_price_2,bid_price_3,bid_price_4,bid_price_5,bid_price_6,bid_price_7,bid_price_8,bid_price_9,ask_price_0,ask_price_1,ask_price_2,ask_price_3,ask_price_4,ask_price_5,ask_price_6,ask_price_7,ask_price_8,ask_price_9,bid_size_0,bid_size_1,bid_size_2,bid_size_3,bid_size_4,bid_size_5,bid_size_6,bid_size_7,bid_size_8,bid_size_9,ask_size_0,ask_size_1,ask_size_2,ask_size_3,ask_size_4,ask_size_5,ask_size_6,ask_size_7,ask_size_8,ask_size_9
0,52.15,52.14,52.13,52.12,52.11,52.1,52.09,52.08,52.07,52.06,52.16,52.17,52.18,52.19,52.2,52.21,52.22,52.23,52.24,52.25,128.383,240.179,354.498,183.233,262.203,830.196,253.887,345.828,384.807,525.158,104.921,257.607,430.372,464.701,700.117,460.709,605.408,659.605,456.571,547.358
1,52.15,52.14,52.13,52.12,52.11,52.1,52.09,52.08,52.07,52.06,52.16,52.17,52.18,52.19,52.2,52.21,52.22,52.23,52.24,52.25,227.952,174.867,143.564,200.823,329.002,723.587,252.489,354.661,388.514,525.158,181.113,255.832,400.073,464.073,768.773,543.813,753.515,723.631,448.66,334.038
2,52.17,52.16,52.15,52.14,52.13,52.12,52.11,52.1,52.09,52.08,52.18,52.19,52.2,52.21,52.22,52.23,52.24,52.25,52.26,52.27,139.688,216.891,323.24,351.286,345.9,284.067,388.264,801.878,204.507,345.828,489.829,460.266,597.054,382.354,759.91,760.522,567.623,295.535,390.35,694.804
3,52.16,52.15,52.14,52.13,52.12,52.11,52.1,52.09,52.08,52.07,52.17,52.18,52.19,52.2,52.21,52.22,52.23,52.24,52.25,52.26,176.643,266.991,435.509,314.134,156.65,345.256,732.866,209.211,349.522,433.448,347.212,434.501,325.019,515.069,513.859,829.841,832.739,520.182,293.235,400.777
4,52.14,52.13,52.12,52.11,52.1,52.09,52.08,52.07,52.06,52.05,52.15,52.16,52.17,52.18,52.19,52.2,52.21,52.22,52.23,52.24,169.154,260.475,193.678,365.395,732.705,166.731,382.006,473.271,529.364,207.682,347.834,483.405,360.663,594.199,390.812,476.805,487.08,635.085,756.938,517.782
5,52.14,52.13,52.12,52.11,52.1,52.09,52.08,52.07,52.06,52.05,52.15,52.16,52.17,52.18,52.19,52.2,52.21,52.22,52.23,52.24,158.139,234.588,186.189,306.365,792.21,166.636,382.842,468.753,532.264,209.982,148.046,474.526,405.121,517.293,427.103,474.201,408.494,637.878,804.547,476.802
6,52.14,52.13,52.12,52.11,52.1,52.09,52.08,52.07,52.06,52.05,52.15,52.16,52.17,52.18,52.19,52.2,52.21,52.22,52.23,52.24,146.918,247.74,212.1,318.882,734.623,224.308,382.842,468.753,532.264,210.582,134.693,555.953,398.455,557.671,350.351,429.203,447.089,707.766,767.046,433.199
7,52.11,52.1,52.09,52.08,52.07,52.06,52.05,52.04,52.03,52.02,52.12,52.13,52.14,52.15,52.16,52.17,52.18,52.19,52.2,52.21,0.946,49.353,155.584,225.4,457.474,542.196,173.678,209.233,347.884,583.954,510.401,539.933,627.068,481.53,598.146,493.707,759.404,793.227,341.726,292.509
8,52.04,52.03,52.02,52.01,52,51.99,51.98,51.97,51.96,51.95,52.05,52.06,52.07,52.08,52.09,52.1,52.11,52.12,52.13,52.14,157.352,239.926,252.693,1142.709,3810.522,180.664,264.093,310.294,313.527,683.576,213.693,969.817,487.939,522.302,411.972,564.721,684.316,571,613.024,413.909
9,52.01,52,51.99,51.98,51.97,51.96,51.95,51.94,51.93,51.92,52.02,52.03,52.04,52.05,52.06,52.07,52.08,52.09,52.1,52.11,133.403,3680.952,261.192,261.814,294.571,285.252,676.855,350.207,270.31,404.808,196.005,1065.098,456.157,471.214,338.644,705.736,722.246,526.733,368.144,584.699
10,51.96,51.95,51.94,51.93,51.92,51.91,51.9,51.89,51.88,51.87,51.97,51.98,51.99,52,52.01,52.02,52.03,52.04,52.05,52.06,199.825,209.039,169.345,333.251,379.015,338.779,279.461,475.441,335.091,586.041,318.825,287.492,427.235,387.857,415.415,445.618,960.778,552.15,418.332,167.74
11,51.96,51.95,51.94,51.93,51.92,51.91,51.9,51.89,51.88,51.87,51.97,51.98,51.99,52,52.01,52.02,52.03,52.04,52.05,52.06,359.512,251.054,309.182,284.909,143.194,387.625,468.982,570.467,291.268,521.698,29,113.319,418.644,173.8,488.159,379.593,921.322,637.022,422.949,169.023
12,51.96,51.95,51.94,51.93,51.92,51.91,51.9,51.89,51.88,51.87,51.97,51.98,51.99,52,52.01,52.02,52.03,52.04,52.05,52.06,246.475,227.01,298.584,289.022,145.118,487.279,474.299,512.981,291.268,510.849,475.621,223.128,472.363,381.841,433.434,415.777,954.527,618.116,422.494,125.393
13,51.99,51.98,51.97,51.96,51.95,51.94,51.93,51.92,51.91,51.9,52,52.01,52.02,52.03,52.04,52.05,52.06,52.07,52.08,52.09,190.301,243.75,578.926,362.871,360.536,568.703,335.025,341.601,420.16,429.428,113.671,57.865,228.631,491.854,543.245,798.564,766.824,605.26,373.232,280.588
14,52.06,52.05,52.04,52.03,52.02,52.01,52,51.99,51.98,51.97,52.07,52.08,52.09,52.1,52.11,52.12,52.13,52.14,52.15,52.16,202.061,273.416,388.65,289.536,264.824,313.885,397.891,622.673,640.243,218.186,223.377,95.12,324.544,684.904,629.632,743.324,548.296,529.251,559.173,572.414
15,52.05,52.04,52.03,52.02,52.01,52,51.99,51.98,51.97,51.96,52.06,52.07,52.08,52.09,52.1,52.11,52.12,52.13,52.14,52.15,209.122,225.073,354.508,257.091,221.707,274.165,617.317,623.894,256.668,358.299,151.722,313.973,590.042,306.145,754.702,703.121,683.138,393.497,561.804,604.01
16,52.03,52.02,52.01,52,51.99,51.98,51.97,51.96,51.95,51.94,52.04,52.05,52.06,52.07,52.08,52.09,52.1,52.11,52.12,52.13,154.738,117.107,297.354,426.562,633.828,583.514,259.668,358.299,364.739,571.855,126.306,314.635,680.056,409.455,522.392,421.328,918.986,730.77,521.331,294.516
17,52.12,52.11,52.1,52.09,52.08,52.07,52.06,52.05,52.04,52.03,52.13,52.14,52.15,52.16,52.17,52.18,52.19,52.2,52.21,52.22,95.023,389.926,448.769,316.022,344.262,242.211,205.502,419.986,382.166,758.786,135.189,352.457,336.948,717.796,591.025,566.458,777.083,457.658,277.585,435.682
18,52.03,52.02,52.01,52,51.99,51.98,51.97,51.96,51.95,51.94,52.04,52.05,52.06,52.07,52.08,52.09,52.1,52.11,52.12,52.13,134.414,169.211,239.744,242.596,503.705,663.795,174.972,473.484,408.775,570.549,160.453,203.532,374.851,371.843,555.469,608.708,509.093,691.098,351.401,337.124
19,52.02,52.01,52,51.99,51.98,51.97,51.96,51.95,51.94,51.93,52.03,52.04,52.05,52.06,52.07,52.08,52.09,52.1,52.11,52.12,164.237,49.483,202.696,381.598,501.182,174.956,387.679,408.775,565.549,351.445,253.903,931.161,324.96,449.61,731.565,613.578,389.611,596.707,660.741,351.401
20,52.04,52.03,52.02,52.01,52,51.99,51.98,51.97,51.96,51.95,52.05,52.06,52.07,52.08,52.09,52.1,52.11,52.12,52.13,52.14,160.754,294.35,521.954,116.333,228.713,473.391,337.497,174.874,419.665,466.417,160.991,743.353,401.951,559.104,499.657,593.742,638.53,351.401,444.425,536.403
21,52.09,52.08,52.07,52.06,52.05,52.04,52.03,52.02,52.01,52,52.1,52.11,52.12,52.13,52.14,52.15,52.16,52.17,52.18,52.19,166.934,280.645,305.712,417.509,434.965,319.974,736.706,433.447,147.544,203.786,133.609,174.504,349.611,366.83,657.274,639.3,628.195,424.287,508.89,671.282
22,52.11,52.1,52.09,52.08,52.07,52.06,52.05,52.04,52.03,52.02,52.12,52.13,52.14,52.15,52.16,52.17,52.18,52.19,52.2,52.21,426.813,162.562,363.289,382,143.898,237.593,442.437,408.805,689.32,320.306,12.836,427.945,986.641,766.29,750.738,467.287,448.249,639.777,368.965,380.313
23,52.12,52.11,52.1,52.09,52.08,52.07,52.06,52.05,52.04,52.03,52.13,52.14,52.15,52.16,52.17,52.18,52.19,52.2,52.21,52.22,130.39,238.332,315.349,242.884,392.109,226.946,257.454,368.18,437.755,639.022,202.391,788.094,279.314,389.843,469.433,821.593,658.226,499.03,344.516,523.696
24,52.19,52.18,52.17,52.16,52.15,52.14,52.13,52.12,52.11,52.1,52.2,52.21,52.22,52.23,52.24,52.25,52.26,52.27,52.28,52.29,185.125,232.066,241.216,306.635,212.164,181.063,242.242,473.999,645.806,153.386,116.123,470.348,270.86,301.371,708.329,756.021,831.009,217.228,657.864,578.241
25,52.2,52.19,52.18,52.17,52.16,52.15,52.14,52.13,52.12,52.11,52.21,52.22,52.23,52.24,52.25,52.26,52.27,52.28,52.29,52.3,137.263,244.742,305.874,178.324,232.032,460.096,147.577,267.322,519.765,647.954,132.255,419.014,297.083,551.904,926.479,803.79,187.602,613.309,520.754,425.222
26,52.2,52.19,52.18,52.17,52.16,52.15,52.14,52.13,52.12,52.11,52.21,52.22,52.23,52.24,52.25,52.26,52.27,52.28,52.29,52.3,123.478,182.923,207.737,236.756,258.498,347.711,150.301,229.278,464.925,666,383.739,307.706,475.757,385.952,825.166,657.289,305.337,738.833,653.461,460.228
27,52.15,52.14,52.13,52.12,52.11,52.1,52.09,52.08,52.07,52.06,52.16,52.17,52.18,52.19,52.2,52.21,52.22,52.23,52.24,52.25,149.899,121.79,231.341,552.324,83.22,140.164,162.297,452.282,669.543,277.324,118.983,321.012,628.204,418.761,864.28,514.553,301.138,455.642,404.985,738.477
28,52.15,52.14,52.13,52.12,52.11,52.1,52.09,52.08,52.07,52.06,52.16,52.17,52.18,52.19,52.2,52.21,52.22,52.23,52.24,52.25,196.519,256.188,298.334,235.271,353.516,133.493,176.942,541.379,666.897,237.673,143.596,449.425,556.488,356.245,666.664,474.734,274.972,447.756,435.581,602.483
29,52.15,52.14,52.13,52.12,52.11,52.1,52.09,52.08,52.07,52.06,52.16,52.17,52.18,52.19,52.2,52.21,52.22,52.23,52.24,52.25,220.679,256.259,304.462,277.979,359.647,169.689,168.213,538.879,625.487,235.573,175.092,460.933,428.532,434.849,696.893,479.306,382.151,426.91,504.688,602.757
30,52.17,52.16,52.15,52.14,52.13,52.12,52.11,52.1,52.09,52.08,52.18,52.19,52.2,52.21,52.22,52.23,52.24,52.25,52.26,52.27,165.854,283.815,402.999,327.308,260.677,196.595,333.863,204.287,243.231,596.377,119.492,267.126,263.749,782.046,293.208,514.983,695.72,602.757,501.886,222.569
31,52.16,52.15,52.14,52.13,52.12,52.11,52.1,52.09,52.08,52.07,52.17,52.18,52.19,52.2,52.21,52.22,52.23,52.24,52.25,52.26,261.293,456.425,381.844,329.83,318.927,414.251,330.783,170.913,449.798,783.998,2.87,260.415,475.509,140.292,343.752,292.873,514.898,690.353,621.445,537.664
32,52.16,52.15,52.14,52.13,52.12,52.11,52.1,52.09,52.08,52.07,52.17,52.18,52.19,52.2,52.21,52.22,52.23,52.24,52.25,52.26,91.513,315.256,424.268,335.575,364.848,408.947,328.383,168.213,449.798,779.652,156.395,412.287,269.041,130.69,331.42,317.878,657.863,781.551,576.809,504.676
33,52.14,52.13,52.12,52.11,52.1,52.09,52.08,52.07,52.06,52.05,52.15,52.16,52.17,52.18,52.19,52.2,52.21,52.22,52.23,52.24,192.138,205.719,227.711,405.681,285.22,195.015,497.705,717.608,303.406,333.255,169.895,325.07,455.571,495.589,623.713,498.798,723.43,257.607,448.26,506.572
34,52.13,52.12,52.11,52.1,52.09,52.08,52.07,52.06,52.05,52.04,52.14,52.15,52.16,52.17,52.18,52.19,52.2,52.21,52.22,52.23,80.61,132.47,448.518,420.187,138.61,458.716,717.608,303.406,333.255,417.896,180.062,633.874,454.329,1064.631,620.582,702.611,350.103,718.866,255.507,432.658
35,52.14,52.13,52.12,52.11,52.1,52.09,52.08,52.07,52.06,52.05,52.15,52.16,52.17,52.18,52.19,52.2,52.21,52.22,52.23,52.24,283.976,259.827,283.017,419.694,262.293,138.514,544.589,715.308,255.976,333.255,119.082,472.805,697.743,527.296,681.721,392.452,680.551,255.507,399.712,450.877
36,52.13,52.12,52.11,52.1,52.09,52.08,52.07,52.06,52.05,52.04,52.14,52.15,52.16,52.17,52.18,52.19,52.2,52.21,52.22,52.23,32.52,139.659,457.548,341.819,138.31,516.303,715.308,303.445,333.255,417.896,293.296,596.221,534.256,1054.077,580.7,694.586,371.414,706.699,271.357,525.109
37,52.1,52.09,52.08,52.07,52.06,52.05,52.04,52.03,52.02,52.01,52.11,52.12,52.13,52.14,52.15,52.16,52.17,52.18,52.19,52.2,110.186,57.532,138.014,175.909,343.062,338.398,337.358,718.731,505.055,251.971,407.865,348.872,586.072,400.944,576.463,667.479,1030.388,416.676,641.886,380.115
38,52.06,52.05,52.04,52.03,52.02,52.01,52,51.99,51.98,51.97,52.07,52.08,52.09,52.1,52.11,52.12,52.13,52.14,52.15,52.16,142.649,92.612,202.53,371.429,414.863,141.216,361.222,563.4,775.08,240.574,151.238,530.696,517.79,520.569,320.578,854.72,498.836,341.602,387.861,377.558
39,52.05,52.04,52.03,52.02,52.01,52,51.99,51.98,51.97,51.96,52.06,52.07,52.08,52.09,52.1,52.11,52.12,52.13,52.14,52.15,329.396,108.617,289.956,375.947,137.806,278.917,579.252,676.426,222.193,529.637,146.866,284.231,548.658,537.33,551.674,218.026,710.434,532.592,322.606,375.581
40,52.02,52.01,52,51.99,51.98,51.97,51.96,51.95,51.94,51.93,52.03,52.04,52.05,52.06,52.07,52.08,52.09,52.1,52.11,52.12,197.996,172.96,333.251,525.306,215.741,204.89,405.747,458.203,564.126,202.08,168.901,239.817,169.092,328.559,387.517,1043.946,517.65,424.512,101.52,590.935
41,51.95,51.94,51.93,51.92,51.91,51.9,51.89,51.88,51.87,51.86,51.96,51.97,51.98,51.99,52,52.01,52.02,52.03,52.04,52.05,234.387,111.507,134.76,252.012,359.435,142.494,294.478,636.915,468.133,363.398,294.09,531.329,462.013,436.95,456.402,487.159,383.861,715.242,557.485,207.599
42,51.93,51.92,51.91,51.9,51.89,51.88,51.87,51.86,51.85,51.84,51.94,51.95,51.96,51.97,51.98,51.99,52,52.01,52.02,52.03,152.906,61.432,152.825,193.251,323.555,173.718,267.8,370.664,208.607,222.436,201.287,328.901,912.998,371.708,534.298,661.05,432.144,344.997,133.939,842.632
43,51.95,51.94,51.93,51.92,51.91,51.9,51.89,51.88,51.87,51.86,51.96,51.97,51.98,51.99,52,52.01,52.02,52.03,52.04,52.05,225.707,264.035,315.535,353.846,389.191,274.835,398.053,660.355,320.818,444.506,196.327,158.634,453.839,700.353,468.945,316.943,132.968,793.807,492.224,130.214
44,51.96,51.95,51.94,51.93,51.92,51.91,51.9,51.89,51.88,51.87,51.97,51.98,51.99,52,52.01,52.02,52.03,52.04,52.05,52.06,281.26,268.378,384.068,393.424,334.279,265.268,195.319,438.345,628.196,317.818,192.84,336.433,458.095,731.37,418.102,237.508,810.769,446.502,46.977,379.718
45,51.95,51.94,51.93,51.92,51.91,51.9,51.89,51.88,51.87,51.86,51.96,51.97,51.98,51.99,52,52.01,52.02,52.03,52.04,52.05,153.548,287.933,401.696,518.201,163.661,280.151,435.545,625.496,272.268,419.022,188.104,449.741,363.275,431.18,514.266,515.274,337.831,1057.359,319.944,85.412
46,51.91,51.9,51.89,51.88,51.87,51.86,51.85,51.84,51.83,51.82,51.92,51.93,51.94,51.95,51.96,51.97,51.98,51.99,52,52.01,161.311,136.042,400.9,393.613,384.549,373.576,100.735,123.745,501.439,723.236,185.355,570.01,519.531,520.748,331.627,338.62,295.694,971.727,499.06,562.133
47,51.93,51.92,51.91,51.9,51.89,51.88,51.87,51.86,51.85,51.84,51.94,51.95,51.96,51.97,51.98,51.99,52,52.01,52.02,52.03,275.38,262.35,286.411,406.602,318.079,233.399,310.221,372.617,149.211,126.745,166.946,397.157,170.291,406.883,513.653,890.818,547.96,530.307,311.241,948.17
48,51.93,51.92,51.91,51.9,51.89,51.88,51.87,51.86,51.85,51.84,51.94,51.95,51.96,51.97,51.98,51.99,52,52.01,52.02,52.03,287.375,263.459,329.155,427.441,330.457,266.688,364.487,554.426,241.043,298.931,163.153,457.75,292.159,359.301,461.09,1100.575,659.17,422.053,245.026,860.306
49,51.9,51.89,51.88,51.87,51.86,51.85,51.84,51.83,51.82,51.81,51.91,51.92,51.93,51.94,51.95,51.96,51.97,51.98,51.99,52,147.364,95.201,261.856,518.736,183.97,115.143,351.167,503.367,544.897,204.271,163.902,320.335,478.965,479.103,927.621,344.731,308.665,260.177,979.789,558.834
50,51.88,51.87,51.86,51.85,51.84,51.83,51.82,51.81,51.8,51.79,51.89,51.9,51.91,51.92,51.93,51.94,51.95,51.96,51.97,51.98,240.3,260.963,271.729,275.248,333.412,423.939,532.763,130.667,265.706,557.463,158.348,336.277,400.139,181.889,518.454,480.007,759.255,348.834,306.78,251.065
51,51.89,51.88,51.87,51.86,51.85,51.84,51.83,51.82,51.81,51.8,51.9,51.91,51.92,51.93,51.94,51.95,51.96,51.97,51.98,51.99,147.912,220.175,285.956,213.541,319.222,350.307,481.693,551.945,137.148,252.903,93.079,371.542,205.802,429.864,502.553,909.66,362.786,275.699,256.048,803.938
52,51.89,51.88,51.87,51.86,51.85,51.84,51.83,51.82,51.81,51.8,51.9,51.91,51.92,51.93,51.94,51.95,51.96,51.97,51.98,51.99,210.26,249.651,304.971,187.586,237.462,298.134,476.051,560.442,216.059,252.358,286.326,576.004,203.868,370.976,455.473,951.572,169.395,299.139,356.624,875.03
53,51.86,51.85,51.84,51.83,51.82,51.81,51.8,51.79,51.78,51.77,51.87,51.88,51.89,51.9,51.91,51.92,51.93,51.94,51.95,51.96,290.55,54.436,380.69,258.061,124.921,97.818,157.929,564.121,168.656,514.517,122.932,351.681,518.95,190.588,335.602,139.757,512.856,365.494,943.322,132.3
54,51.85,51.84,51.83,51.82,51.81,51.8,51.79,51.78,51.77,51.76,51.86,51.87,51.88,51.89,51.9,51.91,51.92,51.93,51.94,51.95,305.797,261.23,345.624,305.561,129.559,399.352,463.13,335.23,467.994,201,138.566,452.982,524.817,372.017,517.784,763.507,149.391,603.765,264.925,880.713
55,51.78,51.77,51.76,51.75,51.74,51.73,51.72,51.71,51.7,51.69,51.79,51.8,51.81,51.82,51.83,51.84,51.85,51.86,51.87,51.88,284.505,137.094,343.449,392.301,257.808,146.256,459.972,606.055,240.629,420.744,136.968,472.935,569.518,520.009,918.324,236.574,419.376,338.448,708.714,323.913
56,51.73,51.72,51.71,51.7,51.69,51.68,51.67,51.66,51.65,51.64,51.74,51.75,51.76,51.77,51.78,51.79,51.8,51.81,51.82,51.83,149.87,95.003,116.062,205.826,304.648,91.507,182.242,437.879,580.324,486.099,183.627,761.013,516.702,573.167,391.391,537.402,364.347,810.659,430.264,303.965
57,51.69,51.68,51.67,51.66,51.65,51.64,51.63,51.62,51.61,51.6,51.7,51.71,51.72,51.73,51.74,51.75,51.76,51.77,51.78,51.79,176.386,237.665,285.355,175.446,272.08,349.465,135.352,237.71,309.936,563.597,360.093,467.201,187.769,551.861,448.306,531.454,256.528,767.777,242.116,577.13
58,51.73,51.72,51.71,51.7,51.69,51.68,51.67,51.66,51.65,51.64,51.74,51.75,51.76,51.77,51.78,51.79,51.8,51.81,51.82,51.83,149.34,240.538,381.328,341.72,151.131,293.099,748.13,249.297,350.823,516.093,494.506,449.335,308.107,342.93,386.19,429.299,487.232,663.803,390.333,332.948
59,51.68,51.67,51.66,51.65,51.64,51.63,51.62,51.61,51.6,51.59,51.69,51.7,51.71,51.72,51.73,51.74,51.75,51.76,51.77,51.78,167.876,241.146,167.935,257.46,293.259,192.895,180.365,309.94,558.979,545.619,274.278,550.175,245.825,262.968,410.16,502.31,516.867,274.204,723.503,325.048
60,51.72,51.71,51.7,51.69,51.68,51.67,51.66,51.65,51.64,51.63,51.73,51.74,51.75,51.76,51.77,51.78,51.79,51.8,51.81,51.82,178.794,258.522,436.499,405.019,402.082,424.754,220.912,289.844,474.524,663.573,254.38,187.66,413.297,625.96,742.154,310.95,456.009,309.445,703.456,422.231
61,51.74,51.73,51.72,51.71,51.7,51.69,51.68,51.67,51.66,51.65,51.75,51.76,51.77,51.78,51.79,51.8,51.81,51.82,51.83,51.84,167.148,282.664,410.874,372.322,525.902,266.85,513.398,741.664,332.364,281.625,663.248,577.788,406.299,383.936,614.326,504.564,752.577,269.852,434.81,297.543
62,51.71,51.7,51.69,51.68,51.67,51.66,51.65,51.64,51.63,51.62,51.72,51.73,51.74,51.75,51.76,51.77,51.78,51.79,51.8,51.81,284.228,503.358,371.382,451.948,704.051,244.864,286.242,435.792,529.196,242.563,23.591,305.357,546.003,430.634,507.269,670.755,385.619,662.008,430.824,735.693
63,51.7,51.69,51.68,51.67,51.66,51.65,51.64,51.63,51.62,51.61,51.71,51.72,51.73,51.74,51.75,51.76,51.77,51.78,51.79,51.8,151.058,160.831,307.225,438.752,247.384,246.871,443.109,531.493,217.595,319.711,559.447,451.276,405.03,735.109,480.389,296.352,625.63,386.196,611.032,397.645
64,51.67,51.66,51.65,51.64,51.63,51.62,51.61,51.6,51.59,51.58,51.68,51.69,51.7,51.71,51.72,51.73,51.74,51.75,51.76,51.77,113.821,91.127,250.094,546.854,652.428,187.758,321.911,552.069,519.295,208.903,258.836,280.222,544.852,472.991,466.724,454.242,668.714,497.11,194.77,697.884
65,51.63,51.62,51.61,51.6,51.59,51.58,51.57,51.56,51.55,51.54,51.64,51.65,51.66,51.67,51.68,51.69,51.7,51.71,51.72,51.73,150.606,99.611,203.697,468.96,286.937,258.592,555.829,209.947,527.593,467.63,362.808,417.982,496.931,424.99,523.09,839.34,766.85,145.421,328.69,581.43
66,51.63,51.62,51.61,51.6,51.59,51.58,51.57,51.56,51.55,51.54,51.64,51.65,51.66,51.67,51.68,51.69,51.7,51.71,51.72,51.73,139.609,227.341,378.076,346.247,220.233,559.003,585.897,277.477,419.646,386.961,156.802,153.463,421.377,282.263,475.341,809.231,790.255,86.127,328.69,588.929
67,51.63,51.62,51.61,51.6,51.59,51.58,51.57,51.56,51.55,51.54,51.64,51.65,51.66,51.67,51.68,51.69,51.7,51.71,51.72,51.73,220.642,325.861,552.867,373.378,210.999,601.261,551.558,239.012,371.721,386.961,153.483,131.926,370.208,322.307,544.237,638.311,602.725,126.318,362.038,582.61
68,51.68,51.67,51.66,51.65,51.64,51.63,51.62,51.61,51.6,51.59,51.69,51.7,51.71,51.72,51.73,51.74,51.75,51.76,51.77,51.78,197.727,260.991,398.029,353.658,465.931,247.608,367.232,768.392,229.55,272.573,189.856,274.261,248.393,578.52,875.01,511.333,161.661,413.143,803.091,442.681
69,51.7,51.69,51.68,51.67,51.66,51.65,51.64,51.63,51.62,51.61,51.71,51.72,51.73,51.74,51.75,51.76,51.77,51.78,51.79,51.8,175.407,298.088,460.281,601.09,376.601,219.002,369.194,234.102,402.086,807.231,240.914,334.333,337.974,607.778,322.43,339.998,877.026,514.842,535.777,246.932
70,51.71,51.7,51.69,51.68,51.67,51.66,51.65,51.64,51.63,51.62,51.72,51.73,51.74,51.75,51.76,51.77,51.78,51.79,51.8,51.81,330.736,261.582,207.348,267.976,397.767,445.889,618.048,322.633,232.385,378.007,1.46,454.883,311.672,501.408,473.334,1122.8,452.95,607.956,281.58,887.276
71,51.71,51.7,51.69,51.68,51.67,51.66,51.65,51.64,51.63,51.62,51.72,51.73,51.74,51.75,51.76,51.77,51.78,51.79,51.8,51.81,291.943,258.427,207.258,277.051,353.769,484.526,665.903,324.61,232.385,383.007,131.727,672.839,390.602,621.756,910.422,773.484,373.839,562.966,196.736,887.276
72,51.72,51.71,51.7,51.69,51.68,51.67,51.66,51.65,51.64,51.63,51.73,51.74,51.75,51.76,51.77,51.78,51.79,51.8,51.81,51.82,174.705,330.839,585.71,169.246,196.46,415.784,474.796,618.348,325.11,227.768,172.071,321.817,458.889,508.696,562.121,320.392,581.755,244.641,887.276,306.321
73,51.72,51.71,51.7,51.69,51.68,51.67,51.66,51.65,51.64,51.63,51.73,51.74,51.75,51.76,51.77,51.78,51.79,51.8,51.81,51.82,69.92,124.985,184.764,344.141,254.773,446.428,355.463,611.027,318.107,243.93,215.891,331.106,550.337,387.363,736.851,890.937,373.512,370.116,646.014,533.048
74,51.7,51.69,51.68,51.67,51.66,51.65,51.64,51.63,51.62,51.61,51.71,51.72,51.73,51.74,51.75,51.76,51.77,51.78,51.79,51.8,269.348,359.755,576.459,305.511,135.932,265.21,374.248,244.854,416.988,747.459,140.695,300.147,417.343,694.402,513.889,276.464,639.362,879.61,366.275,234.964
75,51.68,51.67,51.66,51.65,51.64,51.63,51.62,51.61,51.6,51.59,51.69,51.7,51.71,51.72,51.73,51.74,51.75,51.76,51.77,51.78,339.231,239.221,214.008,346.898,402.936,235.617,421.705,745.159,138.362,182.286,134.806,320.441,426.972,434.949,737.106,723.116,456.836,244.236,449.089,872.612
76,51.64,51.63,51.62,51.61,51.6,51.59,51.58,51.57,51.56,51.55,51.65,51.66,51.67,51.68,51.69,51.7,51.71,51.72,51.73,51.74,265.932,285.087,249.013,349.032,318.774,236.253,677.268,523.732,249.872,430.656,211.388,310.856,422.873,397.381,833.314,718.711,284.015,226.847,632.202,717.672
77,51.66,51.65,51.64,51.63,51.62,51.61,51.6,51.59,51.58,51.57,51.67,51.68,51.69,51.7,51.71,51.72,51.73,51.74,51.75,51.76,240.79,406.503,437.749,308.323,248.31,324.099,293.349,275.543,673.15,521.632,180.169,165.261,400.945,706.534,454.677,317.07,785.921,715.622,313.295,128.007
78,51.72,51.71,51.7,51.69,51.68,51.67,51.66,51.65,51.64,51.63,51.73,51.74,51.75,51.76,51.77,51.78,51.79,51.8,51.81,51.82,159.412,260.687,426.597,335.578,372.744,584.272,576.598,599.959,398.577,160.276,181.896,564.89,290.193,300.574,620.852,795.455,389.571,546.461,697.154,536.957
79,51.78,51.77,51.76,51.75,51.74,51.73,51.72,51.71,51.7,51.69,51.79,51.8,51.81,51.82,51.83,51.84,51.85,51.86,51.87,51.88,151.026,292.825,463.795,629.694,467.748,174.202,295.86,339.968,490.926,489.544,259.975,543.304,415.001,472.883,1188.955,411.244,541.153,491.843,827.423,189.264
80,51.78,51.77,51.76,51.75,51.74,51.73,51.72,51.71,51.7,51.69,51.79,51.8,51.81,51.82,51.83,51.84,51.85,51.86,51.87,51.88,148.97,277.573,448.867,669.034,121.948,106.966,294.647,306.259,423.217,480.31,504.639,372.342,391.507,589.543,939.825,430.368,712.971,435.945,887.865,282.449
81,51.74,51.73,51.72,51.71,51.7,51.69,51.68,51.67,51.66,51.65,51.75,51.76,51.77,51.78,51.79,51.8,51.81,51.82,51.83,51.84,178.828,140.929,236.386,221.47,589.876,571.997,235.867,408.712,408.79,502.515,145.786,755.915,312.687,353.65,306.631,358.299,705.919,728.477,922.48,210.391
82,51.76,51.75,51.74,51.73,51.72,51.71,51.7,51.69,51.68,51.67,51.77,51.78,51.79,51.8,51.81,51.82,51.83,51.84,51.85,51.86,261.352,494.417,322.793,296.263,192.047,230.273,625.29,643.36,284.267,317.581,204.058,272.965,135.293,260.005,772.116,541.279,942.95,308.433,581.591,340.935
83,51.75,51.74,51.73,51.72,51.71,51.7,51.69,51.68,51.67,51.66,51.76,51.77,51.78,51.79,51.8,51.81,51.82,51.83,51.84,51.85,199.973,196.326,233.038,248.975,239.309,447.149,161.687,237.825,370.025,412.152,429.492,617.276,304.643,229.218,432.319,834.617,682.887,935.8,169.764,512.018
84,51.8,51.79,51.78,51.77,51.76,51.75,51.74,51.73,51.72,51.71,51.81,51.82,51.83,51.84,51.85,51.86,51.87,51.88,51.89,51.9,160.121,316.857,640.417,417.72,610.018,539.983,334.398,429.158,259.628,289.531,481.21,283.557,549.574,406.332,704.788,478.14,778.706,349.189,405.236,303.831
85,51.78,51.77,51.76,51.75,51.74,51.73,51.72,51.71,51.7,51.69,51.79,51.8,51.81,51.82,51.83,51.84,51.85,51.86,51.87,51.88,177.953,422.748,472.177,360.874,269.358,309.483,210.163,358.385,475.342,601.262,636.581,205.089,375.429,453.618,1246.564,524.137,596.97,263.835,690.573,267.368
86,51.79,51.78,51.77,51.76,51.75,51.74,51.73,51.72,51.71,51.7,51.8,51.81,51.82,51.83,51.84,51.85,51.86,51.87,51.88,51.89,234.921,334,532.359,380.712,228.644,262.826,455.233,247.323,306.872,432.698,137.604,311.407,314.622,1037.774,522.971,626.236,371.383,800.269,300.374,405.235
87,51.82,51.81,51.8,51.79,51.78,51.77,51.76,51.75,51.74,51.73,51.83,51.84,51.85,51.86,51.87,51.88,51.89,51.9,51.91,51.92,178,276.065,505.317,419.243,561.63,422.352,243.062,293.658,381.731,777.287,538.619,260.689,597.274,654.318,927.74,489.546,336.393,293.443,756.004,401.793
88,51.81,51.8,51.79,51.78,51.77,51.76,51.75,51.74,51.73,51.72,51.82,51.83,51.84,51.85,51.86,51.87,51.88,51.89,51.9,51.91,190.663,294.973,458.116,563.219,364.637,276.061,291.633,379.331,760.568,188.043,184.031,649.163,257.631,587.452,718.402,924.512,490.915,307.876,271.943,756.004
89,51.84,51.83,51.82,51.81,51.8,51.79,51.78,51.77,51.76,51.75,51.85,51.86,51.87,51.88,51.89,51.9,51.91,51.92,51.93,51.94,160.286,299.631,452.06,515.535,458.206,459.918,538.349,207.171,207.47,250.283,721.795,259.447,597.59,571.321,370.305,552.168,807.742,468.467,293.803,468.24
90,51.81,51.8,51.79,51.78,51.77,51.76,51.75,51.74,51.73,51.72,51.82,51.83,51.84,51.85,51.86,51.87,51.88,51.89,51.9,51.91,240.295,269.729,418.019,555.595,159.504,208.966,250.283,374.827,650.998,235.878,173.165,464.258,300.431,335.672,489.38,1335.956,576.512,456.15,332.224,545.235
91,51.82,51.81,51.8,51.79,51.78,51.77,51.76,51.75,51.74,51.73,51.83,51.84,51.85,51.86,51.87,51.88,51.89,51.9,51.91,51.92,231.279,244.332,425.719,545.273,303.766,136.982,345.328,291.832,427.219,650.998,570.764,325.814,331.853,525.529,1469.478,521.594,406.633,285.783,545.235,433.137
92,51.79,51.78,51.77,51.76,51.75,51.74,51.73,51.72,51.71,51.7,51.8,51.81,51.82,51.83,51.84,51.85,51.86,51.87,51.88,51.89,214.148,245.725,226.271,408.999,254.997,426.181,686.985,165.683,281.989,429.338,211.589,595.832,287.547,504.106,217.622,551.147,488.242,1115.743,573.844,455.095
93,51.78,51.77,51.76,51.75,51.74,51.73,51.72,51.71,51.7,51.69,51.79,51.8,51.81,51.82,51.83,51.84,51.85,51.86,51.87,51.88,175.298,170.176,397.53,223.75,411.772,735.673,205.759,286.606,430.273,584.403,133.398,484.495,545.089,432.653,550.543,245.241,476.184,469.621,1059.572,513.019
94,51.76,51.75,51.74,51.73,51.72,51.71,51.7,51.69,51.68,51.67,51.77,51.78,51.79,51.8,51.81,51.82,51.83,51.84,51.85,51.86,249.782,125.443,270.247,397.226,170.176,336.926,524.038,547.836,337.316,495.569,134.166,686.531,271.757,341.041,510.091,809.899,570.993,264.586,419.327,214.406
95,51.8,51.79,51.78,51.77,51.76,51.75,51.74,51.73,51.72,51.71,51.81,51.82,51.83,51.84,51.85,51.86,51.87,51.88,51.89,51.9,181.949,287.177,431.043,328.133,564.212,371.124,648.364,338.289,249.069,329.809,146.459,146.868,316.256,374.63,594.331,467.492,1065.099,528.927,391.829,347.195
96,51.79,51.78,51.77,51.76,51.75,51.74,51.73,51.72,51.71,51.7,51.8,51.81,51.82,51.83,51.84,51.85,51.86,51.87,51.88,51.89,157.195,227.466,412.168,604.812,376.879,652.298,322.236,220.574,243.311,468.022,671.262,567.152,610.902,338.917,297.761,531.082,534.176,1148.272,446.718,356.412
97,51.77,51.76,51.75,51.74,51.73,51.72,51.71,51.7,51.69,51.68,51.78,51.79,51.8,51.81,51.82,51.83,51.84,51.85,51.86,51.87,242.366,185.022,258.461,475.054,291.258,221.526,335.46,472.18,547.617,381.814,186.655,502.389,360.342,475.583,638.415,431.329,262.619,567.224,367.146,1054.413
98,51.81,51.8,51.79,51.78,51.77,51.76,51.75,51.74,51.73,51.72,51.82,51.83,51.84,51.85,51.86,51.87,51.88,51.89,51.9,51.91,304.471,376.639,535.418,357.014,451.596,484.205,313.275,410.312,701.438,165.162,137.368,254.785,215.497,454.799,590.911,1120.804,453.163,436.449,371.176,576.772
99,51.82,51.81,51.8,51.79,51.78,51.77,51.76,51.75,51.74,51.73,51.83,51.84,51.85,51.86,51.87,51.88,51.89,51.9,51.91,51.92,162.261,249.842,457.057,528.08,519.013,750.109,545.258,297.429,357.803,701.438,174.648,202.08,485.368,539.424,624.112,461.408,367.341,350.975,644.888,411.164
100,51.8,51.79,51.78,51.77,51.76,51.75,51.74,51.73,51.72,51.71,51.81,51.82,51.83,51.84,51.85,51.86,51.87,51.88,51.89,51.9,100.081,210.723,358.86,437.528,569.561,260.357,359.918,709.414,165.162,243.128,520.695,498.995,552.75,358.385,680.892,545.744,1076.703,584.188,259.578,319.121
101,51.81,51.8,51.79,51.78,51.77,51.76,51.75,51.74,51.73,51.72,51.82,51.83,51.84,51.85,51.86,51.87,51.88,51.89,51.9,51.91,158.754,265.969,320.55,351.614,387.433,524.791,299.543,406.96,709.414,165.162,575.056,483.809,337.8,622.975,568.765,1041.615,603.323,333.934,346.938,650.538
102,51.8,51.79,51.78,51.77,51.76,51.75,51.74,51.73,51.72,51.71,51.81,51.82,51.83,51.84,51.85,51.86,51.87,51.88,51.89,51.9,218.552,279.311,435.002,445.387,468.977,298.821,410.294,704.797,165.162,243.128,274.38,703.815,491.551,377.06,565.075,487.366,800.847,445.706,551.018,451.901
103,51.8,51.79,51.78,51.77,51.76,51.75,51.74,51.73,51.72,51.71,51.81,51.82,51.83,51.84,51.85,51.86,51.87,51.88,51.89,51.9,245.796,281.717,415.626,462.117,465.141,260.273,411.683,704.797,165.162,243.128,196.737,346.736,142.119,415.46,860.328,396.547,832.559,386.745,590.026,404.131
104,51.81,51.8,51.79,51.78,51.77,51.76,51.75,51.74,51.73,51.72,51.82,51.83,51.84,51.85,51.86,51.87,51.88,51.89,51.9,51.91,233.092,278.06,588.258,407.78,771.977,478.848,356.79,410.195,701.438,165.162,176.118,237.331,307.803,626.927,505.306,803.518,387.087,579.305,404.131,578.79
105,51.83,51.82,51.81,51.8,51.79,51.78,51.77,51.76,51.75,51.74,51.84,51.85,51.86,51.87,51.88,51.89,51.9,51.91,51.92,51.93,469.112,308.708,481.867,295.206,667.679,430.776,830.962,381.352,266.268,319.146,4.065,295.067,324.867,670.423,506.069,608.966,449.533,597.123,294.254,249.184
106,51.83,51.82,51.81,51.8,51.79,51.78,51.77,51.76,51.75,51.74,51.84,51.85,51.86,51.87,51.88,51.89,51.9,51.91,51.92,51.93,156.486,264.482,365.118,297.588,584.894,488.804,834.194,381.352,266.268,319.146,582.472,320.18,315.223,676.489,522.275,667.785,527.297,645.838,294.254,243.566
107,51.82,51.81,51.8,51.79,51.78,51.77,51.76,51.75,51.74,51.73,51.83,51.84,51.85,51.86,51.87,51.88,51.89,51.9,51.91,51.92,248.094,248.17,353.421,642.828,392.046,832.094,381.352,269.626,319.146,662.773,138.166,585.483,339.072,332.58,732.154,499.829,624.709,556.791,550.697,294.254
108,51.87,51.86,51.85,51.84,51.83,51.82,51.81,51.8,51.79,51.78,51.88,51.89,51.9,51.91,51.92,51.93,51.94,51.95,51.96,51.97,234.508,404.661,506.159,403.771,512.339,557.422,640.621,215.938,492.137,297.34,135.275,193.101,507.33,553.575,569.367,329.331,376.792,318.468,581.495,633.552
109,51.87,51.86,51.85,51.84,51.83,51.82,51.81,51.8,51.79,51.78,51.88,51.89,51.9,51.91,51.92,51.93,51.94,51.95,51.96,51.97,241.893,378.997,451.34,301.337,350.55,519.615,602.413,215.938,423.752,264.76,258.945,713.406,424.03,206.932,733.937,734.697,579.998,255.482,593.658,563.255
110,51.85,51.84,51.83,51.82,51.81,51.8,51.79,51.78,51.77,51.76,51.86,51.87,51.88,51.89,51.9,51.91,51.92,51.93,51.94,51.95,146.377,123.097,292.729,527.702,618.338,177.423,456.882,297.34,587.548,266.27,663.609,444.86,252.118,339.315,371.418,298.872,728.997,1017.908,622.043,208.582
111,51.87,51.86,51.85,51.84,51.83,51.82,51.81,51.8,51.79,51.78,51.88,51.89,51.9,51.91,51.92,51.93,51.94,51.95,51.96,51.97,158.584,244.015,334.145,289.257,280.705,460.674,609.366,215.939,504.612,254.097,577.567,285.499,129.8,362.685,741.736,1094.957,600.785,207.948,593.337,601.42
112,51.89,51.88,51.87,51.86,51.85,51.84,51.83,51.82,51.81,51.8,51.9,51.91,51.92,51.93,51.94,51.95,51.96,51.97,51.98,51.99,210.733,243.843,378.985,442.494,473.072,234.705,391.14,485.451,583.255,37.128,841.581,129.965,527.683,737.382,641.621,377.873,585.712,559.206,321.719,175.147
113,51.91,51.9,51.89,51.88,51.87,51.86,51.85,51.84,51.83,51.82,51.92,51.93,51.94,51.95,51.96,51.97,51.98,51.99,52,52.01,229.729,255.179,441.039,627.605,460.937,795.629,477.955,246.232,361.745,398.946,119.649,172.701,534.852,524.324,779.944,609.42,393.811,241.559,319.584,166.832
114,51.94,51.93,51.92,51.91,51.9,51.89,51.88,51.87,51.86,51.85,51.95,51.96,51.97,51.98,51.99,52,52.01,52.02,52.03,52.04,155.606,368.749,605.653,1327.028,391.567,254.05,437.72,383.373,678.72,293.737,600.395,403.025,617.807,660.57,311.609,327.578,217.693,464.144,731.513,425.125
115,51.95,51.94,51.93,51.92,51.91,51.9,51.89,51.88,51.87,51.86,51.96,51.97,51.98,51.99,52,52.01,52.02,52.03,52.04,52.05,185.574,223.892,610.257,1079.36,1165.124,193.492,174.21,399.653,390.49,556.077,339.581,605.851,117.545,291.25,747.193,536.034,465.935,828.788,472.327,273.718
116,51.94,51.93,51.92,51.91,51.9,51.89,51.88,51.87,51.86,51.85,51.95,51.96,51.97,51.98,51.99,52,52.01,52.02,52.03,52.04,219.649,362.787,690.097,1130.09,232.252,226.716,390.244,349.429,594.643,304.711,255.395,361.067,663.226,499.384,620.679,512.418,442.153,457.17,922.905,533.567
117,51.93,51.92,51.91,51.9,51.89,51.88,51.87,51.86,51.85,51.84,51.94,51.95,51.96,51.97,51.98,51.99,52,52.01,52.02,52.03,348.562,341.565,1229.866,181.766,179.809,344.686,389.372,691.865,282.218,194.363,188.35,295.261,479.947,335.231,649.921,657.843,379.628,447.285,413.602,921.338
118,51.96,51.95,51.94,51.93,51.92,51.91,51.9,51.89,51.88,51.87,51.97,51.98,51.99,52,52.01,52.02,52.03,52.04,52.05,52.06,191.277,236.423,400.202,547.209,996.594,1098.593,206.746,218.304,383.24,344.812,541.347,328.438,386.95,497.142,596.71,581.43,902.798,572.4,119.764,332.665
119,51.99,51.98,51.97,51.96,51.95,51.94,51.93,51.92,51.91,51.9,52,52.01,52.02,52.03,52.04,52.05,52.06,52.07,52.08,52.09,165.197,140.457,393.114,372.044,480.185,275.72,391.237,1195.093,1100.357,180.748,92.047,232.966,539.864,666.963,628.024,269.869,334.605,154.748,478.336,641.598
120,52.02,52.01,52,51.99,51.98,51.97,51.96,51.95,51.94,51.93,52.03,52.04,52.05,52.06,52.07,52.08,52.09,52.1,52.11,52.12,243.556,197.014,264.826,346.555,281.559,226.704,722.098,335.941,186.215,291.498,114.882,342.274,384.069,598.786,688.189,699.39,678.379,422.829,339.871,529.161
121,52.06,52.05,52.04,52.03,52.02,52.01,52,51.99,51.98,51.97,52.07,52.08,52.09,52.1,52.11,52.12,52.13,52.14,52.15,52.16,164.979,225.312,320.713,192.664,196.685,430.565,766.812,275.185,276.974,185.608,215.893,411.235,397.633,657.198,480.183,391.652,236.298,589.114,678.131,630.19
122,52.04,52.03,52.02,52.01,52,51.99,51.98,51.97,51.96,51.95,52.05,52.06,52.07,52.08,52.09,52.1,52.11,52.12,52.13,52.14,130.287,176.72,157.289,217.016,139.824,252.18,362.455,286.618,772.06,273.842,352.993,571.759,300.702,517.743,981.703,958.977,559.726,334.685,113.716,395.852
123,52.02,52.01,52,51.99,51.98,51.97,51.96,51.95,51.94,51.93,52.03,52.04,52.05,52.06,52.07,52.08,52.09,52.1,52.11,52.12,215.743,234.132,292.085,239.128,339.743,237.918,775.461,314.843,172.93,304.6,225.936,663.579,403.801,521.363,276.993,609.749,727.765,875.158,535.031,367.746
124,52,51.99,51.98,51.97,51.96,51.95,51.94,51.93,51.92,51.91,52.01,52.02,52.03,52.04,52.05,52.06,52.07,52.08,52.09,52.1,228.305,94.058,175.148,369.93,584.866,357.998,173.029,304.6,1170.139,1088.764,143.047,758.814,453.288,548.685,795.076,603.995,135.717,393.925,685.546,767.507
125,52.02,52.01,52,51.99,51.98,51.97,51.96,51.95,51.94,51.93,52.03,52.04,52.05,52.06,52.07,52.08,52.09,52.1,52.11,52.12,179.409,180.181,251.239,183.412,330.105,255.443,731.003,422.296,172.93,304.6,607.068,232.295,389.333,481.769,244.583,594.882,922.58,662.51,405.131,340.518
126,52.04,52.03,52.02,52.01,52,51.99,51.98,51.97,51.96,51.95,52.05,52.06,52.07,52.08,52.09,52.1,52.11,52.12,52.13,52.14,175.914,249.219,413.353,295.703,200.803,155.523,371.109,276.022,729.51,321.408,254.392,417.343,285.881,681.104,963.492,607.34,270.816,373.595,198.145,503.96
127,52.02,52.01,52,51.99,51.98,51.97,51.96,51.95,51.94,51.93,52.03,52.04,52.05,52.06,52.07,52.08,52.09,52.1,52.11,52.12,130.375,195.912,267.796,209.063,380.736,237.641,764.247,328.052,172.93,304.6,366.138,513.032,404.001,514.325,225.859,587.803,799.984,640.733,309.204,373.595
128,52.02,52.01,52,51.99,51.98,51.97,51.96,51.95,51.94,51.93,52.03,52.04,52.05,52.06,52.07,52.08,52.09,52.1,52.11,52.12,189.145,303.401,261.585,135.435,320.534,244.868,754.843,427.085,172.93,304.6,444.805,440.681,323.783,544.771,265.237,418.353,658.222,655.509,354.367,513.125
129,52,51.99,51.98,51.97,51.96,51.95,51.94,51.93,51.92,51.91,52.01,52.02,52.03,52.04,52.05,52.06,52.07,52.08,52.09,52.1,120.512,271.375,333.5,146.382,290.558,340.726,229.604,350.631,1122.998,1039.664,291.308,595.675,300.742,413.349,703.338,709.394,234.086,367.971,580.98,676.09
130,52.01,52,51.99,51.98,51.97,51.96,51.95,51.94,51.93,51.92,52.02,52.03,52.04,52.05,52.06,52.07,52.08,52.09,52.1,52.11,123.725,209.507,358.28,391.473,267.155,711.477,320.292,242.934,352.195,1084.477,249.371,460.326,452.131,428.402,719.241,160.495,386.482,575.398,637.688,463.112
131,51.97,51.96,51.95,51.94,51.93,51.92,51.91,51.9,51.89,51.88,51.98,51.99,52,52.01,52.02,52.03,52.04,52.05,52.06,52.07,1.561,96.559,262.107,332.636,361.526,1185.715,1123.131,163.568,236.145,470.718,228.295,438.775,568.44,739.627,535.761,295.093,386.206,712.277,749.588,331.402
132,51.94,51.93,51.92,51.91,51.9,51.89,51.88,51.87,51.86,51.85,51.95,51.96,51.97,51.98,51.99,52,52.01,52.02,52.03,52.04,269.948,129.145,597.165,1087.212,223.617,147.515,493.911,272.88,618.94,319.778,76.878,332.89,436.008,448.565,321.457,366.452,1191.575,549.651,153.123,273.608
133,51.96,51.95,51.94,51.93,51.92,51.91,51.9,51.89,51.88,51.87,51.97,51.98,51.99,52,52.01,52.02,52.03,52.04,52.05,52.06,43.11,241.644,281.545,211.967,609.24,1153.158,283.142,306.039,422.358,229.705,546.189,514.811,370.117,433.859,1076.893,544.382,229.059,274.241,651.523,579.373
134,51.96,51.95,51.94,51.93,51.92,51.91,51.9,51.89,51.88,51.87,51.97,51.98,51.99,52,52.01,52.02,52.03,52.04,52.05,52.06,199.801,233.255,372.652,472.877,1094.812,1073.154,246.018,300.015,422.358,229.705,133.095,558.734,526.46,371.065,506.016,462.161,276.289,459.048,874.527,473.929
135,51.95,51.94,51.93,51.92,51.91,51.9,51.89,51.88,51.87,51.86,51.96,51.97,51.98,51.99,52,52.01,52.02,52.03,52.04,52.05,268.369,235.217,278.049,569.06,1097.658,303.899,301.415,434.053,268.264,555.17,125.274,500.09,530.788,445.578,728.534,508.002,519.25,228.653,450.548,800.148
136,51.93,51.92,51.91,51.9,51.89,51.88,51.87,51.86,51.85,51.84,51.94,51.95,51.96,51.97,51.98,51.99,52,52.01,52.02,52.03,174.943,373.507,1100.251,127.758,148.405,457.284,277.086,604.741,319.26,279.178,217.783,449.147,513.357,292.987,534.323,425.835,708.03,580.333,537.538,175.091
137,51.95,51.94,51.93,51.92,51.91,51.9,51.89,51.88,51.87,51.86,51.96,51.97,51.98,51.99,52,52.01,52.02,52.03,52.04,52.05,304.37,203.559,319.757,553.43,1128.434,166.511,149.795,485.505,275.681,557.095,304.708,373.279,581.555,462.133,717.059,660.229,439.988,139.73,405.455,702.929
138,51.98,51.97,51.96,51.95,51.94,51.93,51.92,51.91,51.9,51.89,51.99,52,52.01,52.02,52.03,52.04,52.05,52.06,52.07,52.08,153.075,193.835,332.165,335.815,452.492,364.592,1022.266,1158.626,229.406,261.492,165.949,480.474,534.549,411.44,212.134,316.607,750.906,553.329,172.908,438.539
139,52,51.99,51.98,51.97,51.96,51.95,51.94,51.93,51.92,51.91,52.01,52.02,52.03,52.04,52.05,52.06,52.07,52.08,52.09,52.1,235.924,202.438,122.027,168.424,354.212,235.905,440.876,394.217,1018.378,1128.08,235.044,416.26,289.988,525.375,778.114,617.408,253.973,355.864,571.658,472.449
140,51.98,51.97,51.96,51.95,51.94,51.93,51.92,51.91,51.9,51.89,51.99,52,52.01,52.02,52.03,52.04,52.05,52.06,52.07,52.08,138.621,101.975,380.818,384.493,411.787,351.526,981.268,1140.87,335.233,392.379,209.371,585.073,387.573,433.167,175.121,673.516,905.627,621.865,128.077,351.634
141,51.99,51.98,51.97,51.96,51.95,51.94,51.93,51.92,51.91,51.9,52,52.01,52.02,52.03,52.04,52.05,52.06,52.07,52.08,52.09,245.843,214.51,343.709,353.175,183.303,369.174,412.318,1026.591,1138.332,267.864,86.966,328.576,523.904,194.245,672.299,867.189,584.776,89.66,351.634,533.253
142,52,51.99,51.98,51.97,51.96,51.95,51.94,51.93,51.92,51.91,52.01,52.02,52.03,52.04,52.05,52.06,52.07,52.08,52.09,52.1,120.077,197.683,313.635,353.182,291.847,178.363,439.34,459.194,1025.176,1090.728,402.789,395.954,384.217,602.343,844.651,581.068,165.584,454.907,718.323,403.101
143,51.98,51.97,51.96,51.95,51.94,51.93,51.92,51.91,51.9,51.89,51.99,52,52.01,52.02,52.03,52.04,52.05,52.06,52.07,52.08,289.231,207.754,169.67,262.84,343.967,430.916,1063.857,1142.959,267.864,390.45,201.886,292.901,324.07,444.132,145.326,693.345,994.948,445.591,198.288,454.949
144,51.99,51.98,51.97,51.96,51.95,51.94,51.93,51.92,51.91,51.9,52,52.01,52.02,52.03,52.04,52.05,52.06,52.07,52.08,52.09,262.28,230.159,253.374,238.109,174.247,428.593,411.668,1063.857,1138.342,267.864,131.084,337.525,514.708,178.971,638.107,955.68,503.531,165.175,421.836,718.323
145,52,51.99,51.98,51.97,51.96,51.95,51.94,51.93,51.92,51.91,52.01,52.02,52.03,52.04,52.05,52.06,52.07,52.08,52.09,52.1,152.076,222.357,282.522,293.293,405.662,221.865,349.889,459.197,1061.184,1090.728,275.518,449.374,315.662,601.644,953.232,466.503,322.825,318.563,462.926,397.838
146,52,51.99,51.98,51.97,51.96,51.95,51.94,51.93,51.92,51.91,52.01,52.02,52.03,52.04,52.05,52.06,52.07,52.08,52.09,52.1,145.291,220.702,285.211,325.412,387.019,222.886,387.766,459.197,1061.184,1090.728,254.766,598.657,293.94,620.963,936.61,408.772,360.418,318.563,462.926,397.838
147,52.01,52,51.99,51.98,51.97,51.96,51.95,51.94,51.93,51.92,52.02,52.03,52.04,52.05,52.06,52.07,52.08,52.09,52.1,52.11,110.809,209.49,317.85,336.575,353.461,350.999,170.532,387.546,453.178,1147.328,266.303,302.2,474.219,893.091,556.206,318.537,351.628,501.331,397.779,287.371
148,51.99,51.98,51.97,51.96,51.95,51.94,51.93,51.92,51.91,51.9,52,52.01,52.02,52.03,52.04,52.05,52.06,52.07,52.08,52.09,116.798,196.871,317.478,367.257,250.725,287.525,511.994,1005.881,1086.327,267.864,519.77,347.859,371.746,190.246,496.816,819.019,574.71,425.019,331.71,567.996
149,51.94,51.93,51.92,51.91,51.9,51.89,51.88,51.87,51.86,51.85,51.95,51.96,51.97,51.98,51.99,52,52.01,52.02,52.03,52.04,144.884,128.748,627.748,1147.207,345.465,263.465,321.757,338.794,574.583,430.236,221.631,547.128,368.725,383.153,333.046,793.778,676.21,611.028,294.853,333.73
150,51.97,51.96,51.95,51.94,51.93,51.92,51.91,51.9,51.89,51.88,51.98,51.99,52,52.01,52.02,52.03,52.04,52.05,52.06,52.07,219.08,206.225,350.228,284.652,434.988,1116.436,1101.662,332.197,188.976,469.944,224.222,446.898,807.269,139.26,488.499,260.164,281.027,597.646,413.959,323.279
151,52.03,52.02,52.01,52,51.99,51.98,51.97,51.96,51.95,51.94,52.04,52.05,52.06,52.07,52.08,52.09,52.1,52.11,52.12,52.13,153.155,413.13,517.029,398.634,278.254,637.408,584.978,457.815,206.225,373.018,572.989,147.157,511.593,389.729,558.224,553.709,411.992,376.997,368.996,236.397
152,52.01,52,51.99,51.98,51.97,51.96,51.95,51.94,51.93,51.92,52.02,52.03,52.04,52.05,52.06,52.07,52.08,52.09,52.1,52.11,99.99,381.528,403.506,417.012,200.113,395.09,209.545,373.018,262.498,1079.785,220.958,147.735,302.164,155.728,643.244,467.743,574.093,513.823,448.784,376.997
153,52.02,52.01,52,51.99,51.98,51.97,51.96,51.95,51.94,51.93,52.03,52.04,52.05,52.06,52.07,52.08,52.09,52.1,52.11,52.12,288.958,240.066,396.844,136.381,449.422,308.687,370.371,185.084,382.104,301.012,121.113,336.294,323.264,267.54,727.158,791.98,176.802,520.749,611.029,502.898
154,52.01,52,51.99,51.98,51.97,51.96,51.95,51.94,51.93,51.92,52.02,52.03,52.04,52.05,52.06,52.07,52.08,52.09,52.1,52.11,131.35,93.209,241.613,432.344,251.153,344.703,146.583,420.612,301.012,1079.884,168.269,397.164,460.824,241.559,441.551,742.285,866.092,214.37,461.589,608.819
155,52.01,52,51.99,51.98,51.97,51.96,51.95,51.94,51.93,51.92,52.02,52.03,52.04,52.05,52.06,52.07,52.08,52.09,52.1,52.11,115.543,86.29,243.629,436.535,385.851,404.62,187.382,422.812,301.012,1081.884,189.747,410.1,628.192,273.707,369.158,709.354,864.5,292.391,461.589,608.819
156,52,51.99,51.98,51.97,51.96,51.95,51.94,51.93,51.92,51.91,52.01,52.02,52.03,52.04,52.05,52.06,52.07,52.08,52.09,52.1,135.041,177.962,436.986,374.596,335.817,245.314,424.287,305.629,1081.884,1221.82,177.075,441.312,551.992,535.452,305.799,424.828,639.312,741.086,339.455,517.654
157,52.01,52,51.99,51.98,51.97,51.96,51.95,51.94,51.93,51.92,52.02,52.03,52.04,52.05,52.06,52.07,52.08,52.09,52.1,52.11,93.467,157.728,261.286,525.524,235.909,306.935,187.486,424.188,305.629,1079.884,156.834,435.931,531.849,214.234,482.858,639.312,702.164,337.957,588.169,636.054
158,51.99,51.98,51.97,51.96,51.95,51.94,51.93,51.92,51.91,51.9,52,52.01,52.02,52.03,52.04,52.05,52.06,52.07,52.08,52.09,0.202,269.582,186.049,341.091,374.469,449.508,339.064,1111.749,1187.139,185.89,118.402,273.567,379.434,401.617,277.18,190.493,464.324,663.79,821.289,230.212
159,51.98,51.97,51.96,51.95,51.94,51.93,51.92,51.91,51.9,51.89,51.99,52,52.01,52.02,52.03,52.04,52.05,52.06,52.07,52.08,95.251,317.491,124.014,156.587,369.997,423.737,1135.282,1133.326,159.279,201.059,135.41,189.178,292.579,379.287,391.342,306.501,190.807,525.274,666.862,770.383
160,51.93,51.92,51.91,51.9,51.89,51.88,51.87,51.86,51.85,51.84,51.94,51.95,51.96,51.97,51.98,51.99,52,52.01,52.02,52.03,115.4,354.217,1131.692,202.252,262.356,425.121,324.326,551.561,462.225,418.086,276.325,260.126,386.197,625.267,750.639,575.881,599.032,439.605,643.744,323.511
161,51.89,51.88,51.87,51.86,51.85,51.84,51.83,51.82,51.81,51.8,51.9,51.91,51.92,51.93,51.94,51.95,51.96,51.97,51.98,51.99,137.037,72.406,122.165,296.923,509.466,292.868,217.555,428.227,730.983,345.704,137.807,566.376,513.997,311.402,742.257,728.681,350.403,298.621,637.856,492.752
162,51.95,51.94,51.93,51.92,51.91,51.9,51.89,51.88,51.87,51.86,51.96,51.97,51.98,51.99,52,52.01,52.02,52.03,52.04,52.05,156.679,331.737,240.384,440.607,492.128,165.736,363.922,315.009,222.15,346.338,168.199,116.312,261.408,541.748,444.774,451.4,641.906,367.282,137.54,385.359
163,51.96,51.95,51.94,51.93,51.92,51.91,51.9,51.89,51.88,51.87,51.97,51.98,51.99,52,52.01,52.02,52.03,52.04,52.05,52.06,156.5,307.136,631.351,120.687,258.834,341.119,291.565,709.176,273.456,135.93,152.303,311.73,439.562,343.334,579.902,947.146,542.256,126.091,261.517,563.072
164,51.93,51.92,51.91,51.9,51.89,51.88,51.87,51.86,51.85,51.84,51.94,51.95,51.96,51.97,51.98,51.99,52,52.01,52.02,52.03,123.315,152.42,318.208,188.917,490.059,282.93,195.98,429.197,737.37,300.702,169.244,370.413,578.656,359.246,610.636,536.986,160.903,686.158,1022.665,610.016
165,51.93,51.92,51.91,51.9,51.89,51.88,51.87,51.86,51.85,51.84,51.94,51.95,51.96,51.97,51.98,51.99,52,52.01,52.02,52.03,263.944,331.702,513.262,355.764,257.644,405.086,207.928,429.198,731.02,262.122,128.85,260.294,549.724,326.343,578.106,363.281,156.778,655.28,921.489,481.972
166,51.94,51.93,51.92,51.91,51.9,51.89,51.88,51.87,51.86,51.85,51.95,51.96,51.97,51.98,51.99,52,52.01,52.02,52.03,52.04,12.352,241.937,379.076,410.663,386.825,685.654,378.761,228.091,342.985,731.02,219.041,267.566,371.968,207.013,469.942,257.941,591.958,1029.657,476.324,222.314
167,51.98,51.97,51.96,51.95,51.94,51.93,51.92,51.91,51.9,51.89,51.99,52,52.01,52.02,52.03,52.04,52.05,52.06,52.07,52.08,163.802,437.067,319.328,390.927,348.527,192.355,166.569,346.291,338.285,677.437,121.925,225.468,550.644,429.736,734.283,121.804,172.865,480.452,667.336,385.636
168,52.01,52,51.99,51.98,51.97,51.96,51.95,51.94,51.93,51.92,52.02,52.03,52.04,52.05,52.06,52.07,52.08,52.09,52.1,52.11,189.529,375.597,244.409,239.165,359.54,152.782,410.875,454.978,549.291,130.262,144.931,151.563,432.577,397.451,690.863,909.909,233.936,202.372,590.666,557.337
169,52,51.99,51.98,51.97,51.96,51.95,51.94,51.93,51.92,51.91,52.01,52.02,52.03,52.04,52.05,52.06,52.07,52.08,52.09,52.1,212.378,1772.448,309.589,173.502,186.817,246.101,610.386,564.241,177.772,385.767,188.885,228.716,237.798,450.998,499.999,789.761,878.881,299.222,222.537,591.126
170,51.99,51.98,51.97,51.96,51.95,51.94,51.93,51.92,51.91,51.9,52,52.01,52.02,52.03,52.04,52.05,52.06,52.07,52.08,52.09,11.995,131.682,346.494,344.475,302.427,658.075,548.472,127.568,347.236,299.746,207.131,331.656,674.648,600.886,377.518,444.772,696.274,868.296,299.222,228.179
171,51.99,51.98,51.97,51.96,51.95,51.94,51.93,51.92,51.91,51.9,52,52.01,52.02,52.03,52.04,52.05,52.06,52.07,52.08,52.09,134.167,76.89,325.468,240.152,485.651,630.348,563.283,175.166,365.131,439.789,123.832,330.953,666.863,603.686,396.75,414.326,719.462,817.45,371.102,299.853
172,51.97,51.96,51.95,51.94,51.93,51.92,51.91,51.9,51.89,51.88,51.98,51.99,52,52.01,52.02,52.03,52.04,52.05,52.06,52.07,111.249,97.738,201.246,503.532,245.56,187.311,343.891,299.746,758.3,582.603,403.544,821.929,464.624,264.758,604.38,487.123,464.341,274.656,636.781,855.336
173,51.94,51.93,51.92,51.91,51.9,51.89,51.88,51.87,51.86,51.85,51.95,51.96,51.97,51.98,51.99,52,52.01,52.02,52.03,52.04,280.561,59.151,238.091,494.332,361.811,801.642,358.05,149.119,331.221,903.672,497.432,218.77,368.017,590.981,314.554,366.909,320.389,582.484,687.032,499.586
174,51.99,51.98,51.97,51.96,51.95,51.94,51.93,51.92,51.91,51.9,52,52.01,52.02,52.03,52.04,52.05,52.06,52.07,52.08,52.09,128.511,295.425,463.576,184.091,242.63,368.446,310.805,250.526,323.047,299.746,109.263,105.363,287.16,181.251,445.328,497.329,573.22,895.208,347.417,291.262
175,52.01,52,51.99,51.98,51.97,51.96,51.95,51.94,51.93,51.92,52.02,52.03,52.04,52.05,52.06,52.07,52.08,52.09,52.1,52.11,197.016,182.213,213.887,397.807,504.098,389.559,606.548,370.221,287.812,205.754,116.446,192.563,423.553,460.829,656.032,850.167,223.76,252.69,590.796,637.551
