timestamp,bid_price_0,bid_price_1,bid_price_2,bid_price_3,bid_price_4,bid_price_5,bid_price_6,bid_price_7,bid_price_8,bid_price_9,ask_price_0,ask_price_1,ask_price_2,ask_price_3,ask_price_4,ask_price_5,ask_price_6,ask_price_7,ask_price_8,ask_price_9,bid_size_0,bid_size_1,bid_size_2,bid_size_3,bid_size_4,bid_size_5,bid_size_6,bid_size_7,bid_size_8,bid_size_9,ask_size_0,ask_size_1,ask_size_2,ask_size_3,ask_size_4,ask_size_5,ask_size_6,ask_size_7,ask_size_8,ask_size_9
0,52.21,52.2,52.19,52.18,52.17,52.16,52.15,52.14,52.13,52.12,52.22,52.23,52.24,52.25,52.26,52.27,52.28,52.29,52.3,52.31,178.486,266.536,227.142,578.168,247.267,344.342,374.569,690.325,434.314,409.733,128.904,292.827,470.805,462.495,524.081,331.092,402.839,436.127,637.93,738.918
1,52.19,52.18,52.17,52.16,52.15,52.14,52.13,52.12,52.11,52.1,52.2,52.21,52.22,52.23,52.24,52.25,52.26,52.27,52.28,52.29,233.485,162.825,236.07,398.559,256.704,666.484,358.023,228.802,456.326,846.649,118.54,313.902,483.825,452.595,516.781,569.342,664.546,723.257,336.442,275.483
2,52.17,52.16,52.15,52.14,52.13,52.12,52.11,52.1,52.09,52.08,52.18,52.19,52.2,52.21,52.22,52.23,52.24,52.25,52.26,52.27,170.671,289.852,374.207,639.832,291.272,218.857,423.2,759.645,278.143,489.228,115.468,192.778,464.776,386.621,572.79,291.802,382.656,564.445,666.721,678.116
3,52.18,52.17,52.16,52.15,52.14,52.13,52.12,52.11,52.1,52.09,52.19,52.2,52.21,52.22,52.23,52.24,52.25,52.26,52.27,52.28,132.987,238.318,297.885,283.548,650.598,320.192,226.378,418.583,758.256,237.144,206.984,466.41,377.069,600.76,211.035,575.279,498.452,531.504,627.46,290.141
4,52.18,52.17,52.16,52.15,52.14,52.13,52.12,52.11,52.1,52.09,52.19,52.2,52.21,52.22,52.23,52.24,52.25,52.26,52.27,52.28,117.927,253.977,296.45,275.928,591.108,305.515,328.449,416.695,708.424,274.615,290.526,435.465,439.567,557.093,307.688,682.515,895.34,578.565,565.801,290.441
5,52.16,52.15,52.14,52.13,52.12,52.11,52.1,52.09,52.08,52.07,52.17,52.18,52.19,52.2,52.21,52.22,52.23,52.24,52.25,52.26,225.138,244.023,394.926,358.307,279.701,303.092,774.831,209.333,348.628,432.25,115.951,376.363,394.626,633.083,382.143,568.49,708.167,633.925,588.351,544.807
6,52.15,52.14,52.13,52.12,52.11,52.1,52.09,52.08,52.07,52.06,52.16,52.17,52.18,52.19,52.2,52.21,52.22,52.23,52.24,52.25,116.596,254.588,354.498,158.228,262.203,830.292,253.887,345.828,384.807,525.158,121.971,290.535,397.444,464.701,700.117,460.709,605.408,673.489,571.006,547.358
7,52.15,52.14,52.13,52.12,52.11,52.1,52.09,52.08,52.07,52.06,52.16,52.17,52.18,52.19,52.2,52.21,52.22,52.23,52.24,52.25,230.826,180.61,144.522,200.823,329.002,723.587,252.489,351.961,388.514,525.158,181.113,223.63,433.017,464.073,768.773,543.813,753.515,723.631,448.66,334.038
8,52.17,52.16,52.15,52.14,52.13,52.12,52.11,52.1,52.09,52.08,52.18,52.19,52.2,52.21,52.22,52.23,52.24,52.25,52.26,52.27,139.688,216.891,323.24,351.286,345.9,284.067,388.264,801.878,204.507,345.828,489.829,460.266,597.054,382.354,759.91,760.522,567.623,295.535,390.35,694.804
9,52.16,52.15,52.14,52.13,52.12,52.11,52.1,52.09,52.08,52.07,52.17,52.18,52.19,52.2,52.21,52.22,52.23,52.24,52.25,52.26,176.643,266.991,387.573,314.134,156.65,345.256,732.866,209.211,349.522,433.448,347.212,434.501,325.019,515.069,513.859,829.841,832.739,520.182,293.235,400.777
10,52.14,52.13,52.12,52.11,52.1,52.09,52.08,52.07,52.06,52.05,52.15,52.16,52.17,52.18,52.19,52.2,52.21,52.22,52.23,52.24,169.154,260.475,193.678,365.395,732.705,166.731,382.006,473.271,529.364,207.682,347.834,483.405,360.663,594.199,390.812,476.805,487.08,635.085,756.938,517.782
11,52.14,52.13,52.12,52.11,52.1,52.09,52.08,52.07,52.06,52.05,52.15,52.16,52.17,52.18,52.19,52.2,52.21,52.22,52.23,52.24,158.139,234.588,186.189,306.365,792.21,166.636,382.842,468.753,532.264,209.982,148.046,474.526,405.121,517.293,427.103,474.201,408.494,637.878,804.547,476.802
12,52.14,52.13,52.12,52.11,52.1,52.09,52.08,52.07,52.06,52.05,52.15,52.16,52.17,52.18,52.19,52.2,52.21,52.22,52.23,52.24,146.918,247.74,212.1,318.882,734.623,224.308,382.842,468.753,532.264,210.582,134.693,555.953,398.455,557.671,350.351,429.203,447.089,707.766,767.046,433.199
13,52.11,52.1,52.09,52.08,52.07,52.06,52.05,52.04,52.03,52.02,52.12,52.13,52.14,52.15,52.16,52.17,52.18,52.19,52.2,52.21,0.946,49.353,155.584,225.4,457.474,542.196,173.678,209.233,347.884,583.954,510.401,539.933,627.068,481.53,598.146,493.707,759.404,793.227,341.726,292.509
14,52.04,52.03,52.02,52.01,52,51.99,51.98,51.97,51.96,51.95,52.05,52.06,52.07,52.08,52.09,52.1,52.11,52.12,52.13,52.14,166.96,230.316,252.693,1142.709,3810.522,180.664,264.093,315.95,313.527,683.576,213.693,950.617,497.543,522.302,411.972,564.721,684.316,571,613.024,413.909
15,52.01,52,51.99,51.98,51.97,51.96,51.95,51.94,51.93,51.92,52.02,52.03,52.04,52.05,52.06,52.07,52.08,52.09,52.1,52.11,180.108,3675.052,261.192,261.814,294.571,285.252,676.855,350.207,270.31,404.808,187.404,997.469,460.761,509.576,261.756,705.736,722.246,527.82,368.144,584.699
16,51.96,51.95,51.94,51.93,51.92,51.91,51.9,51.89,51.88,51.87,51.97,51.98,51.99,52,52.01,52.02,52.03,52.04,52.05,52.06,199.825,209.039,169.345,333.251,379.015,338.779,279.461,475.441,335.091,586.041,318.825,287.492,427.235,387.857,415.415,445.618,960.778,552.15,418.332,205.21
17,51.96,51.95,51.94,51.93,51.92,51.91,51.9,51.89,51.88,51.87,51.97,51.98,51.99,52,52.01,52.02,52.03,52.04,52.05,52.06,359.512,251.054,309.182,284.909,143.194,387.625,468.982,570.467,291.268,521.698,29,113.319,418.644,173.8,488.159,379.593,921.322,637.022,422.949,169.023
18,51.97,51.96,51.95,51.94,51.93,51.92,51.91,51.9,51.89,51.88,51.98,51.99,52,52.01,52.02,52.03,52.04,52.05,52.06,52.07,99.71,258.708,319.512,250.985,275.919,205.082,429.407,474.2,512.981,291.268,184.245,278.681,288.009,510.4,382.736,980.826,657.686,422.494,160.346,647.511
19,51.99,51.98,51.97,51.96,51.95,51.94,51.93,51.92,51.91,51.9,52,52.01,52.02,52.03,52.04,52.05,52.06,52.07,52.08,52.09,190.301,243.75,578.926,362.871,360.536,568.703,335.025,341.601,420.16,429.428,113.671,57.865,228.631,491.854,543.245,798.564,766.824,605.26,373.232,280.588
20,52.06,52.05,52.04,52.03,52.02,52.01,52,51.99,51.98,51.97,52.07,52.08,52.09,52.1,52.11,52.12,52.13,52.14,52.15,52.16,202.061,273.416,388.65,289.536,264.824,313.885,397.891,622.673,640.243,218.186,223.377,95.12,324.544,684.904,629.632,743.324,548.296,529.251,559.173,572.414
21,52.05,52.04,52.03,52.02,52.01,52,51.99,51.98,51.97,51.96,52.06,52.07,52.08,52.09,52.1,52.11,52.12,52.13,52.14,52.15,209.122,225.073,354.508,257.091,221.707,274.165,617.317,623.894,256.668,358.299,151.722,313.973,590.042,306.145,754.702,703.121,683.138,393.497,561.804,604.01
22,52.03,52.02,52.01,52,51.99,51.98,51.97,51.96,51.95,51.94,52.04,52.05,52.06,52.07,52.08,52.09,52.1,52.11,52.12,52.13,154.738,117.107,297.354,426.562,633.828,583.514,259.668,358.299,364.739,571.855,126.306,314.635,680.056,409.455,522.392,421.328,918.986,730.77,521.331,294.516
23,52.12,52.11,52.1,52.09,52.08,52.07,52.06,52.05,52.04,52.03,52.13,52.14,52.15,52.16,52.17,52.18,52.19,52.2,52.21,52.22,99.391,399.522,448.875,316.022,344.262,242.211,205.502,419.986,382.166,758.786,138.166,352.457,336.948,717.796,591.025,566.458,777.083,457.658,277.585,437.682
24,52.03,52.02,52.01,52,51.99,51.98,51.97,51.96,51.95,51.94,52.04,52.05,52.06,52.07,52.08,52.09,52.1,52.11,52.12,52.13,134.414,142.098,182.058,300.271,509.359,663.795,174.972,473.484,408.775,570.549,160.453,203.532,374.851,371.843,555.469,608.708,509.093,691.098,351.401,337.124
25,52.02,52.01,52,51.99,51.98,51.97,51.96,51.95,51.94,51.93,52.03,52.04,52.05,52.06,52.07,52.08,52.09,52.1,52.11,52.12,164.237,49.483,202.696,381.598,501.182,174.956,387.679,408.775,565.549,351.445,253.903,931.161,324.96,449.61,731.565,613.578,389.611,596.707,660.741,351.401
26,52.04,52.03,52.02,52.01,52,51.99,51.98,51.97,51.96,51.95,52.05,52.06,52.07,52.08,52.09,52.1,52.11,52.12,52.13,52.14,160.754,294.35,521.954,116.333,228.713,473.391,337.497,174.874,419.665,466.417,160.991,743.353,401.951,559.104,499.657,593.742,638.53,351.401,444.425,536.403
27,52.09,52.08,52.07,52.06,52.05,52.04,52.03,52.02,52.01,52,52.1,52.11,52.12,52.13,52.14,52.15,52.16,52.17,52.18,52.19,166.934,280.645,305.712,417.509,434.965,319.974,736.706,433.447,147.544,203.786,133.609,174.504,349.611,366.83,657.274,639.3,628.195,424.287,508.89,671.282
28,52.11,52.1,52.09,52.08,52.07,52.06,52.05,52.04,52.03,52.02,52.12,52.13,52.14,52.15,52.16,52.17,52.18,52.19,52.2,52.21,152.9,354.702,344.089,401.203,143.898,237.593,442.437,408.805,689.12,320.306,153.247,441.014,986.643,785.468,731.564,467.191,448.249,639.777,368.965,380.313
29,52.12,52.11,52.1,52.09,52.08,52.07,52.06,52.05,52.04,52.03,52.13,52.14,52.15,52.16,52.17,52.18,52.19,52.2,52.21,52.22,130.39,238.332,315.349,242.884,392.109,226.946,257.454,368.18,437.755,639.022,202.391,788.094,279.314,389.843,469.433,821.593,658.226,499.03,344.516,523.696
30,52.19,52.18,52.17,52.16,52.15,52.14,52.13,52.12,52.11,52.1,52.2,52.21,52.22,52.23,52.24,52.25,52.26,52.27,52.28,52.29,185.125,232.066,241.216,306.635,212.164,181.063,242.242,473.999,645.806,153.386,116.123,470.348,270.86,301.371,708.329,756.021,831.009,217.228,657.864,578.241
31,52.2,52.19,52.18,52.17,52.16,52.15,52.14,52.13,52.12,52.11,52.21,52.22,52.23,52.24,52.25,52.26,52.27,52.28,52.29,52.3,142.006,236.016,315.456,201.592,233.522,483.618,149.877,267.322,519.765,647.954,132.255,419.014,309.081,551.904,926.479,803.79,187.602,613.309,520.754,425.222
32,52.2,52.19,52.18,52.17,52.16,52.15,52.14,52.13,52.12,52.11,52.21,52.22,52.23,52.24,52.25,52.26,52.27,52.28,52.29,52.3,123.478,182.923,207.737,236.756,258.498,347.711,150.301,229.278,464.925,666,383.739,307.706,475.757,385.952,825.166,657.289,305.337,738.833,653.461,460.228
33,52.15,52.14,52.13,52.12,52.11,52.1,52.09,52.08,52.07,52.06,52.16,52.17,52.18,52.19,52.2,52.21,52.22,52.23,52.24,52.25,126.206,120.573,231.341,420.423,140.785,140.164,162.297,452.282,663.897,277.324,119.079,317.012,628.204,437.924,845.12,514.457,301.138,455.642,440.381,738.477
34,52.15,52.14,52.13,52.12,52.11,52.1,52.09,52.08,52.07,52.06,52.16,52.17,52.18,52.19,52.2,52.21,52.22,52.23,52.24,52.25,196.519,256.188,298.334,235.271,353.516,133.493,176.942,541.379,666.897,237.673,143.596,449.425,556.488,356.245,666.664,474.734,274.972,447.756,435.581,602.483
35,52.15,52.14,52.13,52.12,52.11,52.1,52.09,52.08,52.07,52.06,52.16,52.17,52.18,52.19,52.2,52.21,52.22,52.23,52.24,52.25,215.942,256.259,304.462,252.693,359.647,169.689,168.213,538.879,625.487,235.573,184.366,460.933,428.532,434.849,696.893,479.306,343.93,426.91,466.467,640.872
36,52.17,52.16,52.15,52.14,52.13,52.12,52.11,52.1,52.09,52.08,52.18,52.19,52.2,52.21,52.22,52.23,52.24,52.25,52.26,52.27,165.854,283.815,402.999,327.308,260.677,196.595,333.863,204.287,243.231,596.377,119.492,267.126,263.749,782.046,293.208,514.983,695.72,602.757,501.886,222.569
37,52.16,52.15,52.14,52.13,52.12,52.11,52.1,52.09,52.08,52.07,52.17,52.18,52.19,52.2,52.21,52.22,52.23,52.24,52.25,52.26,261.293,514.444,381.844,330.788,201.308,385.106,200.783,170.913,449.798,783.998,2.87,260.415,475.509,140.292,343.752,292.873,514.898,690.353,621.445,537.664
38,52.16,52.15,52.14,52.13,52.12,52.11,52.1,52.09,52.08,52.07,52.17,52.18,52.19,52.2,52.21,52.22,52.23,52.24,52.25,52.26,91.513,315.458,366.715,335.575,364.848,408.947,328.383,168.213,449.798,779.652,156.395,444.235,236.137,149.85,312.261,317.878,657.863,781.551,576.809,504.676
39,52.14,52.13,52.12,52.11,52.1,52.09,52.08,52.07,52.06,52.05,52.15,52.16,52.17,52.18,52.19,52.2,52.21,52.22,52.23,52.24,192.138,205.719,240.198,405.681,285.22,195.015,497.705,717.608,303.406,333.255,169.895,325.07,455.571,495.589,623.713,498.798,723.43,257.607,448.26,506.572
40,52.13,52.12,52.11,52.1,52.09,52.08,52.07,52.06,52.05,52.04,52.14,52.15,52.16,52.17,52.18,52.19,52.2,52.21,52.22,52.23,80.61,132.47,448.518,420.187,138.61,458.716,717.608,303.406,333.255,417.896,180.062,633.874,454.329,1064.631,620.582,702.611,350.103,718.866,255.507,432.658
41,52.14,52.13,52.12,52.11,52.1,52.09,52.08,52.07,52.06,52.05,52.15,52.16,52.17,52.18,52.19,52.2,52.21,52.22,52.23,52.24,283.976,259.827,283.017,419.694,262.293,138.514,544.589,715.308,255.976,333.255,119.082,472.805,697.743,527.296,681.721,392.452,680.551,255.507,399.712,450.877
42,52.13,52.12,52.11,52.1,52.09,52.08,52.07,52.06,52.05,52.04,52.14,52.15,52.16,52.17,52.18,52.19,52.2,52.21,52.22,52.23,32.52,139.659,457.548,288.539,138.31,516.303,715.308,303.445,333.255,417.896,293.296,596.221,534.256,1054.077,568.082,694.586,371.414,706.699,271.357,525.109
43,52.1,52.09,52.08,52.07,52.06,52.05,52.04,52.03,52.02,52.01,52.11,52.12,52.13,52.14,52.15,52.16,52.17,52.18,52.19,52.2,129.626,57.532,138.014,175.909,343.062,338.398,337.358,718.731,505.055,251.971,407.865,348.872,586.072,400.944,576.463,667.479,1030.388,416.676,641.886,380.115
44,52.06,52.05,52.04,52.03,52.02,52.01,52,51.99,51.98,51.97,52.07,52.08,52.09,52.1,52.11,52.12,52.13,52.14,52.15,52.16,142.649,92.612,202.53,371.429,414.863,141.216,361.222,563.4,775.08,240.574,151.238,530.696,517.79,520.569,320.578,854.72,498.836,341.602,387.861,377.558
45,52.05,52.04,52.03,52.02,52.01,52,51.99,51.98,51.97,51.96,52.06,52.07,52.08,52.09,52.1,52.11,52.12,52.13,52.14,52.15,346.056,108.617,289.956,375.947,140.406,278.917,617.724,676.426,222.193,529.637,127.769,255.416,500.633,489.305,551.674,218.026,710.434,532.592,322.606,375.581
46,52.02,52.01,52,51.99,51.98,51.97,51.96,51.95,51.94,51.93,52.03,52.04,52.05,52.06,52.07,52.08,52.09,52.1,52.11,52.12,197.996,172.96,333.251,525.306,215.741,204.89,405.747,458.203,564.126,202.08,168.901,239.817,169.092,328.559,387.517,1043.946,517.65,424.512,101.52,590.935
47,51.95,51.94,51.93,51.92,51.91,51.9,51.89,51.88,51.87,51.86,51.96,51.97,51.98,51.99,52,52.01,52.02,52.03,52.04,52.05,234.387,111.507,134.76,235.369,359.435,142.494,294.478,636.915,468.133,363.398,294.09,531.329,462.013,436.95,456.402,487.159,383.861,715.242,557.485,207.599
48,51.93,51.92,51.91,51.9,51.89,51.88,51.87,51.86,51.85,51.84,51.94,51.95,51.96,51.97,51.98,51.99,52,52.01,52.02,52.03,152.736,94.651,119.781,193.251,377.936,176.118,267.8,386.458,208.607,222.436,201.287,581.737,912.998,371.708,568.263,661.05,432.144,344.997,133.939,842.632
49,51.95,51.94,51.93,51.92,51.91,51.9,51.89,51.88,51.87,51.86,51.96,51.97,51.98,51.99,52,52.01,52.02,52.03,52.04,52.05,225.707,264.035,315.535,353.846,389.191,274.835,398.053,660.355,320.818,444.506,196.327,158.634,453.839,700.353,468.945,316.943,132.968,793.807,492.224,130.214
50,51.96,51.95,51.94,51.93,51.92,51.91,51.9,51.89,51.88,51.87,51.97,51.98,51.99,52,52.01,52.02,52.03,52.04,52.05,52.06,281.26,268.378,384.068,393.424,334.279,265.268,195.319,438.345,628.196,317.818,192.84,336.433,458.095,731.37,418.102,237.508,810.769,446.502,46.977,379.718
51,51.95,51.94,51.93,51.92,51.91,51.9,51.89,51.88,51.87,51.86,51.96,51.97,51.98,51.99,52,52.01,52.02,52.03,52.04,52.05,153.548,287.933,401.696,518.201,163.661,280.151,435.545,625.496,272.268,419.022,188.104,449.741,363.275,431.18,514.266,515.274,337.831,1057.359,319.944,85.412
52,51.91,51.9,51.89,51.88,51.87,51.86,51.85,51.84,51.83,51.82,51.92,51.93,51.94,51.95,51.96,51.97,51.98,51.99,52,52.01,236.38,136.042,400.9,393.441,384.549,373.576,100.735,123.745,501.439,723.236,185.916,570.01,519.425,520.748,331.627,338.62,295.694,971.727,499.06,562.133
53,51.93,51.92,51.91,51.9,51.89,51.88,51.87,51.86,51.85,51.84,51.94,51.95,51.96,51.97,51.98,51.99,52,52.01,52.02,52.03,275.38,262.35,286.411,406.602,318.079,233.399,310.221,372.617,149.211,126.745,166.946,397.157,170.291,406.883,513.653,890.818,547.96,530.307,311.241,948.17
54,51.93,51.92,51.91,51.9,51.89,51.88,51.87,51.86,51.85,51.84,51.94,51.95,51.96,51.97,51.98,51.99,52,52.01,52.02,52.03,258.489,263.459,329.155,427.441,330.457,266.688,364.487,554.426,241.043,298.931,163.153,457.75,292.159,359.301,461.09,1100.575,659.17,422.053,245.026,860.306
55,51.9,51.89,51.88,51.87,51.86,51.85,51.84,51.83,51.82,51.81,51.91,51.92,51.93,51.94,51.95,51.96,51.97,51.98,51.99,52,147.364,95.201,261.856,518.736,183.97,115.143,351.167,503.367,544.897,204.271,163.902,320.335,478.965,476.203,927.621,344.731,308.665,260.177,979.789,558.834
56,51.88,51.87,51.86,51.85,51.84,51.83,51.82,51.81,51.8,51.79,51.89,51.9,51.91,51.92,51.93,51.94,51.95,51.96,51.97,51.98,329.939,285.565,257.735,255.959,333.412,423.939,532.763,130.667,265.706,557.463,16.018,287.769,443.052,181.889,447.605,550.475,759.255,348.834,306.78,251.065
57,51.89,51.88,51.87,51.86,51.85,51.84,51.83,51.82,51.81,51.8,51.9,51.91,51.92,51.93,51.94,51.95,51.96,51.97,51.98,51.99,147.912,220.175,285.956,213.541,331.744,350.307,481.693,551.945,137.148,252.903,93.079,371.542,205.802,429.864,502.553,909.66,362.786,275.699,256.048,803.938
58,51.89,51.88,51.87,51.86,51.85,51.84,51.83,51.82,51.81,51.8,51.9,51.91,51.92,51.93,51.94,51.95,51.96,51.97,51.98,51.99,210.26,249.651,304.971,187.586,237.462,298.134,476.051,560.442,216.059,252.358,286.326,576.004,203.868,370.976,455.473,951.572,169.395,299.139,356.624,875.03
59,51.86,51.85,51.84,51.83,51.82,51.81,51.8,51.79,51.78,51.77,51.87,51.88,51.89,51.9,51.91,51.92,51.93,51.94,51.95,51.96,290.55,54.436,380.69,258.061,124.921,97.818,157.929,564.121,168.656,514.517,122.932,351.681,518.95,190.588,335.602,139.757,512.856,365.494,943.322,132.3
60,51.85,51.84,51.83,51.82,51.81,51.8,51.79,51.78,51.77,51.76,51.86,51.87,51.88,51.89,51.9,51.91,51.92,51.93,51.94,51.95,305.797,261.23,345.624,305.561,129.559,399.352,463.13,335.23,467.994,201,138.566,452.982,524.817,372.017,517.784,763.507,149.391,603.765,264.925,880.713
61,51.78,51.77,51.76,51.75,51.74,51.73,51.72,51.71,51.7,51.69,51.79,51.8,51.81,51.82,51.83,51.84,51.85,51.86,51.87,51.88,284.505,137.094,343.449,392.301,257.808,146.256,459.972,606.055,240.629,420.744,136.968,472.935,569.518,520.009,918.324,236.574,419.376,338.448,708.714,323.913
62,51.73,51.72,51.71,51.7,51.69,51.68,51.67,51.66,51.65,51.64,51.74,51.75,51.76,51.77,51.78,51.79,51.8,51.81,51.82,51.83,149.87,95.003,116.062,205.826,304.648,91.507,182.242,437.879,580.324,486.099,183.627,761.013,516.702,573.167,391.391,576.123,364.347,810.659,430.264,303.965
63,51.69,51.68,51.67,51.66,51.65,51.64,51.63,51.62,51.61,51.6,51.7,51.71,51.72,51.73,51.74,51.75,51.76,51.77,51.78,51.79,176.386,237.665,285.355,175.446,272.08,349.465,135.352,237.71,309.936,563.597,360.093,467.201,187.769,551.861,448.306,531.454,256.528,767.777,242.116,577.13
64,51.73,51.72,51.71,51.7,51.69,51.68,51.67,51.66,51.65,51.64,51.74,51.75,51.76,51.77,51.78,51.79,51.8,51.81,51.82,51.83,149.34,240.538,381.328,341.72,151.131,293.099,748.13,249.297,350.823,516.093,494.506,449.335,308.107,342.93,386.19,429.299,487.232,663.803,390.333,332.948
65,51.68,51.67,51.66,51.65,51.64,51.63,51.62,51.61,51.6,51.59,51.69,51.7,51.71,51.72,51.73,51.74,51.75,51.76,51.77,51.78,167.73,241.146,167.935,363.566,293.259,192.895,180.365,309.94,558.979,545.619,248.877,540.059,255.497,259.098,410.16,502.213,516.867,274.204,723.503,325.048
66,51.72,51.71,51.7,51.69,51.68,51.67,51.66,51.65,51.64,51.63,51.73,51.74,51.75,51.76,51.77,51.78,51.79,51.8,51.81,51.82,178.794,258.522,436.499,405.019,402.082,424.754,220.912,289.844,474.524,663.573,254.38,187.66,413.297,625.96,742.154,310.95,456.009,309.445,703.456,422.231
67,51.74,51.73,51.72,51.71,51.7,51.69,51.68,51.67,51.66,51.65,51.75,51.76,51.77,51.78,51.79,51.8,51.81,51.82,51.83,51.84,167.148,282.664,410.874,372.322,525.902,266.85,513.398,741.664,332.364,281.625,663.248,577.788,406.299,383.936,614.326,504.564,752.577,269.852,434.81,297.543
68,51.71,51.7,51.69,51.68,51.67,51.66,51.65,51.64,51.63,51.62,51.72,51.73,51.74,51.75,51.76,51.77,51.78,51.79,51.8,51.81,280.369,503.358,371.382,451.948,704.051,244.864,286.242,435.792,529.196,242.563,28.059,315.024,536.337,430.634,507.269,670.755,385.619,662.008,430.824,735.693
69,51.69,51.68,51.67,51.66,51.65,51.64,51.63,51.62,51.61,51.6,51.7,51.71,51.72,51.73,51.74,51.75,51.76,51.77,51.78,51.79,138.382,184.675,345.365,224.853,242.997,446.113,579.316,217.595,319.711,592.197,276.372,326.371,442.523,485.497,671.745,372.935,194.33,662.872,383.496,611.032
70,51.67,51.66,51.65,51.64,51.63,51.62,51.61,51.6,51.59,51.58,51.68,51.69,51.7,51.71,51.72,51.73,51.74,51.75,51.76,51.77,113.821,91.127,250.094,546.854,652.428,187.758,321.911,552.069,519.295,211.003,258.836,280.222,544.852,472.991,466.724,454.242,681.396,497.11,194.77,697.884
71,51.63,51.62,51.61,51.6,51.59,51.58,51.57,51.56,51.55,51.54,51.64,51.65,51.66,51.67,51.68,51.69,51.7,51.71,51.72,51.73,150.606,99.611,203.697,468.96,286.937,258.592,555.829,209.947,527.593,467.63,362.808,417.982,496.931,424.99,523.09,839.34,766.85,145.421,328.69,581.43
72,51.63,51.62,51.61,51.6,51.59,51.58,51.57,51.56,51.55,51.54,51.64,51.65,51.66,51.67,51.68,51.69,51.7,51.71,51.72,51.73,139.609,227.341,378.076,346.247,220.233,559.003,585.897,277.477,419.646,386.961,156.802,153.463,421.377,282.263,475.341,809.231,790.255,86.127,328.69,588.929
73,51.63,51.62,51.61,51.6,51.59,51.58,51.57,51.56,51.55,51.54,51.64,51.65,51.66,51.67,51.68,51.69,51.7,51.71,51.72,51.73,161.706,294.314,379.999,401.994,210.999,562.484,556.175,239.012,371.721,386.961,157.58,145.521,385.568,302.951,532.172,638.214,641.418,126.318,362.038,582.61
74,51.68,51.67,51.66,51.65,51.64,51.63,51.62,51.61,51.6,51.59,51.69,51.7,51.71,51.72,51.73,51.74,51.75,51.76,51.77,51.78,197.727,260.991,398.029,353.658,465.931,247.608,367.232,768.392,229.55,272.573,189.856,274.261,248.393,578.52,875.01,511.333,161.661,413.143,803.091,442.681
75,51.7,51.69,51.68,51.67,51.66,51.65,51.64,51.63,51.62,51.61,51.71,51.72,51.73,51.74,51.75,51.76,51.77,51.78,51.79,51.8,175.407,298.088,460.281,601.09,376.601,219.002,369.194,234.102,402.086,807.231,225.914,360.993,337.974,607.778,322.43,328.532,877.026,514.842,535.777,246.932
76,51.71,51.7,51.69,51.68,51.67,51.66,51.65,51.64,51.63,51.62,51.72,51.73,51.74,51.75,51.76,51.77,51.78,51.79,51.8,51.81,329.771,261.582,207.348,267.976,397.767,444.392,619.559,322.633,232.385,378.007,1.46,453.216,317.338,501.408,473.334,1122.8,452.95,607.956,281.58,887.276
77,51.71,51.7,51.69,51.68,51.67,51.66,51.65,51.64,51.63,51.62,51.72,51.73,51.74,51.75,51.76,51.77,51.78,51.79,51.8,51.81,291.943,258.427,207.258,277.051,353.769,484.526,665.903,324.61,232.385,383.007,131.727,672.839,390.602,621.756,910.422,773.484,373.839,562.966,196.736,887.276
78,51.72,51.71,51.7,51.69,51.68,51.67,51.66,51.65,51.64,51.63,51.73,51.74,51.75,51.76,51.77,51.78,51.79,51.8,51.81,51.82,174.705,330.839,585.71,169.246,196.46,415.784,474.796,618.348,325.11,227.768,172.071,321.817,458.889,508.696,562.121,320.392,581.755,244.641,887.276,306.321
79,51.72,51.71,51.7,51.69,51.68,51.67,51.66,51.65,51.64,51.63,51.73,51.74,51.75,51.76,51.77,51.78,51.79,51.8,51.81,51.82,70.248,91.526,218.223,344.141,254.773,404.921,355.463,611.027,318.107,243.93,219.891,331.106,550.337,387.363,736.851,890.937,373.512,370.116,646.014,533.048
80,51.7,51.69,51.68,51.67,51.66,51.65,51.64,51.63,51.62,51.61,51.71,51.72,51.73,51.74,51.75,51.76,51.77,51.78,51.79,51.8,269.348,359.755,576.459,305.511,135.932,265.21,374.248,244.854,416.988,747.459,140.695,300.147,417.343,694.402,513.889,276.464,626.694,879.61,366.275,234.964
81,51.68,51.67,51.66,51.65,51.64,51.63,51.62,51.61,51.6,51.59,51.69,51.7,51.71,51.72,51.73,51.74,51.75,51.76,51.77,51.78,339.231,239.221,214.008,346.898,402.936,235.617,421.705,745.159,138.362,182.286,134.806,320.441,426.972,434.949,737.106,723.116,456.836,244.236,449.089,872.612
82,51.64,51.63,51.62,51.61,51.6,51.59,51.58,51.57,51.56,51.55,51.65,51.66,51.67,51.68,51.69,51.7,51.71,51.72,51.73,51.74,265.932,285.087,249.013,349.032,318.774,236.253,677.268,523.732,249.872,430.656,211.388,310.856,422.873,397.381,833.314,718.711,284.015,226.847,632.202,717.672
83,51.66,51.65,51.64,51.63,51.62,51.61,51.6,51.59,51.58,51.57,51.67,51.68,51.69,51.7,51.71,51.72,51.73,51.74,51.75,51.76,240.79,406.503,437.749,308.323,248.31,324.099,293.349,275.543,673.15,521.632,180.169,165.261,400.945,706.534,454.677,317.07,785.921,715.622,313.295,128.007
84,51.72,51.71,51.7,51.69,51.68,51.67,51.66,51.65,51.64,51.63,51.73,51.74,51.75,51.76,51.77,51.78,51.79,51.8,51.81,51.82,159.412,260.687,426.597,335.578,372.744,584.272,576.598,599.959,398.577,160.276,181.896,564.89,290.193,300.574,620.852,795.455,389.571,546.461,697.154,536.957
85,51.78,51.77,51.76,51.75,51.74,51.73,51.72,51.71,51.7,51.69,51.79,51.8,51.81,51.82,51.83,51.84,51.85,51.86,51.87,51.88,151.026,292.825,463.795,629.694,467.748,174.202,295.86,339.968,490.926,489.544,259.975,543.304,415.001,472.883,1188.955,411.244,541.153,491.843,827.423,189.264
86,51.78,51.77,51.76,51.75,51.74,51.73,51.72,51.71,51.7,51.69,51.79,51.8,51.81,51.82,51.83,51.84,51.85,51.86,51.87,51.88,148.97,277.573,448.867,669.034,121.948,106.966,294.647,306.259,423.217,480.31,504.639,372.342,391.507,589.543,939.825,430.368,712.971,435.945,887.865,282.449
87,51.74,51.73,51.72,51.71,51.7,51.69,51.68,51.67,51.66,51.65,51.75,51.76,51.77,51.78,51.79,51.8,51.81,51.82,51.83,51.84,178.828,140.929,236.386,221.47,589.876,571.997,235.867,408.712,408.79,502.515,145.786,755.915,312.687,353.65,306.631,358.299,705.919,728.477,922.48,210.391
88,51.76,51.75,51.74,51.73,51.72,51.71,51.7,51.69,51.68,51.67,51.77,51.78,51.79,51.8,51.81,51.82,51.83,51.84,51.85,51.86,261.352,494.417,322.793,296.263,192.047,230.273,625.29,643.36,284.267,317.581,204.058,272.965,135.293,260.005,772.116,541.279,942.95,308.433,581.591,340.935
89,51.75,51.74,51.73,51.72,51.71,51.7,51.69,51.68,51.67,51.66,51.76,51.77,51.78,51.79,51.8,51.81,51.82,51.83,51.84,51.85,184.048,200.326,233.038,248.975,239.309,447.149,161.687,237.825,370.025,412.152,614.526,613.276,334.384,284.898,342.349,834.617,682.887,935.8,169.764,512.018
90,51.8,51.79,51.78,51.77,51.76,51.75,51.74,51.73,51.72,51.71,51.81,51.82,51.83,51.84,51.85,51.86,51.87,51.88,51.89,51.9,160.121,316.857,640.417,417.72,610.018,539.983,334.398,429.158,259.628,289.531,481.21,283.557,549.574,406.332,704.788,478.14,778.706,349.189,405.236,303.831
91,51.78,51.77,51.76,51.75,51.74,51.73,51.72,51.71,51.7,51.69,51.79,51.8,51.81,51.82,51.83,51.84,51.85,51.86,51.87,51.88,177.953,422.748,472.177,360.874,269.358,309.483,210.163,358.385,475.342,601.262,636.581,205.089,375.429,453.618,1246.564,524.137,596.97,263.835,690.573,267.368
92,51.79,51.78,51.77,51.76,51.75,51.74,51.73,51.72,51.71,51.7,51.8,51.81,51.82,51.83,51.84,51.85,51.86,51.87,51.88,51.89,234.921,334,532.359,380.712,228.644,262.826,455.233,247.323,306.872,432.698,137.604,307.546,314.622,1037.774,522.971,626.236,371.383,800.269,300.374,405.235
93,51.82,51.81,51.8,51.79,51.78,51.77,51.76,51.75,51.74,51.73,51.83,51.84,51.85,51.86,51.87,51.88,51.89,51.9,51.91,51.92,178,276.065,505.317,419.243,561.63,422.352,243.062,293.658,381.731,777.287,538.619,260.689,597.274,654.318,927.74,489.546,336.393,293.443,756.004,401.793
94,51.81,51.8,51.79,51.78,51.77,51.76,51.75,51.74,51.73,51.72,51.82,51.83,51.84,51.85,51.86,51.87,51.88,51.89,51.9,51.91,200.315,285.321,458.116,563.219,364.637,276.061,291.633,379.331,760.568,188.043,184.031,639.515,267.279,587.452,718.402,924.512,490.915,307.876,271.943,756.004
95,51.84,51.83,51.82,51.81,51.8,51.79,51.78,51.77,51.76,51.75,51.85,51.86,51.87,51.88,51.89,51.9,51.91,51.92,51.93,51.94,160.286,299.631,452.06,515.535,458.206,459.918,538.349,207.171,207.47,250.283,721.795,259.447,597.59,571.321,370.305,552.168,807.742,468.467,293.803,468.24
96,51.81,51.8,51.79,51.78,51.77,51.76,51.75,51.74,51.73,51.72,51.82,51.83,51.84,51.85,51.86,51.87,51.88,51.89,51.9,51.91,240.295,269.729,418.019,555.595,159.504,208.966,250.283,374.827,650.998,235.878,173.165,464.258,300.431,335.672,489.38,1335.956,589.028,456.15,332.224,545.235
97,51.82,51.81,51.8,51.79,51.78,51.77,51.76,51.75,51.74,51.73,51.83,51.84,51.85,51.86,51.87,51.88,51.89,51.9,51.91,51.92,231.279,244.332,425.719,545.273,303.766,136.982,345.328,291.832,427.219,650.998,570.764,325.814,331.853,525.529,1469.478,521.594,406.633,285.783,545.235,433.137
98,51.79,51.78,51.77,51.76,51.75,51.74,51.73,51.72,51.71,51.7,51.8,51.81,51.82,51.83,51.84,51.85,51.86,51.87,51.88,51.89,214.148,245.725,226.271,408.999,254.997,426.181,686.985,165.683,281.989,429.338,211.589,595.832,287.547,504.106,217.622,551.147,488.242,1115.743,573.844,455.095
99,51.78,51.77,51.76,51.75,51.74,51.73,51.72,51.71,51.7,51.69,51.79,51.8,51.81,51.82,51.83,51.84,51.85,51.86,51.87,51.88,175.298,170.176,397.53,223.75,411.772,735.673,205.759,286.606,430.273,584.403,133.398,484.495,545.089,432.653,550.543,245.241,476.184,469.621,1059.572,513.019
100,51.76,51.75,51.74,51.73,51.72,51.71,51.7,51.69,51.68,51.67,51.77,51.78,51.79,51.8,51.81,51.82,51.83,51.84,51.85,51.86,249.782,125.443,270.247,397.226,170.176,336.926,524.038,547.836,337.316,495.569,134.166,686.531,271.757,341.041,510.091,809.899,570.993,264.586,419.327,214.406
101,51.8,51.79,51.78,51.77,51.76,51.75,51.74,51.73,51.72,51.71,51.81,51.82,51.83,51.84,51.85,51.86,51.87,51.88,51.89,51.9,181.949,287.177,431.043,328.133,564.212,371.124,648.364,338.289,249.069,329.809,146.459,146.868,316.256,374.63,594.331,467.492,1065.099,528.927,391.829,347.195
102,51.79,51.78,51.77,51.76,51.75,51.74,51.73,51.72,51.71,51.7,51.8,51.81,51.82,51.83,51.84,51.85,51.86,51.87,51.88,51.89,157.195,227.466,412.168,604.812,376.879,652.298,322.236,220.574,243.311,468.022,671.262,567.152,610.902,338.917,297.761,531.082,534.176,1148.272,446.718,356.412
103,51.77,51.76,51.75,51.74,51.73,51.72,51.71,51.7,51.69,51.68,51.78,51.79,51.8,51.81,51.82,51.83,51.84,51.85,51.86,51.87,242.366,185.022,252.867,331.434,291.258,221.526,335.46,472.18,547.617,381.814,186.655,502.389,360.342,475.583,638.415,431.329,262.619,567.224,367.146,1054.413
104,51.81,51.8,51.79,51.78,51.77,51.76,51.75,51.74,51.73,51.72,51.82,51.83,51.84,51.85,51.86,51.87,51.88,51.89,51.9,51.91,304.471,376.639,535.418,357.014,451.596,484.205,313.275,410.312,701.438,165.162,137.368,254.785,215.497,454.799,590.911,1120.804,453.163,436.449,371.176,576.772
105,51.82,51.81,51.8,51.79,51.78,51.77,51.76,51.75,51.74,51.73,51.83,51.84,51.85,51.86,51.87,51.88,51.89,51.9,51.91,51.92,162.261,249.842,457.057,528.08,519.013,750.109,545.258,297.429,357.803,701.438,174.648,202.08,485.368,539.424,624.112,461.408,367.341,350.975,644.888,411.164
106,51.8,51.79,51.78,51.77,51.76,51.75,51.74,51.73,51.72,51.71,51.81,51.82,51.83,51.84,51.85,51.86,51.87,51.88,51.89,51.9,223.986,210.723,358.86,437.528,569.561,260.357,359.918,709.414,165.162,243.128,523.696,498.995,552.75,358.385,680.892,545.744,1076.703,584.188,259.578,319.121
107,51.81,51.8,51.79,51.78,51.77,51.76,51.75,51.74,51.73,51.72,51.82,51.83,51.84,51.85,51.86,51.87,51.88,51.89,51.9,51.91,158.754,265.969,320.55,351.614,387.433,524.791,299.543,406.96,709.414,165.162,575.056,483.809,337.8,622.975,568.765,1041.615,603.323,333.934,346.938,650.538
108,51.8,51.79,51.78,51.77,51.76,51.75,51.74,51.73,51.72,51.71,51.81,51.82,51.83,51.84,51.85,51.86,51.87,51.88,51.89,51.9,218.552,279.311,435.002,445.387,468.977,298.821,410.294,704.797,165.162,243.128,274.38,703.815,491.551,377.06,565.075,487.366,800.847,445.706,551.018,451.901
109,51.8,51.79,51.78,51.77,51.76,51.75,51.74,51.73,51.72,51.71,51.81,51.82,51.83,51.84,51.85,51.86,51.87,51.88,51.89,51.9,245.796,281.717,415.626,462.117,465.141,260.273,411.683,704.797,165.162,243.128,200.737,346.736,142.119,415.46,860.328,396.547,832.559,386.745,590.026,404.131
110,51.81,51.8,51.79,51.78,51.77,51.76,51.75,51.74,51.73,51.72,51.82,51.83,51.84,51.85,51.86,51.87,51.88,51.89,51.9,51.91,233.092,278.06,588.258,407.78,771.977,478.848,356.79,410.195,701.438,165.162,142.714,274.735,307.803,626.927,505.306,803.518,387.087,579.305,404.131,578.79
111,51.83,51.82,51.81,51.8,51.79,51.78,51.77,51.76,51.75,51.74,51.84,51.85,51.86,51.87,51.88,51.89,51.9,51.91,51.92,51.93,469.112,308.708,481.867,295.206,667.679,430.776,830.962,381.352,266.268,319.146,4.065,295.067,324.867,670.423,506.069,608.966,449.533,597.123,294.254,249.184
112,51.83,51.82,51.81,51.8,51.79,51.78,51.77,51.76,51.75,51.74,51.84,51.85,51.86,51.87,51.88,51.89,51.9,51.91,51.92,51.93,156.486,264.482,365.118,297.588,584.894,488.804,834.194,381.352,266.268,319.146,582.472,320.18,315.223,676.489,522.275,667.785,527.297,645.838,294.254,243.566
113,51.82,51.81,51.8,51.79,51.78,51.77,51.76,51.75,51.74,51.73,51.83,51.84,51.85,51.86,51.87,51.88,51.89,51.9,51.91,51.92,248.094,248.17,353.421,642.828,392.046,832.094,381.352,269.626,319.146,662.773,138.166,585.483,339.072,332.58,732.154,499.829,624.709,556.791,550.697,294.254
114,51.87,51.86,51.85,51.84,51.83,51.82,51.81,51.8,51.79,51.78,51.88,51.89,51.9,51.91,51.92,51.93,51.94,51.95,51.96,51.97,234.508,404.661,506.159,403.771,512.339,557.422,640.621,215.938,492.137,297.34,135.275,193.101,507.33,553.575,569.367,329.331,376.792,318.468,581.495,633.552
115,51.87,51.86,51.85,51.84,51.83,51.82,51.81,51.8,51.79,51.78,51.88,51.89,51.9,51.91,51.92,51.93,51.94,51.95,51.96,51.97,168.156,388.842,451.34,301.337,350.55,519.712,602.413,215.938,423.752,258.714,258.945,713.406,424.03,206.932,733.937,734.697,579.998,255.482,593.658,563.255
116,51.85,51.84,51.83,51.82,51.81,51.8,51.79,51.78,51.77,51.76,51.86,51.87,51.88,51.89,51.9,51.91,51.92,51.93,51.94,51.95,146.377,123.097,292.729,527.702,618.338,177.423,456.882,297.34,587.548,266.27,663.609,444.86,252.118,339.315,371.418,298.872,728.997,1017.908,622.043,208.582
117,51.87,51.86,51.85,51.84,51.83,51.82,51.81,51.8,51.79,51.78,51.88,51.89,51.9,51.91,51.92,51.93,51.94,51.95,51.96,51.97,158.584,244.015,334.145,289.257,280.705,460.674,609.366,215.939,504.612,254.097,577.567,285.499,129.8,362.685,741.736,1094.957,600.785,207.948,593.337,601.42
118,51.89,51.88,51.87,51.86,51.85,51.84,51.83,51.82,51.81,51.8,51.9,51.91,51.92,51.93,51.94,51.95,51.96,51.97,51.98,51.99,210.733,243.843,378.985,442.494,473.072,234.705,391.14,485.451,583.255,37.128,841.581,129.965,527.683,737.382,641.621,377.873,585.712,559.206,321.719,175.147
119,51.91,51.9,51.89,51.88,51.87,51.86,51.85,51.84,51.83,51.82,51.92,51.93,51.94,51.95,51.96,51.97,51.98,51.99,52,52.01,229.729,255.179,441.039,627.605,460.937,843.308,477.955,246.232,361.745,398.946,119.649,172.701,534.852,524.324,779.944,609.42,393.811,241.559,319.584,166.832
120,51.94,51.93,51.92,51.91,51.9,51.89,51.88,51.87,51.86,51.85,51.95,51.96,51.97,51.98,51.99,52,52.01,52.02,52.03,52.04,155.935,368.749,586.39,1346.294,391.567,254.05,437.72,383.373,678.72,293.737,600.395,403.025,617.807,660.57,311.609,327.578,217.693,464.144,731.513,425.125
121,51.95,51.94,51.93,51.92,51.91,51.9,51.89,51.88,51.87,51.86,51.96,51.97,51.98,51.99,52,52.01,52.02,52.03,52.04,52.05,185.574,223.892,610.257,1079.36,1165.124,193.492,174.21,399.653,390.49,556.077,339.581,605.851,117.545,291.25,747.193,536.034,465.935,828.788,472.327,273.718
122,51.94,51.93,51.92,51.91,51.9,51.89,51.88,51.87,51.86,51.85,51.95,51.96,51.97,51.98,51.99,52,52.01,52.02,52.03,52.04,219.649,362.787,690.097,1130.09,232.252,226.716,390.244,349.429,594.643,304.711,255.395,361.067,663.226,499.384,620.679,454.621,442.153,457.17,922.905,591.331
123,51.93,51.92,51.91,51.9,51.89,51.88,51.87,51.86,51.85,51.84,51.94,51.95,51.96,51.97,51.98,51.99,52,52.01,52.02,52.03,348.562,341.565,1229.866,181.766,179.809,344.686,389.372,691.865,282.218,194.363,188.35,295.261,479.947,335.231,649.921,657.843,379.628,447.285,413.602,921.338
124,51.96,51.95,51.94,51.93,51.92,51.91,51.9,51.89,51.88,51.87,51.97,51.98,51.99,52,52.01,52.02,52.03,52.04,52.05,52.06,191.277,236.423,400.202,547.209,996.594,1098.593,206.746,218.304,383.24,344.812,541.347,328.438,386.95,497.142,596.71,581.43,902.798,572.4,119.764,332.665
125,51.99,51.98,51.97,51.96,51.95,51.94,51.93,51.92,51.91,51.9,52,52.01,52.02,52.03,52.04,52.05,52.06,52.07,52.08,52.09,165.197,140.457,393.114,372.044,480.185,275.72,391.237,1195.093,1100.357,180.748,92.047,242.561,539.864,666.963,628.024,327.611,276.863,154.748,478.336,641.598
126,52.02,52.01,52,51.99,51.98,51.97,51.96,51.95,51.94,51.93,52.03,52.04,52.05,52.06,52.07,52.08,52.09,52.1,52.11,52.12,243.556,197.014,264.826,346.555,281.559,226.704,722.098,335.941,186.215,291.498,114.882,342.274,384.069,598.786,688.189,699.39,678.379,422.829,339.871,529.161
127,52.06,52.05,52.04,52.03,52.02,52.01,52,51.99,51.98,51.97,52.07,52.08,52.09,52.1,52.11,52.12,52.13,52.14,52.15,52.16,164.979,225.312,320.713,192.664,196.685,430.565,766.812,275.185,276.974,185.608,215.893,411.235,397.633,657.198,480.183,391.652,236.298,589.114,678.131,630.19
128,52.04,52.03,52.02,52.01,52,51.99,51.98,51.97,51.96,51.95,52.05,52.06,52.07,52.08,52.09,52.1,52.11,52.12,52.13,52.14,130.287,176.72,157.289,217.016,139.824,252.18,362.455,286.618,772.06,273.842,352.993,571.759,300.702,517.743,981.703,958.977,559.726,334.685,113.716,395.852
129,52.02,52.01,52,51.99,51.98,51.97,51.96,51.95,51.94,51.93,52.03,52.04,52.05,52.06,52.07,52.08,52.09,52.1,52.11,52.12,215.743,236.054,290.162,239.128,339.743,237.918,775.461,314.843,172.93,304.6,225.936,663.579,403.801,521.363,276.993,609.749,727.765,875.158,535.031,367.746
130,52,51.99,51.98,51.97,51.96,51.95,51.94,51.93,51.92,51.91,52.01,52.02,52.03,52.04,52.05,52.06,52.07,52.08,52.09,52.1,228.305,94.058,175.148,369.93,584.866,357.998,173.029,304.6,1170.139,1088.764,143.047,758.814,453.288,548.685,795.076,603.995,135.717,393.925,685.546,767.507
131,52.02,52.01,52,51.99,51.98,51.97,51.96,51.95,51.94,51.93,52.03,52.04,52.05,52.06,52.07,52.08,52.09,52.1,52.11,52.12,179.409,180.181,251.239,183.412,330.105,255.443,731.003,422.296,172.93,304.6,607.068,232.295,389.333,481.769,244.583,594.882,922.58,662.51,405.131,340.518
132,52.04,52.03,52.02,52.01,52,51.99,51.98,51.97,51.96,51.95,52.05,52.06,52.07,52.08,52.09,52.1,52.11,52.12,52.13,52.14,175.914,249.219,413.353,295.703,200.803,155.523,371.109,276.022,729.51,321.408,254.392,417.343,285.881,681.104,963.492,607.34,270.816,373.595,198.145,503.96
133,52.02,52.01,52,51.99,51.98,51.97,51.96,51.95,51.94,51.93,52.03,52.04,52.05,52.06,52.07,52.08,52.09,52.1,52.11,52.12,130.375,195.912,267.796,209.063,380.736,237.641,764.247,328.052,172.93,304.6,218.563,546.129,404.001,514.325,225.859,587.803,787.337,640.733,309.204,373.595
134,52.01,52,51.99,51.98,51.97,51.96,51.95,51.94,51.93,51.92,52.02,52.03,52.04,52.05,52.06,52.07,52.08,52.09,52.1,52.11,275.708,177.634,188.512,317.723,243.361,754.843,428.578,172.93,304.6,1122.998,20.055,171.64,487.794,323.783,546.184,190.724,418.353,658.222,655.509,354.367
135,52,51.99,51.98,51.97,51.96,51.95,51.94,51.93,51.92,51.91,52.01,52.02,52.03,52.04,52.05,52.06,52.07,52.08,52.09,52.1,125.17,280.993,323.881,146.382,290.558,340.726,229.604,350.631,1122.998,1039.664,289.903,599.675,300.742,413.349,703.338,709.394,234.086,367.971,580.98,676.09
136,52.01,52,51.99,51.98,51.97,51.96,51.95,51.94,51.93,51.92,52.02,52.03,52.04,52.05,52.06,52.07,52.08,52.09,52.1,52.11,123.725,209.507,358.28,391.473,267.155,711.477,320.292,242.934,352.195,1084.477,249.371,460.326,452.131,428.402,719.241,160.495,386.482,575.398,637.688,463.112
137,51.97,51.96,51.95,51.94,51.93,51.92,51.91,51.9,51.89,51.88,51.98,51.99,52,52.01,52.02,52.03,52.04,52.05,52.06,52.07,1.561,96.559,262.107,332.636,361.526,1185.715,1123.131,163.568,236.145,470.718,228.295,438.775,568.44,739.627,535.761,295.093,386.206,712.277,749.588,331.402
138,51.94,51.93,51.92,51.91,51.9,51.89,51.88,51.87,51.86,51.85,51.95,51.96,51.97,51.98,51.99,52,52.01,52.02,52.03,52.04,269.948,129.145,597.165,1087.212,223.617,147.515,493.911,272.88,618.94,319.778,76.878,332.89,436.008,448.565,321.457,366.452,1191.575,549.651,153.123,273.608
139,51.96,51.95,51.94,51.93,51.92,51.91,51.9,51.89,51.88,51.87,51.97,51.98,51.99,52,52.01,52.02,52.03,52.04,52.05,52.06,43.11,241.644,281.545,211.967,609.24,1153.158,283.142,306.039,422.358,229.705,546.189,514.811,370.117,433.859,1076.893,544.382,229.059,274.241,651.523,579.373
140,51.96,51.95,51.94,51.93,51.92,51.91,51.9,51.89,51.88,51.87,51.97,51.98,51.99,52,52.01,52.02,52.03,52.04,52.05,52.06,199.801,233.255,372.652,472.877,1094.812,1073.154,246.018,300.015,422.358,229.705,133.095,558.734,526.46,371.065,506.016,462.161,276.289,459.048,874.527,473.929
141,51.95,51.94,51.93,51.92,51.91,51.9,51.89,51.88,51.87,51.86,51.96,51.97,51.98,51.99,52,52.01,52.02,52.03,52.04,52.05,268.369,235.217,278.049,556.363,1097.658,303.899,301.415,434.053,268.264,555.17,125.274,500.09,530.788,445.578,728.534,508.002,519.25,228.653,450.548,800.148
142,51.93,51.92,51.91,51.9,51.89,51.88,51.87,51.86,51.85,51.84,51.94,51.95,51.96,51.97,51.98,51.99,52,52.01,52.02,52.03,174.943,373.507,1100.251,127.758,148.405,457.284,277.086,604.741,319.26,279.178,217.783,449.147,513.357,292.987,534.323,425.835,708.03,580.333,537.538,175.091
143,51.95,51.94,51.93,51.92,51.91,51.9,51.89,51.88,51.87,51.86,51.96,51.97,51.98,51.99,52,52.01,52.02,52.03,52.04,52.05,294.744,213.185,319.757,553.43,1128.434,166.511,149.795,485.505,275.681,557.095,228.258,373.279,581.555,462.133,717.059,660.229,439.988,139.73,405.455,702.929
144,51.98,51.97,51.96,51.95,51.94,51.93,51.92,51.91,51.9,51.89,51.99,52,52.01,52.02,52.03,52.04,52.05,52.06,52.07,52.08,153.075,193.835,332.165,335.815,452.492,364.592,1022.266,1158.626,229.406,261.492,165.949,480.474,534.549,411.44,212.134,316.607,750.906,553.329,172.908,438.539
145,52,51.99,51.98,51.97,51.96,51.95,51.94,51.93,51.92,51.91,52.01,52.02,52.03,52.04,52.05,52.06,52.07,52.08,52.09,52.1,245.54,192.821,122.027,181.447,354.212,235.905,440.876,394.217,1018.378,1128.08,235.044,416.26,289.988,528.175,778.114,617.408,253.973,355.864,571.658,472.449
146,51.98,51.97,51.96,51.95,51.94,51.93,51.92,51.91,51.9,51.89,51.99,52,52.01,52.02,52.03,52.04,52.05,52.06,52.07,52.08,138.621,101.975,380.818,384.493,411.787,351.526,981.268,1140.87,335.233,392.379,209.371,585.073,387.573,433.167,175.121,673.516,905.627,621.865,128.077,351.634
147,51.99,51.98,51.97,51.96,51.95,51.94,51.93,51.92,51.91,51.9,52,52.01,52.02,52.03,52.04,52.05,52.06,52.07,52.08,52.09,245.843,214.51,343.709,353.175,183.303,369.174,412.318,1026.591,1138.332,267.864,86.966,328.576,523.904,194.245,672.299,867.189,584.776,89.66,351.634,533.253
148,52,51.99,51.98,51.97,51.96,51.95,51.94,51.93,51.92,51.91,52.01,52.02,52.03,52.04,52.05,52.06,52.07,52.08,52.09,52.1,120.077,197.683,313.635,353.182,291.847,178.363,439.34,459.194,1025.176,1090.728,402.789,395.954,384.217,602.343,844.651,581.068,165.584,454.907,718.323,403.101
149,51.98,51.97,51.96,51.95,51.94,51.93,51.92,51.91,51.9,51.89,51.99,52,52.01,52.02,52.03,52.04,52.05,52.06,52.07,52.08,289.231,207.754,168.709,262.84,343.967,430.916,1063.857,1142.959,267.864,390.45,201.886,292.901,324.07,444.132,145.326,693.345,994.948,445.591,198.288,454.949
150,51.99,51.98,51.97,51.96,51.95,51.94,51.93,51.92,51.91,51.9,52,52.01,52.02,52.03,52.04,52.05,52.06,52.07,52.08,52.09,262.28,230.159,253.374,238.109,174.247,428.593,411.668,1063.857,1138.342,267.864,131.084,337.525,514.708,178.971,638.107,955.68,503.531,165.175,421.836,718.323
151,52,51.99,51.98,51.97,51.96,51.95,51.94,51.93,51.92,51.91,52.01,52.02,52.03,52.04,52.05,52.06,52.07,52.08,52.09,52.1,152.076,222.357,282.522,293.293,405.662,221.865,349.889,459.197,1061.184,1090.728,275.518,449.374,315.662,601.644,953.232,466.503,322.825,318.563,462.926,397.838
152,52,51.99,51.98,51.97,51.96,51.95,51.94,51.93,51.92,51.91,52.01,52.02,52.03,52.04,52.05,52.06,52.07,52.08,52.09,52.1,145.291,220.702,285.211,325.412,387.019,222.886,387.766,459.197,1061.184,1090.728,254.766,598.657,293.94,620.963,936.61,408.772,360.418,318.563,462.926,397.838
153,52.01,52,51.99,51.98,51.97,51.96,51.95,51.94,51.93,51.92,52.02,52.03,52.04,52.05,52.06,52.07,52.08,52.09,52.1,52.11,110.809,209.49,317.85,336.575,353.461,350.999,170.532,387.546,453.178,1147.328,266.303,302.2,474.219,893.091,556.206,318.537,351.628,501.331,397.779,287.371
154,51.99,51.98,51.97,51.96,51.95,51.94,51.93,51.92,51.91,51.9,52,52.01,52.02,52.03,52.04,52.05,52.06,52.07,52.08,52.09,116.798,196.871,317.478,367.257,250.725,287.525,511.994,1005.881,1086.327,267.864,519.77,347.859,371.746,190.246,496.816,819.019,574.71,425.019,331.71,567.996
155,51.94,51.93,51.92,51.91,51.9,51.89,51.88,51.87,51.86,51.85,51.95,51.96,51.97,51.98,51.99,52,52.01,52.02,52.03,52.04,144.884,128.748,627.748,1147.207,345.465,263.465,321.757,338.794,574.583,430.236,221.631,547.128,368.725,383.153,333.046,793.778,676.21,611.028,294.853,333.73
156,51.97,51.96,51.95,51.94,51.93,51.92,51.91,51.9,51.89,51.88,51.98,51.99,52,52.01,52.02,52.03,52.04,52.05,52.06,52.07,219.08,206.225,350.228,284.652,434.988,1116.436,1101.662,332.197,188.976,469.944,224.222,446.898,807.269,139.26,488.499,260.164,281.027,597.646,413.959,323.279
157,52.03,52.02,52.01,52,51.99,51.98,51.97,51.96,51.95,51.94,52.04,52.05,52.06,52.07,52.08,52.09,52.1,52.11,52.12,52.13,155.272,413.13,517.029,398.634,278.254,637.408,584.978,457.815,206.225,385.713,492.558,147.157,511.593,389.729,558.224,553.709,411.992,376.997,368.996,236.397
158,52.01,52,51.99,51.98,51.97,51.96,51.95,51.94,51.93,51.92,52.02,52.03,52.04,52.05,52.06,52.07,52.08,52.09,52.1,52.11,99.99,381.528,403.506,417.012,200.113,395.09,209.545,373.018,262.498,1079.785,220.958,147.735,302.164,155.728,643.244,467.743,574.093,513.823,448.784,376.997
159,52.02,52.01,52,51.99,51.98,51.97,51.96,51.95,51.94,51.93,52.03,52.04,52.05,52.06,52.07,52.08,52.09,52.1,52.11,52.12,288.958,240.066,396.844,136.381,449.422,308.687,370.371,185.084,382.104,301.012,121.113,336.294,323.264,267.54,727.158,791.98,176.802,520.749,611.029,502.898
160,52.01,52,51.99,51.98,51.97,51.96,51.95,51.94,51.93,51.92,52.02,52.03,52.04,52.05,52.06,52.07,52.08,52.09,52.1,52.11,127.35,97.209,241.613,432.344,251.153,344.703,146.583,420.612,301.012,1079.884,168.269,397.164,460.824,241.559,441.551,742.285,866.092,214.37,461.589,608.819
161,52.01,52,51.99,51.98,51.97,51.96,51.95,51.94,51.93,51.92,52.02,52.03,52.04,52.05,52.06,52.07,52.08,52.09,52.1,52.11,115.543,86.29,243.629,436.535,385.851,404.62,187.382,422.812,301.012,1081.884,189.747,410.1,628.192,273.707,369.158,709.354,864.5,292.391,461.589,608.819
162,52,51.99,51.98,51.97,51.96,51.95,51.94,51.93,51.92,51.91,52.01,52.02,52.03,52.04,52.05,52.06,52.07,52.08,52.09,52.1,135.041,177.962,402.705,374.596,335.817,245.314,424.287,305.629,1081.884,1221.82,177.075,443.234,550.071,535.452,305.799,424.828,639.312,741.086,339.455,517.654
163,52.01,52,51.99,51.98,51.97,51.96,51.95,51.94,51.93,51.92,52.02,52.03,52.04,52.05,52.06,52.07,52.08,52.09,52.1,52.11,93.467,157.728,261.286,525.524,235.909,306.935,187.486,424.188,305.629,1079.884,156.834,435.931,531.849,214.234,482.858,639.312,702.164,337.957,588.169,636.054
164,51.99,51.98,51.97,51.96,51.95,51.94,51.93,51.92,51.91,51.9,52,52.01,52.02,52.03,52.04,52.05,52.06,52.07,52.08,52.09,0.202,269.582,186.049,341.091,374.469,449.508,339.064,1111.749,1187.139,185.89,123.56,268.409,379.434,401.617,277.18,190.493,464.324,663.79,821.289,230.212
165,51.98,51.97,51.96,51.95,51.94,51.93,51.92,51.91,51.9,51.89,51.99,52,52.01,52.02,52.03,52.04,52.05,52.06,52.07,52.08,111.923,317.693,117.174,156.587,369.997,423.737,1135.282,1133.326,159.279,201.059,135.41,249.208,286.551,379.287,391.342,295.473,190.807,525.274,666.862,770.383
166,51.93,51.92,51.91,51.9,51.89,51.88,51.87,51.86,51.85,51.84,51.94,51.95,51.96,51.97,51.98,51.99,52,52.01,52.02,52.03,115.4,354.217,1131.692,202.252,262.356,425.121,324.326,551.561,462.225,418.086,276.325,260.126,386.197,625.267,750.639,575.881,599.032,439.605,643.744,323.511
167,51.89,51.88,51.87,51.86,51.85,51.84,51.83,51.82,51.81,51.8,51.9,51.91,51.92,51.93,51.94,51.95,51.96,51.97,51.98,51.99,137.037,72.406,122.165,296.923,509.466,292.868,217.555,428.227,730.983,345.704,137.807,566.376,506.664,311.402,742.257,728.681,350.403,298.621,637.856,487.101
168,51.95,51.94,51.93,51.92,51.91,51.9,51.89,51.88,51.87,51.86,51.96,51.97,51.98,51.99,52,52.01,52.02,52.03,52.04,52.05,163.571,298.51,273.611,438.301,492.128,119.357,363.922,315.009,224.25,346.338,133.199,124.936,222.843,599.534,386.999,452.914,640.399,367.282,131.893,385.359
169,51.96,51.95,51.94,51.93,51.92,51.91,51.9,51.89,51.88,51.87,51.97,51.98,51.99,52,52.01,52.02,52.03,52.04,52.05,52.06,156.5,307.136,631.351,120.687,258.834,341.119,291.565,709.176,273.456,135.93,152.303,311.73,439.562,343.334,579.902,947.146,542.256,126.091,261.517,563.072
170,51.93,51.92,51.91,51.9,51.89,51.88,51.87,51.86,51.85,51.84,51.94,51.95,51.96,51.97,51.98,51.99,52,52.01,52.02,52.03,123.315,152.42,318.208,188.917,490.059,282.93,195.98,429.197,737.37,300.702,169.244,370.413,578.656,359.246,610.636,536.986,160.903,686.158,1022.665,610.016
171,51.93,51.92,51.91,51.9,51.89,51.88,51.87,51.86,51.85,51.84,51.94,51.95,51.96,51.97,51.98,51.99,52,52.01,52.02,52.03,263.944,331.702,513.262,355.764,257.644,405.086,207.928,429.198,731.02,262.122,128.85,260.294,549.724,326.343,578.106,363.281,156.778,655.28,921.489,481.972
172,51.93,51.92,51.91,51.9,51.89,51.88,51.87,51.86,51.85,51.84,51.94,51.95,51.96,51.97,51.98,51.99,52,52.01,52.02,52.03,181.784,288.156,414.515,380.425,685.654,378.761,228.091,342.985,731.02,274.931,165.039,272.842,299.537,366.192,209.713,469.74,257.941,591.958,1002.38,476.324
173,51.98,51.97,51.96,51.95,51.94,51.93,51.92,51.91,51.9,51.89,51.99,52,52.01,52.02,52.03,52.04,52.05,52.06,52.07,52.08,163.802,437.067,319.328,390.927,348.527,192.355,166.569,346.291,338.285,677.437,121.925,225.468,550.644,429.736,734.283,121.804,172.865,480.452,667.336,385.636
174,52.01,52,51.99,51.98,51.97,51.96,51.95,51.94,51.93,51.92,52.02,52.03,52.04,52.05,52.06,52.07,52.08,52.09,52.1,52.11,189.529,375.597,244.409,239.165,359.54,152.782,410.875,454.978,549.291,130.262,144.931,151.563,432.577,397.451,690.863,909.909,233.936,202.372,590.666,557.337
175,52,51.99,51.98,51.97,51.96,51.95,51.94,51.93,51.92,51.91,52.01,52.02,52.03,52.04,52.05,52.06,52.07,52.08,52.09,52.1,212.378,1772.448,309.589,173.502,186.817,246.101,610.386,564.241,177.772,385.767,183.116,228.716,237.798,450.998,499.999,789.761,878.881,299.222,222.537,591.126
176,51.99,51.98,51.97,51.96,51.95,51.94,51.93,51.92,51.91,51.9,52,52.01,52.02,52.03,52.04,52.05,52.06,52.07,52.08,52.09,11.995,131.682,294.804,166.853,302.427,658.075,548.472,127.568,347.236,299.746,207.131,330.695,674.648,600.886,377.518,444.772,696.274,868.296,299.222,222.537
177,51.99,51.98,51.97,51.96,51.95,51.94,51.93,51.92,51.91,51.9,52,52.01,52.02,52.03,52.04,52.05,52.06,52.07,52.08,52.09,134.167,76.89,325.468,240.152,485.651,630.348,563.283,175.166,365.131,439.789,123.832,330.953,666.863,603.686,396.75,414.326,719.462,817.45,371.102,299.853
178,51.97,51.96,51.95,51.94,51.93,51.92,51.91,51.9,51.89,51.88,51.98,51.99,52,52.01,52.02,52.03,52.04,52.05,52.06,52.07,120.871,88.116,201.246,503.532,245.56,187.311,343.891,299.746,758.3,582.603,358.544,812.311,474.242,264.758,604.38,487.123,464.341,274.656,636.781,860.98
179,51.94,51.93,51.92,51.91,51.9,51.89,51.88,51.87,51.86,51.85,51.95,51.96,51.97,51.98,51.99,52,52.01,52.02,52.03,52.04,280.561,59.151,238.091,494.332,361.811,801.642,358.05,149.119,331.221,903.672,497.432,218.77,368.017,590.981,314.554,366.909,320.389,582.484,687.032,499.586
180,51.99,51.98,51.97,51.96,51.95,51.94,51.93,51.92,51.91,51.9,52,52.01,52.02,52.03,52.04,52.05,52.06,52.07,52.08,52.09,128.511,295.425,470.85,184.091,242.63,368.446,310.805,250.526,323.047,299.746,109.263,105.363,287.16,181.251,445.328,491.684,573.22,895.208,347.417,291.262
181,52.01,52,51.99,51.98,51.97,51.96,51.95,51.94,51.93,51.92,52.02,52.03,52.04,52.05,52.06,52.07,52.08,52.09,52.1,52.11,197.016,182.213,213.887,397.807,504.098,389.559,606.548,370.221,287.812,205.754,116.446,192.563,423.553,460.829,656.032,850.167,223.76,252.69,590.796,637.551
182,52.01,52,51.99,51.98,51.97,51.96,51.95,51.94,51.93,51.92,52.02,52.03,52.04,52.05,52.06,52.07,52.08,52.09,52.1,52.11,124.437,220.296,194.381,272.46,434.141,295.979,611.165,324.096,380.156,205.754,208.844,236.148,469.306,470.356,684.595,1013.468,223.76,247.059,590.629,637.093
183,52.02,52.01,52,51.99,51.98,51.97,51.96,51.95,51.94,51.93,52.03,52.04,52.05,52.06,52.07,52.08,52.09,52.1,52.11,52.12,333.401,165.143,207.565,245.84,248.567,528.841,396.983,602.532,416.44,294.035,4.14,13.695,195.008,472.902,385.37,469.984,332.582,397.25,569.464,380.588
184,52.06,52.05,52.04,52.03,52.02,52.01,52,51.99,51.98,51.97,52.07,52.08,52.09,52.1,52.11,52.12,52.13,52.14,52.15,52.16,21.51,198.073,345.003,359.433,335.416,378.222,483.134,606.234,217.243,491.379,382.347,283.385,263.91,503.104,916.188,768.447,370.346,275.594,485.15,486.351
185,52.08,52.07,52.06,52.05,52.04,52.03,52.02,52.01,52,51.99,52.09,52.1,52.11,52.12,52.13,52.14,52.15,52.16,52.17,52.18,107.597,173.658,274.001,298.816,334.405,469.138,191.306,366.541,468.031,559.384,177.787,394.565,456.806,652.057,409.415,294.984,437.581,410.958,424.592,544.344
186,52.09,52.08,52.07,52.06,52.05,52.04,52.03,52.02,52.01,52,52.1,52.11,52.12,52.13,52.14,52.15,52.16,52.17,52.18,52.19,145.346,179.167,381.114,501.583,287.329,267.208,469.138,238.724,377.552,468.578,108.764,296.18,602.228,337.215,407.843,489.866,619.635,358.343,493.395,197.427
187,52.06,52.05,52.04,52.03,52.02,52.01,52,51.99,51.98,51.97,52.07,52.08,52.09,52.1,52.11,52.12,52.13,52.14,52.15,52.16,149.115,267.442,211.105,124.266,292.48,383.03,417.103,524.515,321.407,546.323,158.024,344.935,389.448,613.232,674.368,452.145,476.461,676.59,613.469,373.953
188,52.07,52.06,52.05,52.04,52.03,52.02,52.01,52,51.99,51.98,52.08,52.09,52.1,52.11,52.12,52.13,52.14,52.15,52.16,52.17,156.429,182.614,257.715,275.327,357.643,229.489,359.214,457.08,524.515,375.275,152.585,224.856,577.37,110.206,386.942,342.381,753.521,757.903,449.274,395.756
189,52.09,52.08,52.07,52.06,52.05,52.04,52.03,52.02,52.01,52,52.1,52.11,52.12,52.13,52.14,52.15,52.16,52.17,52.18,52.19,54.045,200.878,230.401,318.236,349.394,492.292,202.168,247.088,350.698,415.716,201.663,184.829,490.978,324.248,680.342,657.653,341.658,433.851,513.425,187.569
190,52.06,52.05,52.04,52.03,52.02,52.01,52,51.99,51.98,51.97,52.07,52.08,52.09,52.1,52.11,52.12,52.13,52.14,52.15,52.16,169.443,225.493,280.232,382.791,305.238,317.408,417.099,546.431,328.309,652.704,211.779,589.583,433.536,418.906,614.936,396.355,465.266,715.986,597.889,371.267
191,52.08,52.07,52.06,52.05,52.04,52.03,52.02,52.01,52,51.99,52.09,52.1,52.11,52.12,52.13,52.14,52.15,52.16,52.17,52.18,101.274,169.066,254.464,294.108,263.154,364.769,295.951,350.698,501.699,546.431,97.228,478.714,271.925,377.445,370.549,773.66,599.4,371.267,431.008,583.52
192,52.08,52.07,52.06,52.05,52.04,52.03,52.02,52.01,52,51.99,52.09,52.1,52.11,52.12,52.13,52.14,52.15,52.16,52.17,52.18,134.634,164.912,231.532,277.996,451.58,304.865,274.198,399.634,454.178,509.318,343.868,305.889,223.212,416.824,446.015,721.43,622.652,430.344,427.155,475.074
193,52.05,52.04,52.03,52.02,52.01,52,51.99,51.98,51.97,51.96,52.06,52.07,52.08,52.09,52.1,52.11,52.12,52.13,52.14,52.15,180.674,218.927,105.47,115.422,357.396,506.849,540.293,311.777,515.051,312.121,132.877,403.02,441.323,119.174,391.189,614.116,548.004,446.571,529.59,592.11
194,51.99,51.98,51.97,51.96,51.95,51.94,51.93,51.92,51.91,51.9,52,52.01,52.02,52.03,52.04,52.05,52.06,52.07,52.08,52.09,184.451,171.85,362.453,339.835,584.845,316.128,312.667,322.589,369.194,337.69,133.99,229.346,385.067,259.266,425.381,508.582,387.099,651.367,663.127,225.333
195,51.98,51.97,51.96,51.95,51.94,51.93,51.92,51.91,51.9,51.89,51.99,52,52.01,52.02,52.03,52.04,52.05,52.06,52.07,52.08,117.4,113.222,136.06,213.404,360.373,308.808,236.532,294.543,385.992,784.203,139.451,301.024,595.71,210.254,301.513,450.742,321.744,336.235,683.269,726.801
196,51.95,51.94,51.93,51.92,51.91,51.9,51.89,51.88,51.87,51.86,51.96,51.97,51.98,51.99,52,52.01,52.02,52.03,52.04,52.05,205.741,114.072,106.082,215.836,547.367,376.551,708.793,340.543,230.536,343.103,29.69,199.853,426.354,433.368,218.282,409.208,217.733,880.182,562.96,245.221
197,51.96,51.95,51.94,51.93,51.92,51.91,51.9,51.89,51.88,51.87,51.97,51.98,51.99,52,52.01,52.02,52.03,52.04,52.05,52.06,126.347,199.158,247.525,121.282,383.257,427.434,369.895,659.132,349.638,221.014,175.698,351.725,452.398,90.873,399.953,243.842,899.52,524.077,245.221,281.525
198,51.93,51.92,51.91,51.9,51.89,51.88,51.87,51.86,51.85,51.84,51.94,51.95,51.96,51.97,51.98,51.99,52,52.01,52.02,52.03,109.944,196.644,331.209,331.453,685.481,308.001,268.656,352.966,912.897,199.45,134.069,311.158,446.717,344.009,283.589,491.148,231.824,405.256,301.053,1024.76
199,51.95,51.94,51.93,51.92,51.91,51.9,51.89,51.88,51.87,51.86,51.96,51.97,51.98,51.99,52,52.01,52.02,52.03,52.04,52.05,159.251,185.553,270.836,355.502,386.572,370.094,706.8,340.545,221.014,352.966,96.305,227.105,485.257,500.871,210.765,368.264,229.492,1063.306,280.483,279.09
200,51.97,51.96,51.95,51.94,51.93,51.92,51.91,51.9,51.89,51.88,51.98,51.99,52,52.01,52.02,52.03,52.04,52.05,52.06,52.07,154.416,210.191,261.149,488.964,264.923,219.52,339.914,371.408,705.389,317.785,213.066,474.883,387.486,441.481,283.319,1036.718,242.004,331.487,281.527,631.295
201,51.98,51.97,51.96,51.95,51.94,51.93,51.92,51.91,51.9,51.89,51.99,52,52.01,52.02,52.03,52.04,52.05,52.06,52.07,52.08,198.007,179.623,162.678,373.399,427.488,264.577,271.141,294.543,326.479,616.603,112.524,239.96,604.707,288.68,929.823,401.981,409.299,309.48,625.69,383.73
202,52.04,52.03,52.02,52.01,52,51.99,51.98,51.97,51.96,51.95,52.05,52.06,52.07,52.08,52.09,52.1,52.11,52.12,52.13,52.14,20.25,151.236,242.001,277.442,441.074,542.354,316.187,459.265,306.49,534.446,174.879,456.097,420.962,526.848,567.625,406.419,511.467,299.155,325.572,444.716
203,52,51.99,51.98,51.97,51.96,51.95,51.94,51.93,51.92,51.91,52.01,52.02,52.03,52.04,52.05,52.06,52.07,52.08,52.09,52.1,209.555,95.72,194.202,405.358,278.436,576.372,453.05,328.255,215.6,385.554,30.295,260.586,449.497,473.371,331.464,350.078,557.088,673.894,710.503,661.185
204,52.03,52.02,52.01,52,51.99,51.98,51.97,51.96,51.95,51.94,52.04,52.05,52.06,52.07,52.08,52.09,52.1,52.11,52.12,52.13,44.167,184.582,376.313,165.063,269.687,322.152,474.233,308.689,621.011,406.518,204.689,377.309,444.509,550.919,567.636,696.533,623.404,456.569,373.721,286.163
205,52.01,52,51.99,51.98,51.97,51.96,51.95,51.94,51.93,51.92,52.02,52.03,52.04,52.05,52.06,52.07,52.08,52.09,52.1,52.11,112.423,83.319,112.679,310.726,479.968,317.148,570.747,406.518,242.23,211.993,312.356,329.126,324.163,244.445,352.758,532.402,625.575,728.301,572.62,475.763
206,52.01,52,51.99,51.98,51.97,51.96,51.95,51.94,51.93,51.92,52.02,52.03,52.04,52.05,52.06,52.07,52.08,52.09,52.1,52.11,199.783,185.316,107.961,380.795,479.546,317.655,572.235,407.15,253.064,296.585,16.956,246.415,520.375,214.445,408.076,567.094,660.52,704.107,560.321,475.763
207,51.99,51.98,51.97,51.96,51.95,51.94,51.93,51.92,51.91,51.9,52,52.01,52.02,52.03,52.04,52.05,52.06,52.07,52.08,52.09,203.621,323.815,370.994,195.77,260.517,409.27,243.109,211.993,410.59,374.024,123.419,330.369,281.708,285.068,532.344,430.452,508.643,617.837,654.113,632.518
208,51.97,51.96,51.95,51.94,51.93,51.92,51.91,51.9,51.89,51.88,51.98,51.99,52,52.01,52.02,52.03,52.04,52.05,52.06,52.07,136.174,112.847,317.235,409.064,242.428,173.162,496.718,291.311,629.825,416.18,107.659,266.205,415.827,365.327,535.702,571.398,552.059,503.732,523.306,628.145
209,51.99,51.98,51.97,51.96,51.95,51.94,51.93,51.92,51.91,51.9,52,52.01,52.02,52.03,52.04,52.05,52.06,52.07,52.08,52.09,135.619,94.346,145.422,117.175,370.5,484.14,735.679,196.9,331.74,252.776,179.022,384.063,443.947,383.755,599.329,468.874,536.462,595.232,570.242,461.043
210,52,51.99,51.98,51.97,51.96,51.95,51.94,51.93,51.92,51.91,52.01,52.02,52.03,52.04,52.05,52.06,52.07,52.08,52.09,52.1,6.411,36.199,256.834,568.671,104.744,286.08,427.818,734.181,194.6,331.74,300.357,415.963,392.248,671.088,507.397,413.751,567.257,542.269,527.454,520.913
211,52.04,52.03,52.02,52.01,52,51.99,51.98,51.97,51.96,51.95,52.05,52.06,52.07,52.08,52.09,52.1,52.11,52.12,52.13,52.14,107.902,111.724,170.986,528.103,185.455,310.376,410.136,567.088,133.623,276.782,142.725,274.034,369.476,777.469,530.426,470.144,521.25,379.322,401.623,398.219
212,52.05,52.04,52.03,52.02,52.01,52,51.99,51.98,51.97,51.96,52.06,52.07,52.08,52.09,52.1,52.11,52.12,52.13,52.14,52.15,125.786,285.359,161.239,281.007,384.557,141.411,337.118,554.066,564.182,130.623,213.823,338.677,436.752,336.855,672.397,642.752,400.093,396.545,441.197,602.781
213,52.07,52.06,52.05,52.04,52.03,52.02,52.01,52,51.99,51.98,52.08,52.09,52.1,52.11,52.12,52.13,52.14,52.15,52.16,52.17,13.812,61.291,180.136,290.946,294.565,766.869,377.126,151.14,293.167,554.066,363.2,315.378,570.835,746.842,506.229,443.823,496.786,721.683,577.661,267.63
214,52.04,52.03,52.02,52.01,52,51.99,51.98,51.97,51.96,51.95,52.05,52.06,52.07,52.08,52.09,52.1,52.11,52.12,52.13,52.14,128.1,166.537,205.955,369.129,339.768,257.434,555.563,576.42,171.173,264.831,115.061,279.526,589.516,361.069,476.656,344.65,810.012,649.794,497.438,425.455
215,52.01,52,51.99,51.98,51.97,51.96,51.95,51.94,51.93,51.92,52.02,52.03,52.04,52.05,52.06,52.07,52.08,52.09,52.1,52.11,100.763,98.535,202.764,477.424,588.899,138.792,266.304,446.716,752.072,200.572,191.328,409.315,815.076,894.348,142.21,473.316,329.754,497.592,369.72,908.184
216,51.99,51.98,51.97,51.96,51.95,51.94,51.93,51.92,51.91,51.9,52,52.01,52.02,52.03,52.04,52.05,52.06,52.07,52.08,52.09,105.295,137.827,327.14,210.308,433.572,507.54,688.738,248.147,297.824,295.965,154.877,347.176,574.958,714.764,745.028,1090.074,161.576,896.278,211.073,372.621
217,51.97,51.96,51.95,51.94,51.93,51.92,51.91,51.9,51.89,51.88,51.98,51.99,52,52.01,52.02,52.03,52.04,52.05,52.06,52.07,108.55,90.057,171.605,377.849,457.224,273.214,297.623,298.66,586.161,513.465,208.428,332.274,558.019,354.071,544.222,597.966,775.323,876.643,150.294,921.606
218,51.95,51.94,51.93,51.92,51.91,51.9,51.89,51.88,51.87,51.86,51.96,51.97,51.98,51.99,52,52.01,52.02,52.03,52.04,52.05,177.193,339.55,335.902,277.639,442.622,387.316,544.985,302.962,357.976,555.309,113.647,212.58,358.708,315.832,558.872,375.981,466.981,599.16,746.424,796.477
219,51.95,51.94,51.93,51.92,51.91,51.9,51.89,51.88,51.87,51.86,51.96,51.97,51.98,51.99,52,52.01,52.02,52.03,52.04,52.05,193.749,290.243,122.294,250.479,592.008,529.497,544.985,302.962,300.245,601.702,0.805,248.731,395.993,424.173,568.111,423.159,733.446,857.185,612.193,796.207
220,51.95,51.94,51.93,51.92,51.91,51.9,51.89,51.88,51.87,51.86,51.96,51.97,51.98,51.99,52,52.01,52.02,52.03,52.04,52.05,42.87,165.995,125.025,265.966,588.734,470.437,547.014,302.33,300.245,601.702,211.382,384.475,650.869,832.02,581.062,482.33,523.746,826.474,612.076,939.934
221,51.98,51.97,51.96,51.95,51.94,51.93,51.92,51.91,51.9,51.89,51.99,52,52.01,52.02,52.03,52.04,52.05,52.06,52.07,52.08,233.229,189.887,171.44,307.464,283.03,158.956,170.3,470.171,461.241,544.985,126.052,463.186,533.079,680.669,902.028,723.635,906.645,189.977,739.267,187.486
222,52.02,52.01,52,51.99,51.98,51.97,51.96,51.95,51.94,51.93,52.03,52.04,52.05,52.06,52.07,52.08,52.09,52.1,52.11,52.12,205.475,229.76,356.792,179.821,333.401,363.814,229.752,354.717,450.976,590.532,37.937,408.216,866.789,427.542,793.117,313.016,390.33,404.951,764.363,681.108
223,52.05,52.04,52.03,52.02,52.01,52,51.99,51.98,51.97,51.96,52.06,52.07,52.08,52.09,52.1,52.11,52.12,52.13,52.14,52.15,11.414,150.626,318.898,272.191,434.467,336.233,422.522,592.13,339.693,180.903,238.091,522.6,447.604,189.467,454.949,940.733,790.352,643.152,395.235,593.677
224,52.04,52.03,52.02,52.01,52,51.99,51.98,51.97,51.96,51.95,52.05,52.06,52.07,52.08,52.09,52.1,52.11,52.12,52.13,52.14,48.732,383.049,215.172,369.921,380.904,441.823,595.123,341.614,180.903,329.615,294.541,477.758,648.788,345.447,181.494,502.677,1007.584,665.232,662.18,382.946
225,52.03,52.02,52.01,52,51.99,51.98,51.97,51.96,51.95,51.94,52.04,52.05,52.06,52.07,52.08,52.09,52.1,52.11,52.12,52.13,4.571,165.878,240.401,592.55,384.148,556.741,399.397,256.891,421.959,448.073,151.902,555.125,654.674,719.495,548.445,296.378,524.372,913.73,615.051,708.917
226,52.01,52,51.99,51.98,51.97,51.96,51.95,51.94,51.93,51.92,52.02,52.03,52.04,52.05,52.06,52.07,52.08,52.09,52.1,52.11,52.361,147.518,249.135,362.373,431.441,237.748,374.831,450.876,558.186,183.29,183.953,488.784,597.354,902.501,544.818,758.222,546.584,210.134,461.046,625.629
227,52.01,52,51.99,51.98,51.97,51.96,51.95,51.94,51.93,51.92,52.02,52.03,52.04,52.05,52.06,52.07,52.08,52.09,52.1,52.11,136.811,152.029,135.741,176.325,508.181,293.78,342.469,450.876,519.673,183.29,107.794,388.651,637.78,533.832,891.155,694.861,680.256,392.738,521.361,520.557
228,52.06,52.05,52.04,52.03,52.02,52.01,52,51.99,51.98,51.97,52.07,52.08,52.09,52.1,52.11,52.12,52.13,52.14,52.15,52.16,150.958,114.628,232.316,404.525,250.132,250.134,382.913,425.267,569.679,376.906,289.422,366.971,355.322,521.948,660.449,800.074,543.114,476.367,696.849,517.161
229,52.07,52.06,52.05,52.04,52.03,52.02,52.01,52,51.99,51.98,52.08,52.09,52.1,52.11,52.12,52.13,52.14,52.15,52.16,52.17,219.332,402.439,107.322,273.446,394.006,254.364,320.714,427.872,383.898,566.879,262.729,242.303,566.6,719.287,699.112,646.136,516.744,619.739,505.227,332.898
230,52.06,52.05,52.04,52.03,52.02,52.01,52,51.99,51.98,51.97,52.07,52.08,52.09,52.1,52.11,52.12,52.13,52.14,52.15,52.16,24.503,182.769,282.767,515.278,249.528,275.267,427.872,383.898,659.223,431.397,234.024,380.878,277.941,513.596,710.203,616.897,663.005,641.852,624.892,505.199
231,52.07,52.06,52.05,52.04,52.03,52.02,52.01,52,51.99,51.98,52.08,52.09,52.1,52.11,52.12,52.13,52.14,52.15,52.16,52.17,141.16,377.539,285.589,324.268,515.771,579.342,273.659,423.255,387.24,609.426,177.037,111.985,310.106,321.006,649.413,723.759,625.875,685.241,569.91,395.607
232,52.13,52.12,52.11,52.1,52.09,52.08,52.07,52.06,52.05,52.04,52.14,52.15,52.16,52.17,52.18,52.19,52.2,52.21,52.22,52.23,130.757,171.225,225.303,230.767,524.05,265.831,296.45,377.238,198.608,282.596,116.828,154.364,487.253,336.908,331.608,486.3,629.236,870.771,431.008,633.698
233,52.17,52.16,52.15,52.14,52.13,52.12,52.11,52.1,52.09,52.08,52.18,52.19,52.2,52.21,52.22,52.23,52.24,52.25,52.26,52.27,222.878,263.008,448.799,261.478,335.902,506.451,335.546,280.095,462.556,334.6,136.868,307.698,459.255,963.461,344.753,595.945,420.193,473.582,458.783,968.092
234,52.16,52.15,52.14,52.13,52.12,52.11,52.1,52.09,52.08,52.07,52.17,52.18,52.19,52.2,52.21,52.22,52.23,52.24,52.25,52.26,35.306,228.743,334.567,338.393,473.984,254.291,277.338,460.156,346.151,618.704,106.498,146.059,439.089,445.582,1184.375,669.651,749.967,420.193,481.189,366.963
235,52.12,52.11,52.1,52.09,52.08,52.07,52.06,52.05,52.04,52.03,52.13,52.14,52.15,52.16,52.17,52.18,52.19,52.2,52.21,52.22,220.538,219.159,264.729,505.791,229.097,257.227,381.651,211.003,314.212,490.492,6.628,248.812,588.985,752.255,453.884,239.712,563.065,607.998,1180.854,600.109
236,52.11,52.1,52.09,52.08,52.07,52.06,52.05,52.04,52.03,52.02,52.12,52.13,52.14,52.15,52.16,52.17,52.18,52.19,52.2,52.21,139.18,216.026,419.501,217.212,199.64,381.651,211.003,361.689,490.492,497.916,135.423,384.942,341.544,556.601,716.423,433.477,251.894,621.247,624.612,1155.406
237,52.09,52.08,52.07,52.06,52.05,52.04,52.03,52.02,52.01,52,52.1,52.11,52.12,52.13,52.14,52.15,52.16,52.17,52.18,52.19,156.649,135.502,208.179,494.251,190.199,361.689,480.827,511.098,240.338,441.907,147.162,1326.311,269.8,540.22,310.111,489.616,731.918,473.225,328.724,630.563
238,52.09,52.08,52.07,52.06,52.05,52.04,52.03,52.02,52.01,52,52.1,52.11,52.12,52.13,52.14,52.15,52.16,52.17,52.18,52.19,305.679,109.138,257.878,490.736,246.43,418.203,480.827,511.098,240.338,441.907,254.679,139.372,286.58,465.009,502.511,626.78,697.838,516.467,260.173,628.472
239,52.09,52.08,52.07,52.06,52.05,52.04,52.03,52.02,52.01,52,52.1,52.11,52.12,52.13,52.14,52.15,52.16,52.17,52.18,52.19,231.173,145.064,276.881,517.094,187.829,387.536,480.827,505.392,260.587,441.907,278.556,190.918,338.674,464.609,507.318,688.945,756.956,407.382,331.081,584.253
240,52.09,52.08,52.07,52.06,52.05,52.04,52.03,52.02,52.01,52,52.1,52.11,52.12,52.13,52.14,52.15,52.16,52.17,52.18,52.19,130.948,154.665,257.506,473.458,184.829,351.643,482.927,504.353,263.287,473.982,255.106,218.295,329.078,531.27,438.545,746.554,746.441,473.39,407.505,574.475
241,52.11,52.1,52.09,52.08,52.07,52.06,52.05,52.04,52.03,52.02,52.12,52.13,52.14,52.15,52.16,52.17,52.18,52.19,52.2,52.21,239.84,303.404,400.954,162.924,246.08,337.481,179.416,382.566,482.927,570.471,106.266,400.136,389.395,496.022,774.397,382.41,493.329,684.227,565.175,958.685
242,52.09,52.08,52.07,52.06,52.05,52.04,52.03,52.02,52.01,52,52.1,52.11,52.12,52.13,52.14,52.15,52.16,52.17,52.18,52.19,195.961,143.836,215.872,443.362,361.105,355.706,482.927,570.471,344.012,477.735,330.935,1029.635,381.884,561.012,332.084,518.072,774.519,428.015,493.254,707.575
243,52.09,52.08,52.07,52.06,52.05,52.04,52.03,52.02,52.01,52,52.1,52.11,52.12,52.13,52.14,52.15,52.16,52.17,52.18,52.19,210.9,246.363,328.544,428.154,195.02,339.694,483.029,563.128,351.341,477.735,299.723,992.472,266.665,505.789,593.742,691.803,731.799,388.316,455.33,591.431
244,52.09,52.08,52.07,52.06,52.05,52.04,52.03,52.02,52.01,52,52.1,52.11,52.12,52.13,52.14,52.15,52.16,52.17,52.18,52.19,28.646,232.886,314.211,417.21,197.72,397.314,483.729,560.628,351.341,477.835,219.043,1028.036,274.959,542.456,574.778,749.327,674.179,386.216,455.33,487.662
245,52.08,52.07,52.06,52.05,52.04,52.03,52.02,52.01,52,51.99,52.09,52.1,52.11,52.12,52.13,52.14,52.15,52.16,52.17,52.18,259.742,266.013,395.791,369.92,338.086,483.729,530.755,250.881,477.835,530.335,132.577,484.231,1113.481,450.859,752.891,884.895,711.317,656.582,484.351,381.739
246,52.08,52.07,52.06,52.05,52.04,52.03,52.02,52.01,52,51.99,52.09,52.1,52.11,52.12,52.13,52.14,52.15,52.16,52.17,52.18,78.82,247.722,396.414,309.389,374.441,589.764,533.555,244.551,435.619,572.644,122.365,581.562,1099.893,467.528,786.083,776.846,703.371,807.25,562.611,257.815
247,52.07,52.06,52.05,52.04,52.03,52.02,52.01,52,51.99,51.98,52.08,52.09,52.1,52.11,52.12,52.13,52.14,52.15,52.16,52.17,175.412,112.572,237.474,379.583,608.827,539.382,237.424,445.47,546.828,602.261,283.789,271.85,545.144,355.537,853.412,883.136,778.324,679.776,931.736,558.632
248,52.09,52.08,52.07,52.06,52.05,52.04,52.03,52.02,52.01,52,52.1,52.11,52.12,52.13,52.14,52.15,52.16,52.17,52.18,52.19,162.478,402.218,424.999,329.051,197.369,357.493,653.946,530.656,235.124,445.47,164.831,443.839,386.802,784.365,682.308,729.93,913.3,447.678,203.97,442.348
249,52.07,52.06,52.05,52.04,52.03,52.02,52.01,52,51.99,51.98,52.08,52.09,52.1,52.11,52.12,52.13,52.14,52.15,52.16,52.17,149.144,145.7,231.421,327.609,568.489,592.607,252.04,343.275,514.498,608.994,119.25,297.106,625.424,650.461,943.585,692.622,758.78,753.579,807.64,547.846
250,52.09,52.08,52.07,52.06,52.05,52.04,52.03,52.02,52.01,52,52.1,52.11,52.12,52.13,52.14,52.15,52.16,52.17,52.18,52.19,42.515,175.621,345.548,389.672,202.463,278.942,654.226,533.456,204.52,343.275,482.342,276.281,366.64,821.941,577.612,735.862,816.987,563.385,364.976,641.655
251,52.08,52.07,52.06,52.05,52.04,52.03,52.02,52.01,52,51.99,52.09,52.1,52.11,52.12,52.13,52.14,52.15,52.16,52.17,52.18,204.452,300.149,410.186,339.057,278.942,654.226,533.555,204.52,343.906,514.498,469.945,510.253,582.046,848.081,726.266,634.936,725.753,767.269,485.653,364.976
252,52.09,52.08,52.07,52.06,52.05,52.04,52.03,52.02,52.01,52,52.1,52.11,52.12,52.13,52.14,52.15,52.16,52.17,52.18,52.19,169.591,221.242,315.389,364.691,202.463,279.242,654.433,533.456,202.551,343.275,421.667,222.639,290.793,671.425,653.622,1031.763,746.72,369.016,331.583,686.673
253,52.07,52.06,52.05,52.04,52.03,52.02,52.01,52,51.99,51.98,52.08,52.09,52.1,52.11,52.12,52.13,52.14,52.15,52.16,52.17,186.17,235.87,247.715,283.378,465.499,150.009,203.964,343.275,514.498,602.357,290.253,565.783,562.257,659.308,694.654,619.799,784.961,1156.494,725.463,314.602
254,52.09,52.08,52.07,52.06,52.05,52.04,52.03,52.02,52.01,52,52.1,52.11,52.12,52.13,52.14,52.15,52.16,52.17,52.18,52.19,394.904,265.31,396.357,316.315,216.3,395.411,558.248,534.087,201.92,343.275,361.042,185.391,329.722,580.091,697.98,927.947,744.763,327.237,273.846,659.194
255,52.08,52.07,52.06,52.05,52.04,52.03,52.02,52.01,52,51.99,52.09,52.1,52.11,52.12,52.13,52.14,52.15,52.16,52.17,52.18,159.575,346.583,361.935,186.588,398.125,525.752,533.555,203.92,435.619,499.694,313.799,500.542,567.064,789.121,459.676,771.56,1183.278,753.782,435.206,301.566
256,52.06,52.05,52.04,52.03,52.02,52.01,52,51.99,51.98,51.97,52.07,52.08,52.09,52.1,52.11,52.12,52.13,52.14,52.15,52.16,134.602,171.436,237.652,475.209,116.277,224.595,435.619,444.812,597.357,513.117,247.081,352.57,604.871,743.047,758.801,754.365,569.764,838.473,1183.227,707.908
257,52.06,52.05,52.04,52.03,52.02,52.01,52,51.99,51.98,51.97,52.07,52.08,52.09,52.1,52.11,52.12,52.13,52.14,52.15,52.16,10.036,217.126,231.145,458.042,251.674,203.143,519.115,492.326,606.802,474.633,215.002,323.184,687.379,770.426,863.968,754.365,570.396,753.467,1119.195,685.597
258,52.05,52.04,52.03,52.02,52.01,52,51.99,51.98,51.97,51.96,52.06,52.07,52.08,52.09,52.1,52.11,52.12,52.13,52.14,52.15,22.918,312.742,544.361,171.944,209.123,308.222,351.535,298.401,325.188,172.761,263.269,449.525,556.759,500.965,743.774,857.668,624.837,556.961,503.123,836.054
259,52.05,52.04,52.03,52.02,52.01,52,51.99,51.98,51.97,51.96,52.06,52.07,52.08,52.09,52.1,52.11,52.12,52.13,52.14,52.15,140.043,317.293,520.866,152.965,312.156,402.305,265.908,516.427,698.176,134.27,235.546,387.38,239.959,615.273,607.082,686.633,688.5,455.429,435.562,948.796
260,52.06,52.05,52.04,52.03,52.02,52.01,52,51.99,51.98,51.97,52.07,52.08,52.09,52.1,52.11,52.12,52.13,52.14,52.15,52.16,208.417,275.123,392.636,508.304,303.537,218.332,402.605,271.827,513.427,698.176,137.15,156.957,411.754,693.906,725.26,754.693,491.536,377.975,923.702,881.188
261,52.06,52.05,52.04,52.03,52.02,52.01,52,51.99,51.98,51.97,52.07,52.08,52.09,52.1,52.11,52.12,52.13,52.14,52.15,52.16,144.145,300.412,352.152,514.301,303.537,218.332,402.605,271.827,513.427,698.176,118.801,191.932,376.769,693.209,784.581,886.336,456.481,377.975,884.786,808.433
262,52.05,52.04,52.03,52.02,52.01,52,51.99,51.98,51.97,51.96,52.06,52.07,52.08,52.09,52.1,52.11,52.12,52.13,52.14,52.15,22.892,318.132,524.141,186.186,179.975,402.702,271.827,513.427,698.176,147.167,343.883,384.795,197.032,358.895,374.058,967.937,871.78,436.692,484.59,969.586
263,52.05,52.04,52.03,52.02,52.01,52,51.99,51.98,51.97,51.96,52.06,52.07,52.08,52.09,52.1,52.11,52.12,52.13,52.14,52.15,175.862,244.254,302.921,135.734,395.316,347.943,237.221,478.814,644.789,99.644,266.341,378.736,223.702,376.39,311.817,933.401,762.363,402.836,450.064,1005.288
264,52.01,52,51.99,51.98,51.97,51.96,51.95,51.94,51.93,51.92,52.02,52.03,52.04,52.05,52.06,52.07,52.08,52.09,52.1,52.11,163.99,182.325,210.559,341.92,354.739,149.564,227.003,586.01,623.79,147.97,252.31,462.287,339.297,281.067,488.389,506.461,723.572,470.751,491.558,969.656
265,51.97,51.96,51.95,51.94,51.93,51.92,51.91,51.9,51.89,51.88,51.98,51.99,52,52.01,52.02,52.03,52.04,52.05,52.06,52.07,210.004,268.495,270.034,69.731,238.124,345.411,437.965,616.323,356.911,163.549,131.92,75.696,199.398,374.67,423.517,725.143,738.06,392.705,581.898,475.112
266,52.02,52.01,52,51.99,51.98,51.97,51.96,51.95,51.94,51.93,52.03,52.04,52.05,52.06,52.07,52.08,52.09,52.1,52.11,52.12,216.334,320.088,222.122,214.354,279.177,109.828,325.317,445.335,524.794,228.141,236.025,123.24,284.479,570.715,585.799,713.322,432.641,431.537,760.723,669.034
267,52.06,52.05,52.04,52.03,52.02,52.01,52,51.99,51.98,51.97,52.07,52.08,52.09,52.1,52.11,52.12,52.13,52.14,52.15,52.16,104.968,191.49,316.609,135.471,331.222,394.359,370.383,572.01,337.676,83.668,100.865,152.161,307.485,305.027,614.448,818.218,419.337,289.759,764.587,673.18
268,52.02,52.01,52,51.99,51.98,51.97,51.96,51.95,51.94,51.93,52.03,52.04,52.05,52.06,52.07,52.08,52.09,52.1,52.11,52.12,256.779,173.121,76.111,100.558,404.019,300.813,368.385,389.037,522.393,225.284,136.166,572.157,734.383,803.167,721.891,568.485,466.825,531.124,807.823,805.346
269,51.99,51.98,51.97,51.96,51.95,51.94,51.93,51.92,51.91,51.9,52,52.01,52.02,52.03,52.04,52.05,52.06,52.07,52.08,52.09,219.802,162.319,127.899,349.802,349.324,485.349,246.855,334.21,336.966,552.033,138.5,389.493,570.99,577.575,675.235,692.047,628.193,709.47,620.708,461.529
270,52.03,52.02,52.01,52,51.99,51.98,51.97,51.96,51.95,51.94,52.04,52.05,52.06,52.07,52.08,52.09,52.1,52.11,52.12,52.13,216.39,274.005,258.36,183.689,318.432,251.018,66.864,238.983,559.065,468.466,134.584,359.411,554.402,522.119,565.543,486.944,400.648,799.451,808.767,508.156
271,52.04,52.03,52.02,52.01,52,51.99,51.98,51.97,51.96,51.95,52.05,52.06,52.07,52.08,52.09,52.1,52.11,52.12,52.13,52.14,226.717,283.622,335.535,363.123,129.989,391.942,664.281,112.56,234.875,556.865,121.917,390.41,448.199,296.628,442.021,252.435,678.265,826.119,690.618,483.28
272,52.05,52.04,52.03,52.02,52.01,52,51.99,51.98,51.97,51.96,52.06,52.07,52.08,52.09,52.1,52.11,52.12,52.13,52.14,52.15,216.489,175.539,239.074,280.288,259.03,210.902,383.632,645.133,62.949,238.218,202.209,197.722,240.576,532.922,344.068,658.48,950.108,553.179,372.093,689.11
273,52.05,52.04,52.03,52.02,52.01,52,51.99,51.98,51.97,51.96,52.06,52.07,52.08,52.09,52.1,52.11,52.12,52.13,52.14,52.15,8.551,192.697,234.11,303.677,486.705,148.622,373.089,627.19,35.97,226.293,152.114,147.695,291.259,375.931,287.819,753.958,962.382,515.972,421.558,646.716
274,52.06,52.05,52.04,52.03,52.02,52.01,52,51.99,51.98,51.97,52.07,52.08,52.09,52.1,52.11,52.12,52.13,52.14,52.15,52.16,168.515,435.98,547.01,57.37,190.987,304.452,148.525,310.808,627.19,35.97,67.322,166.595,409.712,360.421,697.134,1057.154,526.265,299.975,685.581,656.419
275,52.06,52.05,52.04,52.03,52.02,52.01,52,51.99,51.98,51.97,52.07,52.08,52.09,52.1,52.11,52.12,52.13,52.14,52.15,52.16,133.274,472.307,452.953,90.025,191.287,330.272,224.987,443.621,642.648,110.622,62.418,177.306,426.115,246.269,767.348,912.868,518.765,270.638,718.738,722.773
276,52.06,52.05,52.04,52.03,52.02,52.01,52,51.99,51.98,51.97,52.07,52.08,52.09,52.1,52.11,52.12,52.13,52.14,52.15,52.16,260.347,378.027,178.966,80.894,288.4,295.959,199.928,450.51,642.648,111.227,156.028,191.544,418.217,250.785,669.508,794.427,511.09,268.718,792.834,789.137
277,52.05,52.04,52.03,52.02,52.01,52,51.99,51.98,51.97,51.96,52.06,52.07,52.08,52.09,52.1,52.11,52.12,52.13,52.14,52.15,10.016,173.274,95.551,175.091,513.567,263.388,488.974,696.335,149.71,222.95,291.174,503.036,462.655,485.262,258.773,707.932,598.987,494.098,443.532,871.839
278,52.01,52,51.99,51.98,51.97,51.96,51.95,51.94,51.93,51.92,52.02,52.03,52.04,52.05,52.06,52.07,52.08,52.09,52.1,52.11,153.679,80.706,129.442,273.394,380.315,384.911,765.404,499.814,206.009,390.465,238.352,252.542,323.241,654.232,456.721,581.658,664.39,483.251,445.924,934.388
279,52.03,52.02,52.01,52,51.99,51.98,51.97,51.96,51.95,51.94,52.04,52.05,52.06,52.07,52.08,52.09,52.1,52.11,52.12,52.13,42.353,304.097,369.802,66.348,342.087,354.577,280.749,383.426,667.815,494.102,236.846,237.018,462.458,455.023,693.989,625.022,441.597,825.731,625.953,479.573
280,52.03,52.02,52.01,52,51.99,51.98,51.97,51.96,51.95,51.94,52.04,52.05,52.06,52.07,52.08,52.09,52.1,52.11,52.12,52.13,34.221,285.441,426.21,185.721,323.104,354.777,227.68,346.026,667.815,494.102,157.996,248.895,395.515,625.314,655.054,489.466,405.865,832.85,663.134,477.652
281,52.03,52.02,52.01,52,51.99,51.98,51.97,51.96,51.95,51.94,52.04,52.05,52.06,52.07,52.08,52.09,52.1,52.11,52.12,52.13,202.673,281.953,398.265,160.676,348.004,738.228,322.759,346.026,667.815,487.76,3.588,268.55,386.701,650.724,665.938,523.381,342.602,747.791,800.581,440.511
282,52.04,52.03,52.02,52.01,52,51.99,51.98,51.97,51.96,51.95,52.05,52.06,52.07,52.08,52.09,52.1,52.11,52.12,52.13,52.14,42.006,241.407,289.928,407.46,250.642,347.647,792.558,256.456,346.026,663.815,120.066,326.919,480.166,745.324,507.521,312.668,709.78,805.302,547.968,479.408
283,52.03,52.02,52.01,52,51.99,51.98,51.97,51.96,51.95,51.94,52.04,52.05,52.06,52.07,52.08,52.09,52.1,52.11,52.12,52.13,153.251,295.357,401.928,216.578,405.033,734.883,256.456,339.392,663.815,487.76,138.817,211.06,378.284,633.199,824.659,451.062,318.376,711.701,763.4,651.43
284,52.04,52.03,52.02,52.01,52,51.99,51.98,51.97,51.96,51.95,52.05,52.06,52.07,52.08,52.09,52.1,52.11,52.12,52.13,52.14,174.294,254.639,246.413,445.868,146.444,360.047,702.089,174.109,307.236,659.762,234.245,322.669,240.361,208.274,345.561,451.537,833.7,701.136,515.742,374.963
285,52.05,52.04,52.03,52.02,52.01,52,51.99,51.98,51.97,51.96,52.06,52.07,52.08,52.09,52.1,52.11,52.12,52.13,52.14,52.15,138.457,425.158,219.763,355.414,409.824,151.887,356.704,699.39,174.109,307.236,236.831,222.095,191.693,480.068,395.985,857.51,681.947,515.7,412.095,731.723
286,52.07,52.06,52.05,52.04,52.03,52.02,52.01,52,51.99,51.98,52.08,52.09,52.1,52.11,52.12,52.13,52.14,52.15,52.16,52.17,164.542,230.259,265.608,406.201,423.499,596.178,417.795,147.078,312.213,699.39,126.048,94.792,189.613,602.896,778.908,583.653,453.869,695.985,548.394,433.657
287,52.06,52.05,52.04,52.03,52.02,52.01,52,51.99,51.98,51.97,52.07,52.08,52.09,52.1,52.11,52.12,52.13,52.14,52.15,52.16,147.905,266.484,424.315,296.08,273.523,361.654,144.978,309.313,699.39,174.109,220.968,221.038,354.112,254.218,730.766,810.063,667.116,379.883,919.723,586.745
288,52.06,52.05,52.04,52.03,52.02,52.01,52,51.99,51.98,51.97,52.07,52.08,52.09,52.1,52.11,52.12,52.13,52.14,52.15,52.16,13.761,231.946,434.393,271.826,235.073,445.47,165.723,442.436,699.39,148.135,203.566,272.18,377.556,341.761,653.931,810.063,658.177,416.329,956.829,586.745
289,52.04,52.03,52.02,52.01,52,51.99,51.98,51.97,51.96,51.95,52.05,52.06,52.07,52.08,52.09,52.1,52.11,52.12,52.13,52.14,39.218,198.307,182.648,363.75,302.772,452.958,750.768,158.73,249.144,617.495,211.97,320.633,572.85,708.872,445.815,444.988,704.33,769.599,759.449,342.151
290,52.05,52.04,52.03,52.02,52.01,52,51.99,51.98,51.97,51.96,52.06,52.07,52.08,52.09,52.1,52.11,52.12,52.13,52.14,52.15,190.037,225.083,241.538,306.334,351.403,171.646,439.851,706.181,158.73,306.92,140.257,234.33,318.904,568.726,339.245,563.223,747.496,726.299,349.198,594.684
291,52.05,52.04,52.03,52.02,52.01,52,51.99,51.98,51.97,51.96,52.06,52.07,52.08,52.09,52.1,52.11,52.12,52.13,52.14,52.15,45.254,72.741,171.45,285.345,379.62,226.18,439.728,652.457,121.337,306.921,238.095,284.537,271.556,470.762,294.135,578.608,791.713,802.479,460.523,691.461
292,52.03,52.02,52.01,52,51.99,51.98,51.97,51.96,51.95,51.94,52.04,52.05,52.06,52.07,52.08,52.09,52.1,52.11,52.12,52.13,146.593,163.844,410.023,203.897,542.621,657.173,122.735,306.921,642.926,548.489,50.846,239.126,345.939,737.617,787.176,431.908,384.42,553.533,745.832,856.219
293,52.04,52.03,52.02,52.01,52,51.99,51.98,51.97,51.96,51.95,52.05,52.06,52.07,52.08,52.09,52.1,52.11,52.12,52.13,52.14,15.03,158.293,212.865,342.281,259.483,531.9,697.65,122.735,306.921,642.926,223.141,302.281,587.851,792.536,551.549,310.781,550.933,748.126,825.153,456.827
294,52.03,52.02,52.01,52,51.99,51.98,51.97,51.96,51.95,51.94,52.04,52.05,52.06,52.07,52.08,52.09,52.1,52.11,52.12,52.13,141.576,65.882,39.864,118.788,252.471,373.404,183.353,348.127,660.795,461.681,197.542,442.622,285.739,842.042,717.135,549.578,381.803,605.752,747.912,743.842
295,52.01,52,51.99,51.98,51.97,51.96,51.95,51.94,51.93,51.92,52.02,52.03,52.04,52.05,52.06,52.07,52.08,52.09,52.1,52.11,145.624,137.209,133.81,275.751,276.606,362.061,581.504,483.228,243.743,356.594,168.496,690.983,690.173,619.178,243.649,626.435,590.733,662.79,483.742,646.062
296,51.98,51.97,51.96,51.95,51.94,51.93,51.92,51.91,51.9,51.89,51.99,52,52.01,52.02,52.03,52.04,52.05,52.06,52.07,52.08,14.298,80.074,238.958,364.721,393.052,251.357,477.547,313.537,667.231,344.85,50.73,242.127,397.362,370.287,782.618,807.748,735.61,215.373,684.102,660.265
297,51.97,51.96,51.95,51.94,51.93,51.92,51.91,51.9,51.89,51.88,51.98,51.99,52,52.01,52.02,52.03,52.04,52.05,52.06,52.07,27.322,149.045,315.49,109.938,316.31,511.246,420.237,743.087,305.017,173.565,17.21,330.463,322.405,532.488,326.835,712.731,972.431,790.661,311.953,681.702
298,51.99,51.98,51.97,51.96,51.95,51.94,51.93,51.92,51.91,51.9,52,52.01,52.02,52.03,52.04,52.05,52.06,52.07,52.08,52.09,24.326,35.957,88.683,140.98,382.437,329.908,233.625,511.149,362.484,743.087,161.02,318.528,258.359,926.453,995.743,648.652,316.025,711.836,748.903,383.102
299,52.06,52.05,52.04,52.03,52.02,52.01,52,51.99,51.98,51.97,52.07,52.08,52.09,52.1,52.11,52.12,52.13,52.14,52.15,52.16,32.154,237.299,108.241,444.576,752.567,269.364,299.791,488.221,522.498,131.482,25.254,72.484,124.757,439.071,895.306,721.404,446.375,413.897,760.044,602.046
300,52.04,52.03,52.02,52.01,52,51.99,51.98,51.97,51.96,51.95,52.05,52.06,52.07,52.08,52.09,52.1,52.11,52.12,52.13,52.14,18.692,163.642,323.409,278.808,313.42,488.44,580.283,132.894,346.461,400.214,44.376,152.175,404.351,421.633,469.106,454.606,960.842,747.93,556.158,420.147
301,52.01,52,51.99,51.98,51.97,51.96,51.95,51.94,51.93,51.92,52.02,52.03,52.04,52.05,52.06,52.07,52.08,52.09,52.1,52.11,31.893,55.191,203.04,308.154,384.171,422.619,443.653,614.421,140.105,397.175,14.122,145.316,235.282,406.752,240.652,646.57,838.056,503.275,530.061,1050.964
302,52.02,52.01,52,51.99,51.98,51.97,51.96,51.95,51.94,51.93,52.03,52.04,52.05,52.06,52.07,52.08,52.09,52.1,52.11,52.12,15.715,41.81,118.044,146.07,365.862,419.285,377.324,443.653,640.831,137.505,88.276,165.742,363.382,320.451,710.91,838.056,503.275,530.061,1132.471,605.33
303,52,51.99,51.98,51.97,51.96,51.95,51.94,51.93,51.92,51.91,52.01,52.02,52.03,52.04,52.05,52.06,52.07,52.08,52.09,52.1,34.477,85.913,336.083,324.388,400.434,443.653,640.93,137.505,397.175,263.378,4.516,105.383,218.449,328.817,371.181,244.645,656.981,763.283,508.672,567.573
304,52.02,52.01,52,51.99,51.98,51.97,51.96,51.95,51.94,51.93,52.03,52.04,52.05,52.06,52.07,52.08,52.09,52.1,52.11,52.12,9.926,229.369,132.198,283.443,674.447,318.9,351.281,440.452,639.442,56.545,29.417,220.634,387.459,352.68,498.047,621.628,487.043,648.259,1216.403,602.73
305,52.04,52.03,52.02,52.01,52,51.99,51.98,51.97,51.96,51.95,52.05,52.06,52.07,52.08,52.09,52.1,52.11,52.12,52.13,52.14,27.882,49.959,167.877,341.559,433.964,287.336,760.378,234.156,344.564,374.357,59.59,167.101,522.218,320.796,439.681,625.635,1067.591,601.589,366.726,283.78
306,52.03,52.02,52.01,52,51.99,51.98,51.97,51.96,51.95,51.94,52.04,52.05,52.06,52.07,52.08,52.09,52.1,52.11,52.12,52.13,69.55,153.928,366.66,388.38,220.139,779.585,288.724,313.43,352.272,544.122,9.943,48.684,257.983,422.698,498.179,465.429,543.44,992.132,599.936,366.726
307,52.06,52.05,52.04,52.03,52.02,52.01,52,51.99,51.98,51.97,52.07,52.08,52.09,52.1,52.11,52.12,52.13,52.14,52.15,52.16,75.824,109.712,351,346.341,603.318,404.803,315.257,81.054,730.76,305.086,5.282,53.308,265.036,684.952,1037.11,679.232,339.495,273.185,767.494,584.212
308,52.07,52.06,52.05,52.04,52.03,52.02,52.01,52,51.99,51.98,52.08,52.09,52.1,52.11,52.12,52.13,52.14,52.15,52.16,52.17,30.091,105.321,326.235,481.176,246.938,615.503,278.501,303.2,41.733,696.52,69.242,131.892,306.941,545.816,425.675,646.334,432.308,741.013,665.955,174.673
309,52.06,52.05,52.04,52.03,52.02,52.01,52,51.99,51.98,51.97,52.07,52.08,52.09,52.1,52.11,52.12,52.13,52.14,52.15,52.16,59.901,135.942,346.905,335.902,634.803,364.49,303.2,41.733,690.183,253.534,16.375,47.96,166.499,323.863,597.112,781.765,738.238,499.054,814.75,740.547
310,52.08,52.07,52.06,52.05,52.04,52.03,52.02,52.01,52,51.99,52.09,52.1,52.11,52.12,52.13,52.14,52.15,52.16,52.17,52.18,56.516,240.896,163.221,275.021,554.736,285.38,616.134,313.196,296.483,41.733,52.748,79.287,212.135,515.658,621.256,504.204,835.94,665.955,174.673,298.853
311,52.08,52.07,52.06,52.05,52.04,52.03,52.02,52.01,52,51.99,52.09,52.1,52.11,52.12,52.13,52.14,52.15,52.16,52.17,52.18,82.835,222.496,199.027,443.636,497.008,309.266,565.029,281.211,296.483,38.391,41.372,132.791,202.434,494.395,674.97,584.568,731.053,554.345,174.673,377.196
312,52.09,52.08,52.07,52.06,52.05,52.04,52.03,52.02,52.01,52,52.1,52.11,52.12,52.13,52.14,52.15,52.16,52.17,52.18,52.19,56.848,69.417,299.462,140.737,386.005,556.426,309.897,549.569,301.656,290.084,73.499,105.348,501.159,574.824,619.124,787.335,587.44,174.673,331.024,538.343
313,52.07,52.06,52.05,52.04,52.03,52.02,52.01,52,51.99,51.98,52.08,52.09,52.1,52.11,52.12,52.13,52.14,52.15,52.16,52.17,9.228,103.353,247.67,386.084,256.639,627.078,350.548,286.123,86.787,747.781,46.136,110.128,310.97,578.12,756.462,624.007,692.4,729.704,587.436,235.115
314,52.05,52.04,52.03,52.02,52.01,52,51.99,51.98,51.97,51.96,52.06,52.07,52.08,52.09,52.1,52.11,52.12,52.13,52.14,52.15,100.236,87.243,124.157,250.205,467.329,273.815,213.234,726.725,161.191,300.225,5.667,88.865,384.641,461.785,440.176,620.952,796.732,503.292,601.511,637.88
315,52.07,52.06,52.05,52.04,52.03,52.02,52.01,52,51.99,51.98,52.08,52.09,52.1,52.11,52.12,52.13,52.14,52.15,52.16,52.17,59.485,77.855,259.063,318.657,368.482,587.63,334.763,320.143,72.887,725.346,96.656,86.217,389.765,490.069,927.528,479.329,663.351,676.239,624.654,239.625
316,52.07,52.06,52.05,52.04,52.03,52.02,52.01,52,51.99,51.98,52.08,52.09,52.1,52.11,52.12,52.13,52.14,52.15,52.16,52.17,38.103,54.761,255.136,533.873,307.139,702.02,312.29,393.507,188.266,686.867,102.65,131.074,339.03,441.661,549.48,652.874,510.059,640.937,633.605,308.847
317,52.1,52.09,52.08,52.07,52.06,52.05,52.04,52.03,52.02,52.01,52.11,52.12,52.13,52.14,52.15,52.16,52.17,52.18,52.19,52.2,27.911,45.914,265.61,623.706,525.322,161.95,453.536,100.031,623.269,272.411,57.676,168.3,468.951,254.044,448.844,273.702,836.379,565.32,546.643,406.886
318,52.13,52.12,52.11,52.1,52.09,52.08,52.07,52.06,52.05,52.04,52.14,52.15,52.16,52.17,52.18,52.19,52.2,52.21,52.22,52.23,42.24,79.857,298.42,515.533,241.603,410.85,407.087,472.81,38.376,469.234,78.127,162.415,350.742,350.483,320.507,544.511,528.757,864.471,435.442,523.716
319,52.13,52.12,52.11,52.1,52.09,52.08,52.07,52.06,52.05,52.04,52.14,52.15,52.16,52.17,52.18,52.19,52.2,52.21,52.22,52.23,42.093,62.714,319.938,535.346,245.134,410.85,407.087,472.81,38.376,469.234,38.354,153.028,407.555,455.563,339.674,499.025,559.849,912.573,468.452,523.085
320,52.11,52.1,52.09,52.08,52.07,52.06,52.05,52.04,52.03,52.02,52.12,52.13,52.14,52.15,52.16,52.17,52.18,52.19,52.2,52.21,32.348,285.206,210.996,447.027,474.283,484.122,184.497,488.701,197.956,613.792,111.455,176.624,466.175,495.174,343.76,840.549,500.28,664.497,678.117,928.636
321,52.09,52.08,52.07,52.06,52.05,52.04,52.03,52.02,52.01,52,52.1,52.11,52.12,52.13,52.14,52.15,52.16,52.17,52.18,52.19,36.305,159.052,455.928,286.415,143.385,528.865,248.731,629.277,240.288,313.822,43.61,114.392,411.804,381.675,426.983,580.007,422.599,846.888,658.761,628.248
322,52.1,52.09,52.08,52.07,52.06,52.05,52.04,52.03,52.02,52.01,52.11,52.12,52.13,52.14,52.15,52.16,52.17,52.18,52.19,52.2,53.655,78,161.721,324.932,212.903,404.759,544.891,220.629,601.786,269.07,71.005,148.253,447.699,451.302,489.07,363.666,940.492,688.311,670.449,630.454
323,52.12,52.11,52.1,52.09,52.08,52.07,52.06,52.05,52.04,52.03,52.13,52.14,52.15,52.16,52.17,52.18,52.19,52.2,52.21,52.22,55.894,64.141,120.841,148.671,322.929,490.847,550.423,173.814,450.286,99.288,70.025,255.231,459.919,312.578,928.176,774.022,784.479,549.17,804.608,374.296
324,52.1,52.09,52.08,52.07,52.06,52.05,52.04,52.03,52.02,52.01,52.11,52.12,52.13,52.14,52.15,52.16,52.17,52.18,52.19,52.2,57.166,61.114,254.778,501.288,568.704,211.603,489.292,142.891,598.077,237.138,75.84,186.201,519.787,257.875,404.166,305.403,913.851,753.342,860.474,591.33
325,52.13,52.12,52.11,52.1,52.09,52.08,52.07,52.06,52.05,52.04,52.14,52.15,52.16,52.17,52.18,52.19,52.2,52.21,52.22,52.23,57.526,59.929,174.825,288.523,184.428,432.328,463.339,657.412,179.126,402.958,35.456,400.099,364.371,866.917,565.837,751.516,766.163,714.123,303.176,483.054
326,52.1,52.09,52.08,52.07,52.06,52.05,52.04,52.03,52.02,52.01,52.11,52.12,52.13,52.14,52.15,52.16,52.17,52.18,52.19,52.2,32.451,23.416,180.781,358.654,271.701,361.889,443.845,251.35,571.11,307.287,141.203,414.546,394.684,448.177,534.073,333.834,845.771,631.881,821.353,677.482
327,52.06,52.05,52.04,52.03,52.02,52.01,52,51.99,51.98,51.97,52.07,52.08,52.09,52.1,52.11,52.12,52.13,52.14,52.15,52.16,0.604,144.807,336.944,460.504,661.054,381.338,361.809,182.447,777.603,90.299,79.563,178.507,535.676,343.926,370.359,298.842,771.07,706.406,609.86,444.885
328,52.05,52.04,52.03,52.02,52.01,52,51.99,51.98,51.97,51.96,52.06,52.07,52.08,52.09,52.1,52.11,52.12,52.13,52.14,52.15,28.638,88.716,207.889,488.446,429.11,361.715,215.209,778.992,116.87,300.302,78.362,192.634,309.753,451.239,454.148,404.98,266.402,887.19,629.561,547.194
329,52.07,52.06,52.05,52.04,52.03,52.02,52.01,52,51.99,51.98,52.08,52.09,52.1,52.11,52.12,52.13,52.14,52.15,52.16,52.17,38.23,115.728,173.984,333.162,480.739,683.926,381.322,336.282,90.103,777.603,59.17,113.787,377.806,446.904,435.013,783.39,516.385,424.837,521.555,952.372
330,52.1,52.09,52.08,52.07,52.06,52.05,52.04,52.03,52.02,52.01,52.11,52.12,52.13,52.14,52.15,52.16,52.17,52.18,52.19,52.2,122.926,165.02,190.841,461.452,527.985,239.493,487.086,124.089,538.783,443.634,0.705,53.332,266.912,393.644,718.447,504.895,818.807,395.801,518.224,502.974
331,52.06,52.05,52.04,52.03,52.02,52.01,52,51.99,51.98,51.97,52.07,52.08,52.09,52.1,52.11,52.12,52.13,52.14,52.15,52.16,21.692,50.856,115.044,205.358,379.287,322.767,340.896,90.104,806.606,87.825,79.136,331.196,366.679,305.897,632.887,705.379,638.97,595.774,611.53,541.604
332,52.08,52.07,52.06,52.05,52.04,52.03,52.02,52.01,52,51.99,52.09,52.1,52.11,52.12,52.13,52.14,52.15,52.16,52.17,52.18,99.535,125.595,137.027,228.899,484.515,150.369,692.85,307.617,315.659,51.634,22.567,192.266,492.974,230.282,514.245,503.067,703.122,591.047,960.554,419.594
333,52.09,52.08,52.07,52.06,52.05,52.04,52.03,52.02,52.01,52,52.1,52.11,52.12,52.13,52.14,52.15,52.16,52.17,52.18,52.19,2.362,64.706,125.802,124.248,219.649,404.125,220.066,687.461,269.16,277.197,79.691,373.139,451.027,727.27,647.965,692.412,707.803,1021.082,430.422,409.75
334,52.08,52.07,52.06,52.05,52.04,52.03,52.02,52.01,52,51.99,52.09,52.1,52.11,52.12,52.13,52.14,52.15,52.16,52.17,52.18,30.548,92.973,110.146,184.67,578.086,162.524,751.216,269.16,277.197,90.103,110.991,203.787,511.903,322.822,792.913,653.973,744.824,792.36,925.989,455.032
335,52.06,52.05,52.04,52.03,52.02,52.01,52,51.99,51.98,51.97,52.07,52.08,52.09,52.1,52.11,52.12,52.13,52.14,52.15,52.16,18.766,80.287,119.93,296.496,604.18,281.029,329.008,91.502,813.106,126.309,58.265,190.805,537.395,429.102,413.375,393.671,818.361,653.727,830.02,707.005
336,52.06,52.05,52.04,52.03,52.02,52.01,52,51.99,51.98,51.97,52.07,52.08,52.09,52.1,52.11,52.12,52.13,52.14,52.15,52.16,6.884,53.82,117.277,196.846,342.249,318.264,337.642,90.103,806.77,87.825,236.318,347.762,349.727,344.272,554.229,368.482,817.73,592.768,755.59,692.475
337,52.04,52.03,52.02,52.01,52,51.99,51.98,51.97,51.96,51.95,52.05,52.06,52.07,52.08,52.09,52.1,52.11,52.12,52.13,52.14,35.073,118.54,290.478,234.849,392.663,198.674,863.364,121.226,236.348,288.913,33.653,154.166,454.002,354.216,799.735,460.655,604.297,453.736,805.832,575.554
338,52.04,52.03,52.02,52.01,52,51.99,51.98,51.97,51.96,51.95,52.05,52.06,52.07,52.08,52.09,52.1,52.11,52.12,52.13,52.14,3.625,65.149,259.846,296.966,420.561,198.371,792.01,94.655,339.028,282.576,65.074,172.554,491.323,350.681,829.397,555.594,616.077,517.15,807.753,606.73
339,52.02,52.01,52,51.99,51.98,51.97,51.96,51.95,51.94,51.93,52.03,52.04,52.05,52.06,52.07,52.08,52.09,52.1,52.11,52.12,9.478,31.573,66.317,177.797,388.022,319.63,440.736,283.956,624.349,96.485,284.336,230.1,488.728,339.967,499.427,367.177,855.599,578.665,575.969,476.688
340,52.01,52,51.99,51.98,51.97,51.96,51.95,51.94,51.93,51.92,52.02,52.03,52.04,52.05,52.06,52.07,52.08,52.09,52.1,52.11,63.291,76.831,160.457,362.486,98.658,476.377,305.602,578.454,81.654,493.857,43.271,333.242,466.326,746.265,442.76,533.268,375.836,888.29,578.566,555.38
341,52.01,52,51.99,51.98,51.97,51.96,51.95,51.94,51.93,51.92,52.02,52.03,52.04,52.05,52.06,52.07,52.08,52.09,52.1,52.11,66.182,90.7,182.258,151.571,98.858,559.732,286.361,583.071,77.037,407.757,7.474,287.697,485.25,549.234,446.786,691.125,375.836,869.712,547.399,515.065
342,52.02,52.01,52,51.99,51.98,51.97,51.96,51.95,51.94,51.93,52.03,52.04,52.05,52.06,52.07,52.08,52.09,52.1,52.11,52.12,18.441,40.494,146.863,116.799,509.432,137.508,356.106,283.974,577.061,54.981,313.89,325.354,484.437,523.113,775.267,434.606,810.549,545.454,466.735,439.316
343,52.01,52,51.99,51.98,51.97,51.96,51.95,51.94,51.93,51.92,52.02,52.03,52.04,52.05,52.06,52.07,52.08,52.09,52.1,52.11,65.218,68.083,182.095,321.551,271.838,356.106,286.274,579.961,51.632,407.757,22.064,325.545,415.622,357.645,580.833,744.025,555.678,917.361,547.392,391.348
344,52.05,52.04,52.03,52.02,52.01,52,51.99,51.98,51.97,51.96,52.06,52.07,52.08,52.09,52.1,52.11,52.12,52.13,52.14,52.15,81.5,111.151,121.785,141.965,283.778,407.81,218.527,698.575,158.424,347.001,8.413,467.884,364.884,515.043,583.54,402.87,402.157,895.972,612.568,514.945
345,52.07,52.06,52.05,52.04,52.03,52.02,52.01,52,51.99,51.98,52.08,52.09,52.1,52.11,52.12,52.13,52.14,52.15,52.16,52.17,40.96,85.202,156.547,162.195,159.246,526.369,469.083,201.425,118.367,669.899,145.772,432.399,390.903,478.081,436.027,1047.823,654.479,479.17,504.409,1007.84
346,52.07,52.06,52.05,52.04,52.03,52.02,52.01,52,51.99,51.98,52.08,52.09,52.1,52.11,52.12,52.13,52.14,52.15,52.16,52.17,60.139,64.776,187.62,349.182,173.212,488.333,412.908,198.425,118.367,669.899,57.37,324.596,381.834,504.133,524.101,993.365,690.207,522.466,592.516,981.98
347,52.09,52.08,52.07,52.06,52.05,52.04,52.03,52.02,52.01,52,52.1,52.11,52.12,52.13,52.14,52.15,52.16,52.17,52.18,52.19,50.443,49.755,110.77,162.684,268.158,524.711,140.055,526.683,410.434,235.491,47.966,357.883,455.651,594.634,620.542,506.812,554.155,1031.413,332.191,338.514
348,52.08,52.07,52.06,52.05,52.04,52.03,52.02,52.01,52,51.99,52.09,52.1,52.11,52.12,52.13,52.14,52.15,52.16,52.17,52.18,54.945,41.715,196.175,101.7,601.379,187.562,584.424,362.888,235.491,118.367,58.332,234.569,588.672,365.341,569.461,600.648,452.76,490.783,1148.29,433.105
349,52.08,52.07,52.06,52.05,52.04,52.03,52.02,52.01,52,51.99,52.09,52.1,52.11,52.12,52.13,52.14,52.15,52.16,52.17,52.18,61.944,76.595,127.896,159.831,467.108,344.774,528.263,362.888,235.491,118.367,0.503,166.692,507.887,312.264,584.673,657.745,395.129,452.432,1148.29,433.105
350,52.09,52.08,52.07,52.06,52.05,52.04,52.03,52.02,52.01,52,52.1,52.11,52.12,52.13,52.14,52.15,52.16,52.17,52.18,52.19,50.042,41.898,144.686,149.288,255.081,528.639,307.666,519.419,362.888,365.48,44.213,374.638,387.891,624.36,647.141,393.305,459.7,1110.567,433.105,455.698
351,52.08,52.07,52.06,52.05,52.04,52.03,52.02,52.01,52,51.99,52.09,52.1,52.11,52.12,52.13,52.14,52.15,52.16,52.17,52.18,101.736,111.652,163.615,107.543,720.798,307.666,519.518,358.271,365.48,118.367,4.074,120.885,463.375,268.309,643.887,697.995,431.554,420.105,870.245,595.061
352,52.09,52.08,52.07,52.06,52.05,52.04,52.03,52.02,52.01,52,52.1,52.11,52.12,52.13,52.14,52.15,52.16,52.17,52.18,52.19,116.987,92.536,135.867,129.654,288.562,556.507,307.666,518.232,351.067,368.821,49.403,386.117,397.522,646.087,696.614,466.127,383.673,870.245,589.523,374.299
353,52.12,52.11,52.1,52.09,52.08,52.07,52.06,52.05,52.04,52.03,52.13,52.14,52.15,52.16,52.17,52.18,52.19,52.2,52.21,52.22,70.395,59.771,159.296,119.651,240.076,384.37,509.583,217.463,509.063,255.751,267.134,269.754,687.523,652.261,910.393,424.221,423.84,541.754,855.892,412.203
354,52.12,52.11,52.1,52.09,52.08,52.07,52.06,52.05,52.04,52.03,52.13,52.14,52.15,52.16,52.17,52.18,52.19,52.2,52.21,52.22,37.093,34.911,132.8,116.852,357.4,326.675,564.381,225.8,503.049,255.751,254.74,316.815,464.414,470.724,995.409,778.859,409.846,584.045,959.534,322.231
355,52.12,52.11,52.1,52.09,52.08,52.07,52.06,52.05,52.04,52.03,52.13,52.14,52.15,52.16,52.17,52.18,52.19,52.2,52.21,52.22,50.198,61.071,177.287,100.052,360.3,320.875,564.381,225.8,503.049,255.751,14.355,186.323,566.524,479.454,995.409,810.151,428.28,584.045,959.534,322.231
356,52.14,52.13,52.12,52.11,52.1,52.09,52.08,52.07,52.06,52.05,52.15,52.16,52.17,52.18,52.19,52.2,52.21,52.22,52.23,52.24,32.903,26.422,112.306,311.54,304.791,234.444,248.985,356.387,506.589,172.274,377.387,300.443,546.176,547.335,451.801,661.772,975.501,293.903,507.428,257.038
357,52.14,52.13,52.12,52.11,52.1,52.09,52.08,52.07,52.06,52.05,52.15,52.16,52.17,52.18,52.19,52.2,52.21,52.22,52.23,52.24,129.712,63.992,154.545,279.461,290.214,234.433,248.985,356.387,501.972,172.274,269.479,373.247,530.333,491.07,395.544,683.161,1024.997,365.191,491.506,252.353
