timestamp,bid_price_0,bid_price_1,bid_price_2,bid_price_3,bid_price_4,bid_price_5,bid_price_6,bid_price_7,bid_price_8,bid_price_9,ask_price_0,ask_price_1,ask_price_2,ask_price_3,ask_price_4,ask_price_5,ask_price_6,ask_price_7,ask_price_8,ask_price_9,bid_size_0,bid_size_1,bid_size_2,bid_size_3,bid_size_4,bid_size_5,bid_size_6,bid_size_7,bid_size_8,bid_size_9,ask_size_0,ask_size_1,ask_size_2,ask_size_3,ask_size_4,ask_size_5,ask_size_6,ask_size_7,ask_size_8,ask_size_9
0,52.15,52.14,52.13,52.12,52.11,52.1,52.09,52.08,52.07,52.06,52.16,52.17,52.18,52.19,52.2,52.21,52.22,52.23,52.24,52.25,128.383,240.179,354.498,183.233,262.203,830.196,253.887,345.828,384.807,525.158,104.921,257.607,430.372,464.701,700.117,460.709,605.408,659.605,456.571,547.358
1,52.15,52.14,52.13,52.12,52.11,52.1,52.09,52.08,52.07,52.06,52.16,52.17,52.18,52.19,52.2,52.21,52.22,52.23,52.24,52.25,227.952,174.867,143.564,200.823,329.002,723.587,252.489,354.661,388.514,525.158,181.113,255.832,400.073,464.073,768.773,543.813,753.515,723.631,448.66,334.038
2,52.17,52.16,52.15,52.14,52.13,52.12,52.11,52.1,52.09,52.08,52.18,52.19,52.2,52.21,52.22,52.23,52.24,52.25,52.26,52.27,139.688,216.891,323.24,351.286,345.9,284.067,388.264,801.878,204.507,345.828,489.829,460.266,597.054,382.354,759.91,760.522,567.623,295.535,390.35,694.804
3,52.16,52.15,52.14,52.13,52.12,52.11,52.1,52.09,52.08,52.07,52.17,52.18,52.19,52.2,52.21,52.22,52.23,52.24,52.25,52.26,176.643,266.991,435.509,314.134,156.65,345.256,732.866,209.211,349.522,433.448,347.212,434.501,325.019,515.069,513.859,829.841,832.739,520.182,293.235,400.777
4,52.14,52.13,52.12,52.11,52.1,52.09,52.08,52.07,52.06,52.05,52.15,52.16,52.17,52.18,52.19,52.2,52.21,52.22,52.23,52.24,169.154,260.475,193.678,365.395,732.705,166.731,382.006,473.271,529.364,207.682,347.834,483.405,360.663,594.199,390.812,476.805,487.08,635.085,756.938,517.782
5,52.14,52.13,52.12,52.11,52.1,52.09,52.08,52.07,52.06,52.05,52.15,52.16,52.17,52.18,52.19,52.2,52.21,52.22,52.23,52.24,158.139,234.588,186.189,306.365,792.21,166.636,382.842,468.753,532.264,209.982,148.046,474.526,405.121,517.293,427.103,474.201,408.494,637.878,804.547,476.802
6,52.14,52.13,52.12,52.11,52.1,52.09,52.08,52.07,52.06,52.05,52.15,52.16,52.17,52.18,52.19,52.2,52.21,52.22,52.23,52.24,146.918,247.74,212.1,318.882,734.623,224.308,382.842,468.753,532.264,210.582,134.693,555.953,398.455,557.671,350.351,429.203,447.089,707.766,767.046,433.199
7,52.11,52.1,52.09,52.08,52.07,52.06,52.05,52.04,52.03,52.02,52.12,52.13,52.14,52.15,52.16,52.17,52.18,52.19,52.2,52.21,0.946,49.353,155.584,225.4,457.474,542.196,173.678,209.233,347.884,583.954,510.401,539.933,627.068,481.53,598.146,493.707,759.404,793.227,341.726,292.509
8,52.04,52.03,52.02,52.01,52,51.99,51.98,51.97,51.96,51.95,52.05,52.06,52.07,52.08,52.09,52.1,52.11,52.12,52.13,52.14,157.352,239.926,252.693,1142.709,3810.522,180.664,264.093,310.294,313.527,683.576,213.693,969.817,487.939,522.302,411.972,564.721,684.316,571,613.024,413.909
9,52.01,52,51.99,51.98,51.97,51.96,51.95,51.94,51.93,51.92,52.02,52.03,52.04,52.05,52.06,52.07,52.08,52.09,52.1,52.11,133.403,3680.952,261.192,261.814,294.571,285.252,676.855,350.207,270.31,404.808,196.005,1065.098,456.157,471.214,338.644,705.736,722.246,526.733,368.144,584.699
10,51.96,51.95,51.94,51.93,51.92,51.91,51.9,51.89,51.88,51.87,51.97,51.98,51.99,52,52.01,52.02,52.03,52.04,52.05,52.06,199.825,209.039,169.345,333.251,379.015,338.779,279.461,475.441,335.091,586.041,318.825,287.492,427.235,387.857,415.415,445.618,960.778,552.15,418.332,167.74
11,51.96,51.95,51.94,51.93,51.92,51.91,51.9,51.89,51.88,51.87,51.97,51.98,51.99,52,52.01,52.02,52.03,52.04,52.05,52.06,359.512,251.054,309.182,284.909,143.194,387.625,468.982,570.467,291.268,521.698,29,113.319,418.644,173.8,488.159,379.593,921.322,637.022,422.949,169.023
12,51.96,51.95,51.94,51.93,51.92,51.91,51.9,51.89,51.88,51.87,51.97,51.98,51.99,52,52.01,52.02,52.03,52.04,52.05,52.06,246.475,227.01,298.584,289.022,145.118,487.279,474.299,512.981,291.268,510.849,475.621,223.128,472.363,381.841,433.434,415.777,954.527,618.116,422.494,125.393
13,51.99,51.98,51.97,51.96,51.95,51.94,51.93,51.92,51.91,51.9,52,52.01,52.02,52.03,52.04,52.05,52.06,52.07,52.08,52.09,190.301,243.75,578.926,362.871,360.536,568.703,335.025,341.601,420.16,429.428,113.671,57.865,228.631,491.854,543.245,798.564,766.824,605.26,373.232,280.588
14,52.06,52.05,52.04,52.03,52.02,52.01,52,51.99,51.98,51.97,52.07,52.08,52.09,52.1,52.11,52.12,52.13,52.14,52.15,52.16,202.061,273.416,388.65,289.536,264.824,313.885,397.891,622.673,640.243,218.186,223.377,95.12,324.544,684.904,629.632,743.324,548.296,529.251,559.173,572.414
15,52.05,52.04,52.03,52.02,52.01,52,51.99,51.98,51.97,51.96,52.06,52.07,52.08,52.09,52.1,52.11,52.12,52.13,52.14,52.15,209.122,225.073,354.508,257.091,221.707,274.165,617.317,623.894,256.668,358.299,151.722,313.973,590.042,306.145,754.702,703.121,683.138,393.497,561.804,604.01
16,52.03,52.02,52.01,52,51.99,51.98,51.97,51.96,51.95,51.94,52.04,52.05,52.06,52.07,52.08,52.09,52.1,52.11,52.12,52.13,154.738,117.107,297.354,426.562,633.828,583.514,259.668,358.299,364.739,571.855,126.306,314.635,680.056,409.455,522.392,421.328,918.986,730.77,521.331,294.516
17,52.12,52.11,52.1,52.09,52.08,52.07,52.06,52.05,52.04,52.03,52.13,52.14,52.15,52.16,52.17,52.18,52.19,52.2,52.21,52.22,95.023,389.926,448.769,316.022,344.262,242.211,205.502,419.986,382.166,758.786,135.189,352.457,336.948,717.796,591.025,566.458,777.083,457.658,277.585,435.682
18,52.03,52.02,52.01,52,51.99,51.98,51.97,51.96,51.95,51.94,52.04,52.05,52.06,52.07,52.08,52.09,52.1,52.11,52.12,52.13,134.414,169.211,239.744,242.596,503.705,663.795,174.972,473.484,408.775,570.549,160.453,203.532,374.851,371.843,555.469,608.708,509.093,691.098,351.401,337.124
19,52.02,52.01,52,51.99,51.98,51.97,51.96,51.95,51.94,51.93,52.03,52.04,52.05,52.06,52.07,52.08,52.09,52.1,52.11,52.12,164.237,49.483,202.696,381.598,501.182,174.956,387.679,408.775,565.549,351.445,253.903,931.161,324.96,449.61,731.565,613.578,389.611,596.707,660.741,351.401
20,52.04,52.03,52.02,52.01,52,51.99,51.98,51.97,51.96,51.95,52.05,52.06,52.07,52.08,52.09,52.1,52.11,52.12,52.13,52.14,160.754,294.35,521.954,116.333,228.713,473.391,337.497,174.874,419.665,466.417,160.991,743.353,401.951,559.104,499.657,593.742,638.53,351.401,444.425,536.403
21,52.09,52.08,52.07,52.06,52.05,52.04,52.03,52.02,52.01,52,52.1,52.11,52.12,52.13,52.14,52.15,52.16,52.17,52.18,52.19,166.934,280.645,305.712,417.509,434.965,319.974,736.706,433.447,147.544,203.786,133.609,174.504,349.611,366.83,657.274,639.3,628.195,424.287,508.89,671.282
22,52.11,52.1,52.09,52.08,52.07,52.06,52.05,52.04,52.03,52.02,52.12,52.13,52.14,52.15,52.16,52.17,52.18,52.19,52.2,52.21,426.813,162.562,363.289,382,143.898,237.593,442.437,408.805,689.32,320.306,12.836,427.945,986.641,766.29,750.738,467.287,448.249,639.777,368.965,380.313
23,52.12,52.11,52.1,52.09,52.08,52.07,52.06,52.05,52.04,52.03,52.13,52.14,52.15,52.16,52.17,52.18,52.19,52.2,52.21,52.22,130.39,238.332,315.349,242.884,392.109,226.946,257.454,368.18,437.755,639.022,202.391,788.094,279.314,389.843,469.433,821.593,658.226,499.03,344.516,523.696
24,52.19,52.18,52.17,52.16,52.15,52.14,52.13,52.12,52.11,52.1,52.2,52.21,52.22,52.23,52.24,52.25,52.26,52.27,52.28,52.29,185.125,232.066,241.216,306.635,212.164,181.063,242.242,473.999,645.806,153.386,116.123,470.348,270.86,301.371,708.329,756.021,831.009,217.228,657.864,578.241
25,52.2,52.19,52.18,52.17,52.16,52.15,52.14,52.13,52.12,52.11,52.21,52.22,52.23,52.24,52.25,52.26,52.27,52.28,52.29,52.3,137.263,244.742,305.874,178.324,232.032,460.096,147.577,267.322,519.765,647.954,132.255,419.014,297.083,551.904,926.479,803.79,187.602,613.309,520.754,425.222
26,52.2,52.19,52.18,52.17,52.16,52.15,52.14,52.13,52.12,52.11,52.21,52.22,52.23,52.24,52.25,52.26,52.27,52.28,52.29,52.3,123.478,182.923,207.737,236.756,258.498,347.711,150.301,229.278,464.925,666,383.739,307.706,475.757,385.952,825.166,657.289,305.337,738.833,653.461,460.228
27,52.15,52.14,52.13,52.12,52.11,52.1,52.09,52.08,52.07,52.06,52.16,52.17,52.18,52.19,52.2,52.21,52.22,52.23,52.24,52.25,149.899,121.79,231.341,552.324,83.22,140.164,162.297,452.282,669.543,277.324,118.983,321.012,628.204,418.761,864.28,514.553,301.138,455.642,404.985,738.477
28,52.15,52.14,52.13,52.12,52.11,52.1,52.09,52.08,52.07,52.06,52.16,52.17,52.18,52.19,52.2,52.21,52.22,52.23,52.24,52.25,196.519,256.188,298.334,235.271,353.516,133.493,176.942,541.379,666.897,237.673,143.596,449.425,556.488,356.245,666.664,474.734,274.972,447.756,435.581,602.483
29,52.15,52.14,52.13,52.12,52.11,52.1,52.09,52.08,52.07,52.06,52.16,52.17,52.18,52.19,52.2,52.21,52.22,52.23,52.24,52.25,220.679,256.259,304.462,277.979,359.647,169.689,168.213,538.879,625.487,235.573,175.092,460.933,428.532,434.849,696.893,479.306,382.151,426.91,504.688,602.757
30,52.17,52.16,52.15,52.14,52.13,52.12,52.11,52.1,52.09,52.08,52.18,52.19,52.2,52.21,52.22,52.23,52.24,52.25,52.26,52.27,165.854,283.815,402.999,327.308,260.677,196.595,333.863,204.287,243.231,596.377,119.492,267.126,263.749,782.046,293.208,514.983,695.72,602.757,501.886,222.569
31,52.16,52.15,52.14,52.13,52.12,52.11,52.1,52.09,52.08,52.07,52.17,52.18,52.19,52.2,52.21,52.22,52.23,52.24,52.25,52.26,261.293,456.425,381.844,329.83,318.927,414.251,330.783,170.913,449.798,783.998,2.87,260.415,475.509,140.292,343.752,292.873,514.898,690.353,621.445,537.664
32,52.16,52.15,52.14,52.13,52.12,52.11,52.1,52.09,52.08,52.07,52.17,52.18,52.19,52.2,52.21,52.22,52.23,52.24,52.25,52.26,91.513,315.256,424.268,335.575,364.848,408.947,328.383,168.213,449.798,779.652,156.395,412.287,269.041,130.69,331.42,317.878,657.863,781.551,576.809,504.676
33,52.14,52.13,52.12,52.11,52.1,52.09,52.08,52.07,52.06,52.05,52.15,52.16,52.17,52.18,52.19,52.2,52.21,52.22,52.23,52.24,192.138,205.719,227.711,405.681,285.22,195.015,497.705,717.608,303.406,333.255,169.895,325.07,455.571,495.589,623.713,498.798,723.43,257.607,448.26,506.572
34,52.13,52.12,52.11,52.1,52.09,52.08,52.07,52.06,52.05,52.04,52.14,52.15,52.16,52.17,52.18,52.19,52.2,52.21,52.22,52.23,80.61,132.47,448.518,420.187,138.61,458.716,717.608,303.406,333.255,417.896,180.062,633.874,454.329,1064.631,620.582,702.611,350.103,718.866,255.507,432.658
35,52.14,52.13,52.12,52.11,52.1,52.09,52.08,52.07,52.06,52.05,52.15,52.16,52.17,52.18,52.19,52.2,52.21,52.22,52.23,52.24,283.976,259.827,283.017,419.694,262.293,138.514,544.589,715.308,255.976,333.255,119.082,472.805,697.743,527.296,681.721,392.452,680.551,255.507,399.712,450.877
36,52.13,52.12,52.11,52.1,52.09,52.08,52.07,52.06,52.05,52.04,52.14,52.15,52.16,52.17,52.18,52.19,52.2,52.21,52.22,52.23,32.52,139.659,457.548,341.819,138.31,516.303,715.308,303.445,333.255,417.896,293.296,596.221,534.256,1054.077,580.7,694.586,371.414,706.699,271.357,525.109
37,52.1,52.09,52.08,52.07,52.06,52.05,52.04,52.03,52.02,52.01,52.11,52.12,52.13,52.14,52.15,52.16,52.17,52.18,52.19,52.2,110.186,57.532,138.014,175.909,343.062,338.398,337.358,718.731,505.055,251.971,407.865,348.872,586.072,400.944,576.463,667.479,1030.388,416.676,641.886,380.115
38,52.06,52.05,52.04,52.03,52.02,52.01,52,51.99,51.98,51.97,52.07,52.08,52.09,52.1,52.11,52.12,52.13,52.14,52.15,52.16,142.649,92.612,202.53,371.429,414.863,141.216,361.222,563.4,775.08,240.574,151.238,530.696,517.79,520.569,320.578,854.72,498.836,341.602,387.861,377.558
39,52.05,52.04,52.03,52.02,52.01,52,51.99,51.98,51.97,51.96,52.06,52.07,52.08,52.09,52.1,52.11,52.12,52.13,52.14,52.15,329.396,108.617,289.956,375.947,137.806,278.917,579.252,676.426,222.193,529.637,146.866,284.231,548.658,537.33,551.674,218.026,710.434,532.592,322.606,375.581
40,52.02,52.01,52,51.99,51.98,51.97,51.96,51.95,51.94,51.93,52.03,52.04,52.05,52.06,52.07,52.08,52.09,52.1,52.11,52.12,197.996,172.96,333.251,525.306,215.741,204.89,405.747,458.203,564.126,202.08,168.901,239.817,169.092,328.559,387.517,1043.946,517.65,424.512,101.52,590.935
41,51.95,51.94,51.93,51.92,51.91,51.9,51.89,51.88,51.87,51.86,51.96,51.97,51.98,51.99,52,52.01,52.02,52.03,52.04,52.05,234.387,111.507,134.76,252.012,359.435,142.494,294.478,636.915,468.133,363.398,294.09,531.329,462.013,436.95,456.402,487.159,383.861,715.242,557.485,207.599
42,51.93,51.92,51.91,51.9,51.89,51.88,51.87,51.86,51.85,51.84,51.94,51.95,51.96,51.97,51.98,51.99,52,52.01,52.02,52.03,152.906,61.432,152.825,193.251,323.555,173.718,267.8,370.664,208.607,222.436,201.287,328.901,912.998,371.708,534.298,661.05,432.144,344.997,133.939,842.632
43,51.95,51.94,51.93,51.92,51.91,51.9,51.89,51.88,51.87,51.86,51.96,51.97,51.98,51.99,52,52.01,52.02,52.03,52.04,52.05,225.707,264.035,315.535,353.846,389.191,274.835,398.053,660.355,320.818,444.506,196.327,158.634,453.839,700.353,468.945,316.943,132.968,793.807,492.224,130.214
44,51.96,51.95,51.94,51.93,51.92,51.91,51.9,51.89,51.88,51.87,51.97,51.98,51.99,52,52.01,52.02,52.03,52.04,52.05,52.06,281.26,268.378,384.068,393.424,334.279,265.268,195.319,438.345,628.196,317.818,192.84,336.433,458.095,731.37,418.102,237.508,810.769,446.502,46.977,379.718
45,51.95,51.94,51.93,51.92,51.91,51.9,51.89,51.88,51.87,51.86,51.96,51.97,51.98,51.99,52,52.01,52.02,52.03,52.04,52.05,153.548,287.933,401.696,518.201,163.661,280.151,435.545,625.496,272.268,419.022,188.104,449.741,363.275,431.18,514.266,515.274,337.831,1057.359,319.944,85.412
46,51.91,51.9,51.89,51.88,51.87,51.86,51.85,51.84,51.83,51.82,51.92,51.93,51.94,51.95,51.96,51.97,51.98,51.99,52,52.01,161.311,136.042,400.9,393.613,384.549,373.576,100.735,123.745,501.439,723.236,185.355,570.01,519.531,520.748,331.627,338.62,295.694,971.727,499.06,562.133
47,51.93,51.92,51.91,51.9,51.89,51.88,51.87,51.86,51.85,51.84,51.94,51.95,51.96,51.97,51.98,51.99,52,52.01,52.02,52.03,275.38,262.35,286.411,406.602,318.079,233.399,310.221,372.617,149.211,126.745,166.946,397.157,170.291,406.883,513.653,890.818,547.96,530.307,311.241,948.17
48,51.93,51.92,51.91,51.9,51.89,51.88,51.87,51.86,51.85,51.84,51.94,51.95,51.96,51.97,51.98,51.99,52,52.01,52.02,52.03,287.375,263.459,329.155,427.441,330.457,266.688,364.487,554.426,241.043,298.931,163.153,457.75,292.159,359.301,461.09,1100.575,659.17,422.053,245.026,860.306
49,51.9,51.89,51.88,51.87,51.86,51.85,51.84,51.83,51.82,51.81,51.91,51.92,51.93,51.94,51.95,51.96,51.97,51.98,51.99,52,147.364,95.201,261.856,518.736,183.97,115.143,351.167,503.367,544.897,204.271,163.902,320.335,478.965,479.103,927.621,344.731,308.665,260.177,979.789,558.834
50,51.88,51.87,51.86,51.85,51.84,51.83,51.82,51.81,51.8,51.79,51.89,51.9,51.91,51.92,51.93,51.94,51.95,51.96,51.97,51.98,240.3,260.963,271.729,275.248,333.412,423.939,532.763,130.667,265.706,557.463,158.348,336.277,400.139,181.889,518.454,480.007,759.255,348.834,306.78,251.065
51,51.89,51.88,51.87,51.86,51.85,51.84,51.83,51.82,51.81,51.8,51.9,51.91,51.92,51.93,51.94,51.95,51.96,51.97,51.98,51.99,147.912,220.175,285.956,213.541,319.222,350.307,481.693,551.945,137.148,252.903,93.079,371.542,205.802,429.864,502.553,909.66,362.786,275.699,256.048,803.938
52,51.89,51.88,51.87,51.86,51.85,51.84,51.83,51.82,51.81,51.8,51.9,51.91,51.92,51.93,51.94,51.95,51.96,51.97,51.98,51.99,210.26,249.651,304.971,187.586,237.462,298.134,476.051,560.442,216.059,252.358,286.326,576.004,203.868,370.976,455.473,951.572,169.395,299.139,356.624,875.03
53,51.86,51.85,51.84,51.83,51.82,51.81,51.8,51.79,51.78,51.77,51.87,51.88,51.89,51.9,51.91,51.92,51.93,51.94,51.95,51.96,290.55,54.436,380.69,258.061,124.921,97.818,157.929,564.121,168.656,514.517,122.932,351.681,518.95,190.588,335.602,139.757,512.856,365.494,943.322,132.3
54,51.85,51.84,51.83,51.82,51.81,51.8,51.79,51.78,51.77,51.76,51.86,51.87,51.88,51.89,51.9,51.91,51.92,51.93,51.94,51.95,305.797,261.23,345.624,305.561,129.559,399.352,463.13,335.23,467.994,201,138.566,452.982,524.817,372.017,517.784,763.507,149.391,603.765,264.925,880.713
55,51.78,51.77,51.76,51.75,51.74,51.73,51.72,51.71,51.7,51.69,51.79,51.8,51.81,51.82,51.83,51.84,51.85,51.86,51.87,51.88,284.505,137.094,343.449,392.301,257.808,146.256,459.972,606.055,240.629,420.744,136.968,472.935,569.518,520.009,918.324,236.574,419.376,338.448,708.714,323.913
56,51.73,51.72,51.71,51.7,51.69,51.68,51.67,51.66,51.65,51.64,51.74,51.75,51.76,51.77,51.78,51.79,51.8,51.81,51.82,51.83,149.87,95.003,116.062,205.826,304.648,91.507,182.242,437.879,580.324,486.099,183.627,761.013,516.702,573.167,391.391,537.402,364.347,810.659,430.264,303.965
57,51.69,51.68,51.67,51.66,51.65,51.64,51.63,51.62,51.61,51.6,51.7,51.71,51.72,51.73,51.74,51.75,51.76,51.77,51.78,51.79,176.386,237.665,285.355,175.446,272.08,349.465,135.352,237.71,309.936,563.597,360.093,467.201,187.769,551.861,448.306,531.454,256.528,767.777,242.116,577.13
58,51.73,51.72,51.71,51.7,51.69,51.68,51.67,51.66,51.65,51.64,51.74,51.75,51.76,51.77,51.78,51.79,51.8,51.81,51.82,51.83,149.34,240.538,381.328,341.72,151.131,293.099,748.13,249.297,350.823,516.093,494.506,449.335,308.107,342.93,386.19,429.299,487.232,663.803,390.333,332.948
59,51.68,51.67,51.66,51.65,51.64,51.63,51.62,51.61,51.6,51.59,51.69,51.7,51.71,51.72,51.73,51.74,51.75,51.76,51.77,51.78,167.876,241.146,167.935,257.46,293.259,192.895,180.365,309.94,558.979,545.619,274.278,550.175,245.825,262.968,410.16,502.31,516.867,274.204,723.503,325.048
60,51.72,51.71,51.7,51.69,51.68,51.67,51.66,51.65,51.64,51.63,51.73,51.74,51.75,51.76,51.77,51.78,51.79,51.8,51.81,51.82,178.794,258.522,436.499,405.019,402.082,424.754,220.912,289.844,474.524,663.573,254.38,187.66,413.297,625.96,742.154,310.95,456.009,309.445,703.456,422.231
61,51.74,51.73,51.72,51.71,51.7,51.69,51.68,51.67,51.66,51.65,51.75,51.76,51.77,51.78,51.79,51.8,51.81,51.82,51.83,51.84,167.148,282.664,410.874,372.322,525.902,266.85,513.398,741.664,332.364,281.625,663.248,577.788,406.299,383.936,614.326,504.564,752.577,269.852,434.81,297.543
62,51.71,51.7,51.69,51.68,51.67,51.66,51.65,51.64,51.63,51.62,51.72,51.73,51.74,51.75,51.76,51.77,51.78,51.79,51.8,51.81,284.228,503.358,371.382,451.948,704.051,244.864,286.242,435.792,529.196,242.563,23.591,305.357,546.003,430.634,507.269,670.755,385.619,662.008,430.824,735.693
63,51.7,51.69,51.68,51.67,51.66,51.65,51.64,51.63,51.62,51.61,51.71,51.72,51.73,51.74,51.75,51.76,51.77,51.78,51.79,51.8,151.058,160.831,307.225,438.752,247.384,246.871,443.109,531.493,217.595,319.711,559.447,451.276,405.03,735.109,480.389,296.352,625.63,386.196,611.032,397.645
64,51.67,51.66,51.65,51.64,51.63,51.62,51.61,51.6,51.59,51.58,51.68,51.69,51.7,51.71,51.72,51.73,51.74,51.75,51.76,51.77,113.821,91.127,250.094,546.854,652.428,187.758,321.911,552.069,519.295,208.903,258.836,280.222,544.852,472.991,466.724,454.242,668.714,497.11,194.77,697.884
65,51.63,51.62,51.61,51.6,51.59,51.58,51.57,51.56,51.55,51.54,51.64,51.65,51.66,51.67,51.68,51.69,51.7,51.71,51.72,51.73,150.606,99.611,203.697,468.96,286.937,258.592,555.829,209.947,527.593,467.63,362.808,417.982,496.931,424.99,523.09,839.34,766.85,145.421,328.69,581.43
66,51.63,51.62,51.61,51.6,51.59,51.58,51.57,51.56,51.55,51.54,51.64,51.65,51.66,51.67,51.68,51.69,51.7,51.71,51.72,51.73,139.609,227.341,378.076,346.247,220.233,559.003,585.897,277.477,419.646,386.961,156.802,153.463,421.377,282.263,475.341,809.231,790.255,86.127,328.69,588.929
67,51.63,51.62,51.61,51.6,51.59,51.58,51.57,51.56,51.55,51.54,51.64,51.65,51.66,51.67,51.68,51.69,51.7,51.71,51.72,51.73,220.642,325.861,552.867,373.378,210.999,601.261,551.558,239.012,371.721,386.961,153.483,131.926,370.208,322.307,544.237,638.311,602.725,126.318,362.038,582.61
68,51.68,51.67,51.66,51.65,51.64,51.63,51.62,51.61,51.6,51.59,51.69,51.7,51.71,51.72,51.73,51.74,51.75,51.76,51.77,51.78,197.727,260.991,398.029,353.658,465.931,247.608,367.232,768.392,229.55,272.573,189.856,274.261,248.393,578.52,875.01,511.333,161.661,413.143,803.091,442.681
69,51.7,51.69,51.68,51.67,51.66,51.65,51.64,51.63,51.62,51.61,51.71,51.72,51.73,51.74,51.75,51.76,51.77,51.78,51.79,51.8,175.407,298.088,460.281,601.09,376.601,219.002,369.194,234.102,402.086,807.231,240.914,334.333,337.974,607.778,322.43,339.998,877.026,514.842,535.777,246.932
70,51.71,51.7,51.69,51.68,51.67,51.66,51.65,51.64,51.63,51.62,51.72,51.73,51.74,51.75,51.76,51.77,51.78,51.79,51.8,51.81,330.736,261.582,207.348,267.976,397.767,445.889,618.048,322.633,232.385,378.007,1.46,454.883,311.672,501.408,473.334,1122.8,452.95,607.956,281.58,887.276
71,51.71,51.7,51.69,51.68,51.67,51.66,51.65,51.64,51.63,51.62,51.72,51.73,51.74,51.75,51.76,51.77,51.78,51.79,51.8,51.81,291.943,258.427,207.258,277.051,353.769,484.526,665.903,324.61,232.385,383.007,131.727,672.839,390.602,621.756,910.422,773.484,373.839,562.966,196.736,887.276
72,51.72,51.71,51.7,51.69,51.68,51.67,51.66,51.65,51.64,51.63,51.73,51.74,51.75,51.76,51.77,51.78,51.79,51.8,51.81,51.82,174.705,330.839,585.71,169.246,196.46,415.784,474.796,618.348,325.11,227.768,172.071,321.817,458.889,508.696,562.121,320.392,581.755,244.641,887.276,306.321
73,51.72,51.71,51.7,51.69,51.68,51.67,51.66,51.65,51.64,51.63,51.73,51.74,51.75,51.76,51.77,51.78,51.79,51.8,51.81,51.82,69.92,124.985,184.764,344.141,254.773,446.428,355.463,611.027,318.107,243.93,215.891,331.106,550.337,387.363,736.851,890.937,373.512,370.116,646.014,533.048
74,51.7,51.69,51.68,51.67,51.66,51.65,51.64,51.63,51.62,51.61,51.71,51.72,51.73,51.74,51.75,51.76,51.77,51.78,51.79,51.8,269.348,359.755,576.459,305.511,135.932,265.21,374.248,244.854,416.988,747.459,140.695,300.147,417.343,694.402,513.889,276.464,639.362,879.61,366.275,234.964
75,51.68,51.67,51.66,51.65,51.64,51.63,51.62,51.61,51.6,51.59,51.69,51.7,51.71,51.72,51.73,51.74,51.75,51.76,51.77,51.78,339.231,239.221,214.008,346.898,402.936,235.617,421.705,745.159,138.362,182.286,134.806,320.441,426.972,434.949,737.106,723.116,456.836,244.236,449.089,872.612
76,51.64,51.63,51.62,51.61,51.6,51.59,51.58,51.57,51.56,51.55,51.65,51.66,51.67,51.68,51.69,51.7,51.71,51.72,51.73,51.74,265.932,285.087,249.013,349.032,318.774,236.253,677.268,523.732,249.872,430.656,211.388,310.856,422.873,397.381,833.314,718.711,284.015,226.847,632.202,717.672
77,51.66,51.65,51.64,51.63,51.62,51.61,51.6,51.59,51.58,51.57,51.67,51.68,51.69,51.7,51.71,51.72,51.73,51.74,51.75,51.76,240.79,406.503,437.749,308.323,248.31,324.099,293.349,275.543,673.15,521.632,180.169,165.261,400.945,706.534,454.677,317.07,785.921,715.622,313.295,128.007
78,51.72,51.71,51.7,51.69,51.68,51.67,51.66,51.65,51.64,51.63,51.73,51.74,51.75,51.76,51.77,51.78,51.79,51.8,51.81,51.82,159.412,260.687,426.597,335.578,372.744,584.272,576.598,599.959,398.577,160.276,181.896,564.89,290.193,300.574,620.852,795.455,389.571,546.461,697.154,536.957
79,51.78,51.77,51.76,51.75,51.74,51.73,51.72,51.71,51.7,51.69,51.79,51.8,51.81,51.82,51.83,51.84,51.85,51.86,51.87,51.88,151.026,292.825,463.795,629.694,467.748,174.202,295.86,339.968,490.926,489.544,259.975,543.304,415.001,472.883,1188.955,411.244,541.153,491.843,827.423,189.264
80,51.78,51.77,51.76,51.75,51.74,51.73,51.72,51.71,51.7,51.69,51.79,51.8,51.81,51.82,51.83,51.84,51.85,51.86,51.87,51.88,148.97,277.573,448.867,669.034,121.948,106.966,294.647,306.259,423.217,480.31,504.639,372.342,391.507,589.543,939.825,430.368,712.971,435.945,887.865,282.449
81,51.74,51.73,51.72,51.71,51.7,51.69,51.68,51.67,51.66,51.65,51.75,51.76,51.77,51.78,51.79,51.8,51.81,51.82,51.83,51.84,178.828,140.929,236.386,221.47,589.876,571.997,235.867,408.712,408.79,502.515,145.786,755.915,312.687,353.65,306.631,358.299,705.919,728.477,922.48,210.391
82,51.76,51.75,51.74,51.73,51.72,51.71,51.7,51.69,51.68,51.67,51.77,51.78,51.79,51.8,51.81,51.82,51.83,51.84,51.85,51.86,261.352,494.417,322.793,296.263,192.047,230.273,625.29,643.36,284.267,317.581,204.058,272.965,135.293,260.005,772.116,541.279,942.95,308.433,581.591,340.935
83,51.75,51.74,51.73,51.72,51.71,51.7,51.69,51.68,51.67,51.66,51.76,51.77,51.78,51.79,51.8,51.81,51.82,51.83,51.84,51.85,199.973,196.326,233.038,248.975,239.309,447.149,161.687,237.825,370.025,412.152,429.492,617.276,304.643,229.218,432.319,834.617,682.887,935.8,169.764,512.018
84,51.8,51.79,51.78,51.77,51.76,51.75,51.74,51.73,51.72,51.71,51.81,51.82,51.83,51.84,51.85,51.86,51.87,51.88,51.89,51.9,160.121,316.857,640.417,417.72,610.018,539.983,334.398,429.158,259.628,289.531,481.21,283.557,549.574,406.332,704.788,478.14,778.706,349.189,405.236,303.831
85,51.78,51.77,51.76,51.75,51.74,51.73,51.72,51.71,51.7,51.69,51.79,51.8,51.81,51.82,51.83,51.84,51.85,51.86,51.87,51.88,177.953,422.748,472.177,360.874,269.358,309.483,210.163,358.385,475.342,601.262,636.581,205.089,375.429,453.618,1246.564,524.137,596.97,263.835,690.573,267.368
86,51.79,51.78,51.77,51.76,51.75,51.74,51.73,51.72,51.71,51.7,51.8,51.81,51.82,51.83,51.84,51.85,51.86,51.87,51.88,51.89,234.921,334,532.359,380.712,228.644,262.826,455.233,247.323,306.872,432.698,137.604,311.407,314.622,1037.774,522.971,626.236,371.383,800.269,300.374,405.235
87,51.82,51.81,51.8,51.79,51.78,51.77,51.76,51.75,51.74,51.73,51.83,51.84,51.85,51.86,51.87,51.88,51.89,51.9,51.91,51.92,178,276.065,505.317,419.243,561.63,422.352,243.062,293.658,381.731,777.287,538.619,260.689,597.274,654.318,927.74,489.546,336.393,293.443,756.004,401.793
88,51.81,51.8,51.79,51.78,51.77,51.76,51.75,51.74,51.73,51.72,51.82,51.83,51.84,51.85,51.86,51.87,51.88,51.89,51.9,51.91,190.663,294.973,458.116,563.219,364.637,276.061,291.633,379.331,760.568,188.043,184.031,649.163,257.631,587.452,718.402,924.512,490.915,307.876,271.943,756.004
89,51.84,51.83,51.82,51.81,51.8,51.79,51.78,51.77,51.76,51.75,51.85,51.86,51.87,51.88,51.89,51.9,51.91,51.92,51.93,51.94,160.286,299.631,452.06,515.535,458.206,459.918,538.349,207.171,207.47,250.283,721.795,259.447,597.59,571.321,370.305,552.168,807.742,468.467,293.803,468.24
90,51.81,51.8,51.79,51.78,51.77,51.76,51.75,51.74,51.73,51.72,51.82,51.83,51.84,51.85,51.86,51.87,51.88,51.89,51.9,51.91,240.295,269.729,418.019,555.595,159.504,208.966,250.283,374.827,650.998,235.878,173.165,464.258,300.431,335.672,489.38,1335.956,576.512,456.15,332.224,545.235
91,51.82,51.81,51.8,51.79,51.78,51.77,51.76,51.75,51.74,51.73,51.83,51.84,51.85,51.86,51.87,51.88,51.89,51.9,51.91,51.92,231.279,244.332,425.719,545.273,303.766,136.982,345.328,291.832,427.219,650.998,570.764,325.814,331.853,525.529,1469.478,521.594,406.633,285.783,545.235,433.137
92,51.79,51.78,51.77,51.76,51.75,51.74,51.73,51.72,51.71,51.7,51.8,51.81,51.82,51.83,51.84,51.85,51.86,51.87,51.88,51.89,214.148,245.725,226.271,408.999,254.997,426.181,686.985,165.683,281.989,429.338,211.589,595.832,287.547,504.106,217.622,551.147,488.242,1115.743,573.844,455.095
93,51.78,51.77,51.76,51.75,51.74,51.73,51.72,51.71,51.7,51.69,51.79,51.8,51.81,51.82,51.83,51.84,51.85,51.86,51.87,51.88,175.298,170.176,397.53,223.75,411.772,735.673,205.759,286.606,430.273,584.403,133.398,484.495,545.089,432.653,550.543,245.241,476.184,469.621,1059.572,513.019
94,51.76,51.75,51.74,51.73,51.72,51.71,51.7,51.69,51.68,51.67,51.77,51.78,51.79,51.8,51.81,51.82,51.83,51.84,51.85,51.86,249.782,125.443,270.247,397.226,170.176,336.926,524.038,547.836,337.316,495.569,134.166,686.531,271.757,341.041,510.091,809.899,570.993,264.586,419.327,214.406
95,51.8,51.79,51.78,51.77,51.76,51.75,51.74,51.73,51.72,51.71,51.81,51.82,51.83,51.84,51.85,51.86,51.87,51.88,51.89,51.9,181.949,287.177,431.043,328.133,564.212,371.124,648.364,338.289,249.069,329.809,146.459,146.868,316.256,374.63,594.331,467.492,1065.099,528.927,391.829,347.195
96,51.79,51.78,51.77,51.76,51.75,51.74,51.73,51.72,51.71,51.7,51.8,51.81,51.82,51.83,51.84,51.85,51.86,51.87,51.88,51.89,157.195,227.466,412.168,604.812,376.879,652.298,322.236,220.574,243.311,468.022,671.262,567.152,610.902,338.917,297.761,531.082,534.176,1148.272,446.718,356.412
97,51.77,51.76,51.75,51.74,51.73,51.72,51.71,51.7,51.69,51.68,51.78,51.79,51.8,51.81,51.82,51.83,51.84,51.85,51.86,51.87,242.366,185.022,258.461,475.054,291.258,221.526,335.46,472.18,547.617,381.814,186.655,502.389,360.342,475.583,638.415,431.329,262.619,567.224,367.146,1054.413
98,51.81,51.8,51.79,51.78,51.77,51.76,51.75,51.74,51.73,51.72,51.82,51.83,51.84,51.85,51.86,51.87,51.88,51.89,51.9,51.91,304.471,376.639,535.418,357.014,451.596,484.205,313.275,410.312,701.438,165.162,137.368,254.785,215.497,454.799,590.911,1120.804,453.163,436.449,371.176,576.772
99,51.82,51.81,51.8,51.79,51.78,51.77,51.76,51.75,51.74,51.73,51.83,51.84,51.85,51.86,51.87,51.88,51.89,51.9,51.91,51.92,162.261,249.842,457.057,528.08,519.013,750.109,545.258,297.429,357.803,701.438,174.648,202.08,485.368,539.424,624.112,461.408,367.341,350.975,644.888,411.164
100,51.8,51.79,51.78,51.77,51.76,51.75,51.74,51.73,51.72,51.71,51.81,51.82,51.83,51.84,51.85,51.86,51.87,51.88,51.89,51.9,100.081,210.723,358.86,437.528,569.561,260.357,359.918,709.414,165.162,243.128,520.695,498.995,552.75,358.385,680.892,545.744,1076.703,584.188,259.578,319.121
101,51.81,51.8,51.79,51.78,51.77,51.76,51.75,51.74,51.73,51.72,51.82,51.83,51.84,51.85,51.86,51.87,51.88,51.89,51.9,51.91,158.754,265.969,320.55,351.614,387.433,524.791,299.543,406.96,709.414,165.162,575.056,483.809,337.8,622.975,568.765,1041.615,603.323,333.934,346.938,650.538
102,51.8,51.79,51.78,51.77,51.76,51.75,51.74,51.73,51.72,51.71,51.81,51.82,51.83,51.84,51.85,51.86,51.87,51.88,51.89,51.9,218.552,279.311,435.002,445.387,468.977,298.821,410.294,704.797,165.162,243.128,274.38,703.815,491.551,377.06,565.075,487.366,800.847,445.706,551.018,451.901
103,51.8,51.79,51.78,51.77,51.76,51.75,51.74,51.73,51.72,51.71,51.81,51.82,51.83,51.84,51.85,51.86,51.87,51.88,51.89,51.9,245.796,281.717,415.626,462.117,465.141,260.273,411.683,704.797,165.162,243.128,196.737,346.736,142.119,415.46,860.328,396.547,832.559,386.745,590.026,404.131
104,51.81,51.8,51.79,51.78,51.77,51.76,51.75,51.74,51.73,51.72,51.82,51.83,51.84,51.85,51.86,51.87,51.88,51.89,51.9,51.91,233.092,278.06,588.258,407.78,771.977,478.848,356.79,410.195,701.438,165.162,176.118,237.331,307.803,626.927,505.306,803.518,387.087,579.305,404.131,578.79
105,51.83,51.82,51.81,51.8,51.79,51.78,51.77,51.76,51.75,51.74,51.84,51.85,51.86,51.87,51.88,51.89,51.9,51.91,51.92,51.93,469.112,308.708,481.867,295.206,667.679,430.776,830.962,381.352,266.268,319.146,4.065,295.067,324.867,670.423,506.069,608.966,449.533,597.123,294.254,249.184
106,51.83,51.82,51.81,51.8,51.79,51.78,51.77,51.76,51.75,51.74,51.84,51.85,51.86,51.87,51.88,51.89,51.9,51.91,51.92,51.93,156.486,264.482,365.118,297.588,584.894,488.804,834.194,381.352,266.268,319.146,582.472,320.18,315.223,676.489,522.275,667.785,527.297,645.838,294.254,243.566
107,51.82,51.81,51.8,51.79,51.78,51.77,51.76,51.75,51.74,51.73,51.83,51.84,51.85,51.86,51.87,51.88,51.89,51.9,51.91,51.92,248.094,248.17,353.421,642.828,392.046,832.094,381.352,269.626,319.146,662.773,138.166,585.483,339.072,332.58,732.154,499.829,624.709,556.791,550.697,294.254
108,51.87,51.86,51.85,51.84,51.83,51.82,51.81,51.8,51.79,51.78,51.88,51.89,51.9,51.91,51.92,51.93,51.94,51.95,51.96,51.97,234.508,404.661,506.159,403.771,512.339,557.422,640.621,215.938,492.137,297.34,135.275,193.101,507.33,553.575,569.367,329.331,376.792,318.468,581.495,633.552
109,51.87,51.86,51.85,51.84,51.83,51.82,51.81,51.8,51.79,51.78,51.88,51.89,51.9,51.91,51.92,51.93,51.94,51.95,51.96,51.97,241.893,378.997,451.34,301.337,350.55,519.615,602.413,215.938,423.752,264.76,258.945,713.406,424.03,206.932,733.937,734.697,579.998,255.482,593.658,563.255
110,51.85,51.84,51.83,51.82,51.81,51.8,51.79,51.78,51.77,51.76,51.86,51.87,51.88,51.89,51.9,51.91,51.92,51.93,51.94,51.95,146.377,123.097,292.729,527.702,618.338,177.423,456.882,297.34,587.548,266.27,663.609,444.86,252.118,339.315,371.418,298.872,728.997,1017.908,622.043,208.582
111,51.87,51.86,51.85,51.84,51.83,51.82,51.81,51.8,51.79,51.78,51.88,51.89,51.9,51.91,51.92,51.93,51.94,51.95,51.96,51.97,158.584,244.015,334.145,289.257,280.705,460.674,609.366,215.939,504.612,254.097,577.567,285.499,129.8,362.685,741.736,1094.957,600.785,207.948,593.337,601.42
112,51.89,51.88,51.87,51.86,51.85,51.84,51.83,51.82,51.81,51.8,51.9,51.91,51.92,51.93,51.94,51.95,51.96,51.97,51.98,51.99,210.733,243.843,378.985,442.494,473.072,234.705,391.14,485.451,583.255,37.128,841.581,129.965,527.683,737.382,641.621,377.873,585.712,559.206,321.719,175.147
113,51.91,51.9,51.89,51.88,51.87,51.86,51.85,51.84,51.83,51.82,51.92,51.93,51.94,51.95,51.96,51.97,51.98,51.99,52,52.01,229.729,255.179,441.039,627.605,460.937,795.629,477.955,246.232,361.745,398.946,119.649,172.701,534.852,524.324,779.944,609.42,393.811,241.559,319.584,166.832
114,51.94,51.93,51.92,51.91,51.9,51.89,51.88,51.87,51.86,51.85,51.95,51.96,51.97,51.98,51.99,52,52.01,52.02,52.03,52.04,155.606,368.749,605.653,1327.028,391.567,254.05,437.72,383.373,678.72,293.737,600.395,403.025,617.807,660.57,311.609,327.578,217.693,464.144,731.513,425.125
115,51.95,51.94,51.93,51.92,51.91,51.9,51.89,51.88,51.87,51.86,51.96,51.97,51.98,51.99,52,52.01,52.02,52.03,52.04,52.05,185.574,223.892,610.257,1079.36,1165.124,193.492,174.21,399.653,390.49,556.077,339.581,605.851,117.545,291.25,747.193,536.034,465.935,828.788,472.327,273.718
116,51.94,51.93,51.92,51.91,51.9,51.89,51.88,51.87,51.86,51.85,51.95,51.96,51.97,51.98,51.99,52,52.01,52.02,52.03,52.04,219.649,362.787,690.097,1130.09,232.252,226.716,390.244,349.429,594.643,304.711,255.395,361.067,663.226,499.384,620.679,512.418,442.153,457.17,922.905,533.567
117,51.93,51.92,51.91,51.9,51.89,51.88,51.87,51.86,51.85,51.84,51.94,51.95,51.96,51.97,51.98,51.99,52,52.01,52.02,52.03,348.562,341.565,1229.866,181.766,179.809,344.686,389.372,691.865,282.218,194.363,188.35,295.261,479.947,335.231,649.921,657.843,379.628,447.285,413.602,921.338
118,51.96,51.95,51.94,51.93,51.92,51.91,51.9,51.89,51.88,51.87,51.97,51.98,51.99,52,52.01,52.02,52.03,52.04,52.05,52.06,191.277,236.423,400.202,547.209,996.594,1098.593,206.746,218.304,383.24,344.812,541.347,328.438,386.95,497.142,596.71,581.43,902.798,572.4,119.764,332.665
119,51.99,51.98,51.97,51.96,51.95,51.94,51.93,51.92,51.91,51.9,52,52.01,52.02,52.03,52.04,52.05,52.06,52.07,52.08,52.09,165.197,140.457,393.114,372.044,480.185,275.72,391.237,1195.093,1100.357,180.748,92.047,232.966,539.864,666.963,628.024,269.869,334.605,154.748,478.336,641.598
120,52.02,52.01,52,51.99,51.98,51.97,51.96,51.95,51.94,51.93,52.03,52.04,52.05,52.06,52.07,52.08,52.09,52.1,52.11,52.12,243.556,197.014,264.826,346.555,281.559,226.704,722.098,335.941,186.215,291.498,114.882,342.274,384.069,598.786,688.189,699.39,678.379,422.829,339.871,529.161
121,52.06,52.05,52.04,52.03,52.02,52.01,52,51.99,51.98,51.97,52.07,52.08,52.09,52.1,52.11,52.12,52.13,52.14,52.15,52.16,164.979,225.312,320.713,192.664,196.685,430.565,766.812,275.185,276.974,185.608,215.893,411.235,397.633,657.198,480.183,391.652,236.298,589.114,678.131,630.19
122,52.04,52.03,52.02,52.01,52,51.99,51.98,51.97,51.96,51.95,52.05,52.06,52.07,52.08,52.09,52.1,52.11,52.12,52.13,52.14,130.287,176.72,157.289,217.016,139.824,252.18,362.455,286.618,772.06,273.842,352.993,571.759,300.702,517.743,981.703,958.977,559.726,334.685,113.716,395.852
123,52.02,52.01,52,51.99,51.98,51.97,51.96,51.95,51.94,51.93,52.03,52.04,52.05,52.06,52.07,52.08,52.09,52.1,52.11,52.12,215.743,234.132,292.085,239.128,339.743,237.918,775.461,314.843,172.93,304.6,225.936,663.579,403.801,521.363,276.993,609.749,727.765,875.158,535.031,367.746
124,52,51.99,51.98,51.97,51.96,51.95,51.94,51.93,51.92,51.91,52.01,52.02,52.03,52.04,52.05,52.06,52.07,52.08,52.09,52.1,228.305,94.058,175.148,369.93,584.866,357.998,173.029,304.6,1170.139,1088.764,143.047,758.814,453.288,548.685,795.076,603.995,135.717,393.925,685.546,767.507
125,52.02,52.01,52,51.99,51.98,51.97,51.96,51.95,51.94,51.93,52.03,52.04,52.05,52.06,52.07,52.08,52.09,52.1,52.11,52.12,179.409,180.181,251.239,183.412,330.105,255.443,731.003,422.296,172.93,304.6,607.068,232.295,389.333,481.769,244.583,594.882,922.58,662.51,405.131,340.518
126,52.04,52.03,52.02,52.01,52,51.99,51.98,51.97,51.96,51.95,52.05,52.06,52.07,52.08,52.09,52.1,52.11,52.12,52.13,52.14,175.914,249.219,413.353,295.703,200.803,155.523,371.109,276.022,729.51,321.408,254.392,417.343,285.881,681.104,963.492,607.34,270.816,373.595,198.145,503.96
127,52.02,52.01,52,51.99,51.98,51.97,51.96,51.95,51.94,51.93,52.03,52.04,52.05,52.06,52.07,52.08,52.09,52.1,52.11,52.12,130.375,195.912,267.796,209.063,380.736,237.641,764.247,328.052,172.93,304.6,366.138,513.032,404.001,514.325,225.859,587.803,799.984,640.733,309.204,373.595
128,52.02,52.01,52,51.99,51.98,51.97,51.96,51.95,51.94,51.93,52.03,52.04,52.05,52.06,52.07,52.08,52.09,52.1,52.11,52.12,189.145,303.401,261.585,135.435,320.534,244.868,754.843,427.085,172.93,304.6,444.805,440.681,323.783,544.771,265.237,418.353,658.222,655.509,354.367,513.125
129,52,51.99,51.98,51.97,51.96,51.95,51.94,51.93,51.92,51.91,52.01,52.02,52.03,52.04,52.05,52.06,52.07,52.08,52.09,52.1,120.512,271.375,333.5,146.382,290.558,340.726,229.604,350.631,1122.998,1039.664,291.308,595.675,300.742,413.349,703.338,709.394,234.086,367.971,580.98,676.09
130,52.01,52,51.99,51.98,51.97,51.96,51.95,51.94,51.93,51.92,52.02,52.03,52.04,52.05,52.06,52.07,52.08,52.09,52.1,52.11,123.725,209.507,358.28,391.473,267.155,711.477,320.292,242.934,352.195,1084.477,249.371,460.326,452.131,428.402,719.241,160.495,386.482,575.398,637.688,463.112
131,51.97,51.96,51.95,51.94,51.93,51.92,51.91,51.9,51.89,51.88,51.98,51.99,52,52.01,52.02,52.03,52.04,52.05,52.06,52.07,1.561,96.559,262.107,332.636,361.526,1185.715,1123.131,163.568,236.145,470.718,228.295,438.775,568.44,739.627,535.761,295.093,386.206,712.277,749.588,331.402
132,51.94,51.93,51.92,51.91,51.9,51.89,51.88,51.87,51.86,51.85,51.95,51.96,51.97,51.98,51.99,52,52.01,52.02,52.03,52.04,269.948,129.145,597.165,1087.212,223.617,147.515,493.911,272.88,618.94,319.778,76.878,332.89,436.008,448.565,321.457,366.452,1191.575,549.651,153.123,273.608
133,51.96,51.95,51.94,51.93,51.92,51.91,51.9,51.89,51.88,51.87,51.97,51.98,51.99,52,52.01,52.02,52.03,52.04,52.05,52.06,43.11,241.644,281.545,211.967,609.24,1153.158,283.142,306.039,422.358,229.705,546.189,514.811,370.117,433.859,1076.893,544.382,229.059,274.241,651.523,579.373
134,51.96,51.95,51.94,51.93,51.92,51.91,51.9,51.89,51.88,51.87,51.97,51.98,51.99,52,52.01,52.02,52.03,52.04,52.05,52.06,199.801,233.255,372.652,472.877,1094.812,1073.154,246.018,300.015,422.358,229.705,133.095,558.734,526.46,371.065,506.016,462.161,276.289,459.048,874.527,473.929
135,51.95,51.94,51.93,51.92,51.91,51.9,51.89,51.88,51.87,51.86,51.96,51.97,51.98,51.99,52,52.01,52.02,52.03,52.04,52.05,268.369,235.217,278.049,569.06,1097.658,303.899,301.415,434.053,268.264,555.17,125.274,500.09,530.788,445.578,728.534,508.002,519.25,228.653,450.548,800.148
136,51.93,51.92,51.91,51.9,51.89,51.88,51.87,51.86,51.85,51.84,51.94,51.95,51.96,51.97,51.98,51.99,52,52.01,52.02,52.03,174.943,373.507,1100.251,127.758,148.405,457.284,277.086,604.741,319.26,279.178,217.783,449.147,513.357,292.987,534.323,425.835,708.03,580.333,537.538,175.091
137,51.95,51.94,51.93,51.92,51.91,51.9,51.89,51.88,51.87,51.86,51.96,51.97,51.98,51.99,52,52.01,52.02,52.03,52.04,52.05,304.37,203.559,319.757,553.43,1128.434,166.511,149.795,485.505,275.681,557.095,304.708,373.279,581.555,462.133,717.059,660.229,439.988,139.73,405.455,702.929
138,51.98,51.97,51.96,51.95,51.94,51.93,51.92,51.91,51.9,51.89,51.99,52,52.01,52.02,52.03,52.04,52.05,52.06,52.07,52.08,153.075,193.835,332.165,335.815,452.492,364.592,1022.266,1158.626,229.406,261.492,165.949,480.474,534.549,411.44,212.134,316.607,750.906,553.329,172.908,438.539
139,52,51.99,51.98,51.97,51.96,51.95,51.94,51.93,51.92,51.91,52.01,52.02,52.03,52.04,52.05,52.06,52.07,52.08,52.09,52.1,235.924,202.438,122.027,168.424,354.212,235.905,440.876,394.217,1018.378,1128.08,235.044,416.26,289.988,525.375,778.114,617.408,253.973,355.864,571.658,472.449
140,51.98,51.97,51.96,51.95,51.94,51.93,51.92,51.91,51.9,51.89,51.99,52,52.01,52.02,52.03,52.04,52.05,52.06,52.07,52.08,138.621,101.975,380.818,384.493,411.787,351.526,981.268,1140.87,335.233,392.379,209.371,585.073,387.573,433.167,175.121,673.516,905.627,621.865,128.077,351.634
141,51.99,51.98,51.97,51.96,51.95,51.94,51.93,51.92,51.91,51.9,52,52.01,52.02,52.03,52.04,52.05,52.06,52.07,52.08,52.09,245.843,214.51,343.709,353.175,183.303,369.174,412.318,1026.591,1138.332,267.864,86.966,328.576,523.904,194.245,672.299,867.189,584.776,89.66,351.634,533.253
142,52,51.99,51.98,51.97,51.96,51.95,51.94,51.93,51.92,51.91,52.01,52.02,52.03,52.04,52.05,52.06,52.07,52.08,52.09,52.1,120.077,197.683,313.635,353.182,291.847,178.363,439.34,459.194,1025.176,1090.728,402.789,395.954,384.217,602.343,844.651,581.068,165.584,454.907,718.323,403.101
143,51.98,51.97,51.96,51.95,51.94,51.93,51.92,51.91,51.9,51.89,51.99,52,52.01,52.02,52.03,52.04,52.05,52.06,52.07,52.08,289.231,207.754,169.67,262.84,343.967,430.916,1063.857,1142.959,267.864,390.45,201.886,292.901,324.07,444.132,145.326,693.345,994.948,445.591,198.288,454.949
144,51.99,51.98,51.97,51.96,51.95,51.94,51.93,51.92,51.91,51.9,52,52.01,52.02,52.03,52.04,52.05,52.06,52.07,52.08,52.09,262.28,230.159,253.374,238.109,174.247,428.593,411.668,1063.857,1138.342,267.864,131.084,337.525,514.708,178.971,638.107,955.68,503.531,165.175,421.836,718.323
145,52,51.99,51.98,51.97,51.96,51.95,51.94,51.93,51.92,51.91,52.01,52.02,52.03,52.04,52.05,52.06,52.07,52.08,52.09,52.1,152.076,222.357,282.522,293.293,405.662,221.865,349.889,459.197,1061.184,1090.728,275.518,449.374,315.662,601.644,953.232,466.503,322.825,318.563,462.926,397.838
146,52,51.99,51.98,51.97,51.96,51.95,51.94,51.93,51.92,51.91,52.01,52.02,52.03,52.04,52.05,52.06,52.07,52.08,52.09,52.1,145.291,220.702,285.211,325.412,387.019,222.886,387.766,459.197,1061.184,1090.728,254.766,598.657,293.94,620.963,936.61,408.772,360.418,318.563,462.926,397.838
147,52.01,52,51.99,51.98,51.97,51.96,51.95,51.94,51.93,51.92,52.02,52.03,52.04,52.05,52.06,52.07,52.08,52.09,52.1,52.11,110.809,209.49,317.85,336.575,353.461,350.999,170.532,387.546,453.178,1147.328,266.303,302.2,474.219,893.091,556.206,318.537,351.628,501.331,397.779,287.371
148,51.99,51.98,51.97,51.96,51.95,51.94,51.93,51.92,51.91,51.9,52,52.01,52.02,52.03,52.04,52.05,52.06,52.07,52.08,52.09,116.798,196.871,317.478,367.257,250.725,287.525,511.994,1005.881,1086.327,267.864,519.77,347.859,371.746,190.246,496.816,819.019,574.71,425.019,331.71,567.996
149,51.94,51.93,51.92,51.91,51.9,51.89,51.88,51.87,51.86,51.85,51.95,51.96,51.97,51.98,51.99,52,52.01,52.02,52.03,52.04,144.884,128.748,627.748,1147.207,345.465,263.465,321.757,338.794,574.583,430.236,221.631,547.128,368.725,383.153,333.046,793.778,676.21,611.028,294.853,333.73
150,51.97,51.96,51.95,51.94,51.93,51.92,51.91,51.9,51.89,51.88,51.98,51.99,52,52.01,52.02,52.03,52.04,52.05,52.06,52.07,219.08,206.225,350.228,284.652,434.988,1116.436,1101.662,332.197,188.976,469.944,224.222,446.898,807.269,139.26,488.499,260.164,281.027,597.646,413.959,323.279
151,52.03,52.02,52.01,52,51.99,51.98,51.97,51.96,51.95,51.94,52.04,52.05,52.06,52.07,52.08,52.09,52.1,52.11,52.12,52.13,153.155,413.13,517.029,398.634,278.254,637.408,584.978,457.815,206.225,373.018,572.989,147.157,511.593,389.729,558.224,553.709,411.992,376.997,368.996,236.397
152,52.01,52,51.99,51.98,51.97,51.96,51.95,51.94,51.93,51.92,52.02,52.03,52.04,52.05,52.06,52.07,52.08,52.09,52.1,52.11,99.99,381.528,403.506,417.012,200.113,395.09,209.545,373.018,262.498,1079.785,220.958,147.735,302.164,155.728,643.244,467.743,574.093,513.823,448.784,376.997
153,52.02,52.01,52,51.99,51.98,51.97,51.96,51.95,51.94,51.93,52.03,52.04,52.05,52.06,52.07,52.08,52.09,52.1,52.11,52.12,288.958,240.066,396.844,136.381,449.422,308.687,370.371,185.084,382.104,301.012,121.113,336.294,323.264,267.54,727.158,791.98,176.802,520.749,611.029,502.898
154,52.01,52,51.99,51.98,51.97,51.96,51.95,51.94,51.93,51.92,52.02,52.03,52.04,52.05,52.06,52.07,52.08,52.09,52.1,52.11,131.35,93.209,241.613,432.344,251.153,344.703,146.583,420.612,301.012,1079.884,168.269,397.164,460.824,241.559,441.551,742.285,866.092,214.37,461.589,608.819
155,52.01,52,51.99,51.98,51.97,51.96,51.95,51.94,51.93,51.92,52.02,52.03,52.04,52.05,52.06,52.07,52.08,52.09,52.1,52.11,115.543,86.29,243.629,436.535,385.851,404.62,187.382,422.812,301.012,1081.884,189.747,410.1,628.192,273.707,369.158,709.354,864.5,292.391,461.589,608.819
156,52,51.99,51.98,51.97,51.96,51.95,51.94,51.93,51.92,51.91,52.01,52.02,52.03,52.04,52.05,52.06,52.07,52.08,52.09,52.1,135.041,177.962,436.986,374.596,335.817,245.314,424.287,305.629,1081.884,1221.82,177.075,441.312,551.992,535.452,305.799,424.828,639.312,741.086,339.455,517.654
157,52.01,52,51.99,51.98,51.97,51.96,51.95,51.94,51.93,51.92,52.02,52.03,52.04,52.05,52.06,52.07,52.08,52.09,52.1,52.11,93.467,157.728,261.286,525.524,235.909,306.935,187.486,424.188,305.629,1079.884,156.834,435.931,531.849,214.234,482.858,639.312,702.164,337.957,588.169,636.054
158,51.99,51.98,51.97,51.96,51.95,51.94,51.93,51.92,51.91,51.9,52,52.01,52.02,52.03,52.04,52.05,52.06,52.07,52.08,52.09,0.202,269.582,186.049,341.091,374.469,449.508,339.064,1111.749,1187.139,185.89,118.402,273.567,379.434,401.617,277.18,190.493,464.324,663.79,821.289,230.212
159,51.98,51.97,51.96,51.95,51.94,51.93,51.92,51.91,51.9,51.89,51.99,52,52.01,52.02,52.03,52.04,52.05,52.06,52.07,52.08,95.251,317.491,124.014,156.587,369.997,423.737,1135.282,1133.326,159.279,201.059,135.41,189.178,292.579,379.287,391.342,306.501,190.807,525.274,666.862,770.383
160,51.93,51.92,51.91,51.9,51.89,51.88,51.87,51.86,51.85,51.84,51.94,51.95,51.96,51.97,51.98,51.99,52,52.01,52.02,52.03,115.4,354.217,1131.692,202.252,262.356,425.121,324.326,551.561,462.225,418.086,276.325,260.126,386.197,625.267,750.639,575.881,599.032,439.605,643.744,323.511
161,51.89,51.88,51.87,51.86,51.85,51.84,51.83,51.82,51.81,51.8,51.9,51.91,51.92,51.93,51.94,51.95,51.96,51.97,51.98,51.99,137.037,72.406,122.165,296.923,509.466,292.868,217.555,428.227,730.983,345.704,137.807,566.376,513.997,311.402,742.257,728.681,350.403,298.621,637.856,492.752
162,51.95,51.94,51.93,51.92,51.91,51.9,51.89,51.88,51.87,51.86,51.96,51.97,51.98,51.99,52,52.01,52.02,52.03,52.04,52.05,156.679,331.737,240.384,440.607,492.128,165.736,363.922,315.009,222.15,346.338,168.199,116.312,261.408,541.748,444.774,451.4,641.906,367.282,137.54,385.359
163,51.96,51.95,51.94,51.93,51.92,51.91,51.9,51.89,51.88,51.87,51.97,51.98,51.99,52,52.01,52.02,52.03,52.04,52.05,52.06,156.5,307.136,631.351,120.687,258.834,341.119,291.565,709.176,273.456,135.93,152.303,311.73,439.562,343.334,579.902,947.146,542.256,126.091,261.517,563.072
164,51.93,51.92,51.91,51.9,51.89,51.88,51.87,51.86,51.85,51.84,51.94,51.95,51.96,51.97,51.98,51.99,52,52.01,52.02,52.03,123.315,152.42,318.208,188.917,490.059,282.93,195.98,429.197,737.37,300.702,169.244,370.413,578.656,359.246,610.636,536.986,160.903,686.158,1022.665,610.016
165,51.93,51.92,51.91,51.9,51.89,51.88,51.87,51.86,51.85,51.84,51.94,51.95,51.96,51.97,51.98,51.99,52,52.01,52.02,52.03,263.944,331.702,513.262,355.764,257.644,405.086,207.928,429.198,731.02,262.122,128.85,260.294,549.724,326.343,578.106,363.281,156.778,655.28,921.489,481.972
166,51.94,51.93,51.92,51.91,51.9,51.89,51.88,51.87,51.86,51.85,51.95,51.96,51.97,51.98,51.99,52,52.01,52.02,52.03,52.04,12.352,241.937,379.076,410.663,386.825,685.654,378.761,228.091,342.985,731.02,219.041,267.566,371.968,207.013,469.942,257.941,591.958,1029.657,476.324,222.314
167,51.98,51.97,51.96,51.95,51.94,51.93,51.92,51.91,51.9,51.89,51.99,52,52.01,52.02,52.03,52.04,52.05,52.06,52.07,52.08,163.802,437.067,319.328,390.927,348.527,192.355,166.569,346.291,338.285,677.437,121.925,225.468,550.644,429.736,734.283,121.804,172.865,480.452,667.336,385.636
168,52.01,52,51.99,51.98,51.97,51.96,51.95,51.94,51.93,51.92,52.02,52.03,52.04,52.05,52.06,52.07,52.08,52.09,52.1,52.11,189.529,375.597,244.409,239.165,359.54,152.782,410.875,454.978,549.291,130.262,144.931,151.563,432.577,397.451,690.863,909.909,233.936,202.372,590.666,557.337
169,52,51.99,51.98,51.97,51.96,51.95,51.94,51.93,51.92,51.91,52.01,52.02,52.03,52.04,52.05,52.06,52.07,52.08,52.09,52.1,212.378,1772.448,309.589,173.502,186.817,246.101,610.386,564.241,177.772,385.767,188.885,228.716,237.798,450.998,499.999,789.761,878.881,299.222,222.537,591.126
170,51.99,51.98,51.97,51.96,51.95,51.94,51.93,51.92,51.91,51.9,52,52.01,52.02,52.03,52.04,52.05,52.06,52.07,52.08,52.09,11.995,131.682,346.494,344.475,302.427,658.075,548.472,127.568,347.236,299.746,207.131,331.656,674.648,600.886,377.518,444.772,696.274,868.296,299.222,228.179
171,51.99,51.98,51.97,51.96,51.95,51.94,51.93,51.92,51.91,51.9,52,52.01,52.02,52.03,52.04,52.05,52.06,52.07,52.08,52.09,134.167,76.89,325.468,240.152,485.651,630.348,563.283,175.166,365.131,439.789,123.832,330.953,666.863,603.686,396.75,414.326,719.462,817.45,371.102,299.853
172,51.97,51.96,51.95,51.94,51.93,51.92,51.91,51.9,51.89,51.88,51.98,51.99,52,52.01,52.02,52.03,52.04,52.05,52.06,52.07,111.249,97.738,201.246,503.532,245.56,187.311,343.891,299.746,758.3,582.603,403.544,821.929,464.624,264.758,604.38,487.123,464.341,274.656,636.781,855.336
173,51.94,51.93,51.92,51.91,51.9,51.89,51.88,51.87,51.86,51.85,51.95,51.96,51.97,51.98,51.99,52,52.01,52.02,52.03,52.04,280.561,59.151,238.091,494.332,361.811,801.642,358.05,149.119,331.221,903.672,497.432,218.77,368.017,590.981,314.554,366.909,320.389,582.484,687.032,499.586
174,51.99,51.98,51.97,51.96,51.95,51.94,51.93,51.92,51.91,51.9,52,52.01,52.02,52.03,52.04,52.05,52.06,52.07,52.08,52.09,128.511,295.425,463.576,184.091,242.63,368.446,310.805,250.526,323.047,299.746,109.263,105.363,287.16,181.251,445.328,497.329,573.22,895.208,347.417,291.262
175,52.01,52,51.99,51.98,51.97,51.96,51.95,51.94,51.93,51.92,52.02,52.03,52.04,52.05,52.06,52.07,52.08,52.09,52.1,52.11,197.016,182.213,213.887,397.807,504.098,389.559,606.548,370.221,287.812,205.754,116.446,192.563,423.553,460.829,656.032,850.167,223.76,252.69,590.796,637.551
176,52.01,52,51.99,51.98,51.97,51.96,51.95,51.94,51.93,51.92,52.02,52.03,52.04,52.05,52.06,52.07,52.08,52.09,52.1,52.11,124.437,220.296,194.381,272.46,434.141,295.979,611.165,324.096,380.156,205.754,208.844,236.148,469.306,470.356,684.595,1013.468,223.76,247.059,590.629,637.093
177,52.02,52.01,52,51.99,51.98,51.97,51.96,51.95,51.94,51.93,52.03,52.04,52.05,52.06,52.07,52.08,52.09,52.1,52.11,52.12,333.401,165.143,207.565,245.84,248.567,528.841,396.983,602.532,416.44,294.035,4.14,13.695,195.008,472.902,385.37,469.984,332.582,397.25,569.464,380.588
178,52.06,52.05,52.04,52.03,52.02,52.01,52,51.99,51.98,51.97,52.07,52.08,52.09,52.1,52.11,52.12,52.13,52.14,52.15,52.16,21.51,198.073,345.003,359.433,335.416,378.222,483.134,606.234,217.243,491.379,382.347,283.385,263.91,503.104,916.188,768.447,370.346,275.594,485.15,486.351
179,52.08,52.07,52.06,52.05,52.04,52.03,52.02,52.01,52,51.99,52.09,52.1,52.11,52.12,52.13,52.14,52.15,52.16,52.17,52.18,107.597,173.658,274.001,298.816,334.405,469.138,191.306,366.541,468.031,559.384,177.787,394.565,456.806,652.057,409.415,294.984,437.581,410.958,424.592,544.344
180,52.09,52.08,52.07,52.06,52.05,52.04,52.03,52.02,52.01,52,52.1,52.11,52.12,52.13,52.14,52.15,52.16,52.17,52.18,52.19,145.346,179.167,381.114,501.583,287.329,267.208,469.138,238.724,377.552,468.578,108.764,296.18,602.228,337.215,407.843,489.866,619.635,358.343,493.395,197.427
181,52.06,52.05,52.04,52.03,52.02,52.01,52,51.99,51.98,51.97,52.07,52.08,52.09,52.1,52.11,52.12,52.13,52.14,52.15,52.16,149.115,267.442,211.105,124.266,292.48,383.03,417.103,524.515,321.407,546.323,158.024,344.935,389.448,613.232,674.368,452.145,476.461,676.59,613.469,373.953
182,52.07,52.06,52.05,52.04,52.03,52.02,52.01,52,51.99,51.98,52.08,52.09,52.1,52.11,52.12,52.13,52.14,52.15,52.16,52.17,56.171,171.09,227.268,281.248,357.643,229.489,359.214,457.08,524.515,375.275,260.746,270.895,650.191,533.184,459.484,342.285,753.521,757.903,449.274,395.756
183,52.09,52.08,52.07,52.06,52.05,52.04,52.03,52.02,52.01,52,52.1,52.11,52.12,52.13,52.14,52.15,52.16,52.17,52.18,52.19,149.443,200.878,230.401,318.236,349.394,492.292,202.168,247.088,350.698,415.716,201.663,184.829,490.978,324.248,680.342,657.653,341.658,433.851,513.425,187.569
184,52.06,52.05,52.04,52.03,52.02,52.01,52,51.99,51.98,51.97,52.07,52.08,52.09,52.1,52.11,52.12,52.13,52.14,52.15,52.16,169.443,225.493,280.232,382.791,305.238,317.408,417.099,546.431,328.309,652.704,211.779,589.583,433.536,418.906,614.936,396.355,465.266,715.986,597.889,371.267
185,52.08,52.07,52.06,52.05,52.04,52.03,52.02,52.01,52,51.99,52.09,52.1,52.11,52.12,52.13,52.14,52.15,52.16,52.17,52.18,101.274,169.066,254.464,294.108,263.154,364.769,295.951,350.698,501.699,546.431,97.228,478.714,271.925,377.445,370.549,773.66,599.4,371.267,431.008,583.52
186,52.08,52.07,52.06,52.05,52.04,52.03,52.02,52.01,52,51.99,52.09,52.1,52.11,52.12,52.13,52.14,52.15,52.16,52.17,52.18,134.634,164.912,231.532,277.996,451.58,304.865,274.198,399.634,454.178,509.318,343.868,305.889,223.212,416.824,446.015,721.43,622.652,430.344,427.155,475.074
187,52.04,52.03,52.02,52.01,52,51.99,51.98,51.97,51.96,51.95,52.05,52.06,52.07,52.08,52.09,52.1,52.11,52.12,52.13,52.14,198.463,93.125,115.422,357.396,506.849,540.293,311.876,515.051,312.121,653.766,4.686,193.843,412.025,393.498,119.174,391.088,614.116,548.004,446.571,529.59
188,51.99,51.98,51.97,51.96,51.95,51.94,51.93,51.92,51.91,51.9,52,52.01,52.02,52.03,52.04,52.05,52.06,52.07,52.08,52.09,184.451,171.85,362.453,339.835,584.845,316.128,312.667,322.589,369.194,337.69,133.99,229.346,385.067,259.266,425.381,508.582,387.099,651.367,663.127,225.333
189,51.98,51.97,51.96,51.95,51.94,51.93,51.92,51.91,51.9,51.89,51.99,52,52.01,52.02,52.03,52.04,52.05,52.06,52.07,52.08,117.4,113.222,159.327,213.404,360.373,308.808,236.532,294.543,385.992,784.203,139.451,301.024,595.71,210.254,301.513,450.742,321.744,336.235,683.269,726.801
190,51.95,51.94,51.93,51.92,51.91,51.9,51.89,51.88,51.87,51.86,51.96,51.97,51.98,51.99,52,52.01,52.02,52.03,52.04,52.05,205.741,114.072,106.082,215.836,547.367,376.551,708.793,340.543,230.536,343.103,29.69,199.853,426.354,433.368,218.282,409.208,217.733,880.182,562.96,245.221
191,51.96,51.95,51.94,51.93,51.92,51.91,51.9,51.89,51.88,51.87,51.97,51.98,51.99,52,52.01,52.02,52.03,52.04,52.05,52.06,126.347,199.158,247.525,121.282,383.257,427.434,369.895,659.132,349.638,221.014,175.698,351.725,452.398,90.873,399.953,243.842,899.52,524.077,245.221,281.525
192,51.93,51.92,51.91,51.9,51.89,51.88,51.87,51.86,51.85,51.84,51.94,51.95,51.96,51.97,51.98,51.99,52,52.01,52.02,52.03,109.944,196.644,331.209,331.453,685.481,308.001,268.656,352.966,912.897,199.45,134.069,311.158,446.717,344.009,283.589,491.148,231.824,405.256,301.053,1024.76
193,51.95,51.94,51.93,51.92,51.91,51.9,51.89,51.88,51.87,51.86,51.96,51.97,51.98,51.99,52,52.01,52.02,52.03,52.04,52.05,159.251,185.553,270.836,355.502,386.572,370.094,706.8,340.545,221.014,352.966,96.305,227.105,485.257,500.871,210.765,368.264,229.492,1063.306,280.483,279.09
194,51.97,51.96,51.95,51.94,51.93,51.92,51.91,51.9,51.89,51.88,51.98,51.99,52,52.01,52.02,52.03,52.04,52.05,52.06,52.07,154.416,210.191,261.149,488.964,264.923,219.52,339.914,371.408,705.389,317.785,213.066,474.883,387.486,441.481,283.319,1036.718,242.004,331.487,281.527,631.295
195,51.98,51.97,51.96,51.95,51.94,51.93,51.92,51.91,51.9,51.89,51.99,52,52.01,52.02,52.03,52.04,52.05,52.06,52.07,52.08,198.007,179.623,162.678,373.399,427.488,264.577,271.141,294.543,326.479,616.603,112.524,208.489,604.707,250.721,929.823,401.981,409.299,309.48,625.69,383.73
196,52.04,52.03,52.02,52.01,52,51.99,51.98,51.97,51.96,51.95,52.05,52.06,52.07,52.08,52.09,52.1,52.11,52.12,52.13,52.14,20.25,151.236,242.001,277.442,441.074,542.354,316.187,459.265,306.49,534.446,174.879,456.097,420.962,526.848,567.625,406.419,511.467,299.155,325.572,444.716
197,52,51.99,51.98,51.97,51.96,51.95,51.94,51.93,51.92,51.91,52.01,52.02,52.03,52.04,52.05,52.06,52.07,52.08,52.09,52.1,209.555,95.72,194.202,405.358,278.436,576.372,453.05,328.255,215.6,385.554,30.295,260.586,449.497,473.371,331.464,350.078,557.088,673.894,710.503,661.185
198,52.03,52.02,52.01,52,51.99,51.98,51.97,51.96,51.95,51.94,52.04,52.05,52.06,52.07,52.08,52.09,52.1,52.11,52.12,52.13,44.167,184.582,376.313,165.063,269.687,322.152,474.233,308.689,621.011,406.518,204.689,377.309,444.509,550.919,567.636,696.533,623.404,456.569,373.721,286.163
199,52.01,52,51.99,51.98,51.97,51.96,51.95,51.94,51.93,51.92,52.02,52.03,52.04,52.05,52.06,52.07,52.08,52.09,52.1,52.11,112.423,83.319,112.679,310.726,479.968,317.148,570.747,406.518,242.23,211.993,312.356,329.126,324.163,244.445,352.758,532.402,625.575,728.301,572.62,475.763
200,52.01,52,51.99,51.98,51.97,51.96,51.95,51.94,51.93,51.92,52.02,52.03,52.04,52.05,52.06,52.07,52.08,52.09,52.1,52.11,199.783,185.316,107.961,380.795,479.546,317.655,572.235,407.15,253.064,296.585,16.956,246.415,520.375,214.445,408.076,567.094,660.52,704.107,560.321,475.763
201,51.99,51.98,51.97,51.96,51.95,51.94,51.93,51.92,51.91,51.9,52,52.01,52.02,52.03,52.04,52.05,52.06,52.07,52.08,52.09,203.621,323.815,370.994,195.77,260.517,409.27,243.109,211.993,410.59,374.024,123.419,330.369,281.708,285.068,532.344,430.452,508.643,617.837,654.113,632.518
202,51.97,51.96,51.95,51.94,51.93,51.92,51.91,51.9,51.89,51.88,51.98,51.99,52,52.01,52.02,52.03,52.04,52.05,52.06,52.07,136.174,112.847,317.235,409.064,242.428,173.162,496.718,291.311,629.825,416.18,111.714,266.205,406.209,365.327,535.702,571.398,552.059,503.732,523.306,628.145
203,51.99,51.98,51.97,51.96,51.95,51.94,51.93,51.92,51.91,51.9,52,52.01,52.02,52.03,52.04,52.05,52.06,52.07,52.08,52.09,135.619,94.346,145.422,117.175,370.5,484.14,735.679,196.9,331.74,252.776,179.022,384.063,443.947,383.755,599.329,468.874,536.462,595.232,570.242,461.043
204,52,51.99,51.98,51.97,51.96,51.95,51.94,51.93,51.92,51.91,52.01,52.02,52.03,52.04,52.05,52.06,52.07,52.08,52.09,52.1,6.411,36.199,256.834,568.671,104.744,286.08,427.818,734.181,194.6,331.74,300.357,415.963,392.248,671.088,507.397,413.751,567.257,542.269,527.454,520.913
205,52.04,52.03,52.02,52.01,52,51.99,51.98,51.97,51.96,51.95,52.05,52.06,52.07,52.08,52.09,52.1,52.11,52.12,52.13,52.14,107.902,111.724,170.986,528.103,185.455,310.376,410.136,567.088,133.623,276.782,142.725,274.034,369.476,777.469,530.426,470.144,521.25,379.322,401.623,398.219
206,52.05,52.04,52.03,52.02,52.01,52,51.99,51.98,51.97,51.96,52.06,52.07,52.08,52.09,52.1,52.11,52.12,52.13,52.14,52.15,125.786,285.359,161.239,281.007,384.557,141.411,337.118,554.066,564.182,130.623,213.823,338.677,455.243,336.855,672.397,642.752,400.093,396.545,441.197,602.781
207,52.07,52.06,52.05,52.04,52.03,52.02,52.01,52,51.99,51.98,52.08,52.09,52.1,52.11,52.12,52.13,52.14,52.15,52.16,52.17,13.812,61.291,180.136,290.946,294.565,766.869,377.126,151.14,293.167,554.066,363.2,315.378,570.835,746.842,506.229,443.823,496.786,721.683,577.661,267.63
208,52.04,52.03,52.02,52.01,52,51.99,51.98,51.97,51.96,51.95,52.05,52.06,52.07,52.08,52.09,52.1,52.11,52.12,52.13,52.14,128.1,166.537,205.955,369.129,339.768,257.434,555.563,576.42,171.173,264.831,115.061,279.526,589.516,361.069,476.656,344.65,810.012,649.794,497.438,425.455
209,52.01,52,51.99,51.98,51.97,51.96,51.95,51.94,51.93,51.92,52.02,52.03,52.04,52.05,52.06,52.07,52.08,52.09,52.1,52.11,100.763,98.535,202.764,477.424,588.899,138.792,266.304,446.716,752.072,200.572,191.328,409.315,815.076,894.348,142.21,473.316,329.754,497.592,369.72,908.184
210,51.99,51.98,51.97,51.96,51.95,51.94,51.93,51.92,51.91,51.9,52,52.01,52.02,52.03,52.04,52.05,52.06,52.07,52.08,52.09,105.295,137.827,327.14,210.308,433.572,507.54,688.738,248.147,297.824,295.965,154.877,347.176,574.958,714.764,745.028,1090.074,161.576,896.278,211.073,372.621
211,51.97,51.96,51.95,51.94,51.93,51.92,51.91,51.9,51.89,51.88,51.98,51.99,52,52.01,52.02,52.03,52.04,52.05,52.06,52.07,108.55,90.057,171.605,377.849,457.224,273.214,297.623,298.66,586.161,513.465,208.428,332.274,558.019,354.071,544.222,597.966,775.323,876.643,150.294,921.606
212,51.95,51.94,51.93,51.92,51.91,51.9,51.89,51.88,51.87,51.86,51.96,51.97,51.98,51.99,52,52.01,52.02,52.03,52.04,52.05,177.193,339.55,335.902,277.639,442.622,387.316,544.985,302.962,357.976,555.309,113.647,212.58,358.708,315.832,558.872,375.981,466.981,599.16,746.424,796.477
213,51.95,51.94,51.93,51.92,51.91,51.9,51.89,51.88,51.87,51.86,51.96,51.97,51.98,51.99,52,52.01,52.02,52.03,52.04,52.05,113.749,154.593,172.416,250.479,592.008,529.497,544.985,302.962,300.245,601.702,128.383,262.355,382.372,424.173,568.111,423.159,733.446,857.185,612.193,796.207
214,51.95,51.94,51.93,51.92,51.91,51.9,51.89,51.88,51.87,51.86,51.96,51.97,51.98,51.99,52,52.01,52.02,52.03,52.04,52.05,42.87,165.995,125.025,265.966,588.734,470.437,547.014,302.33,300.245,601.702,211.382,384.475,650.869,832.02,581.062,482.33,523.746,826.474,612.076,939.934
215,51.98,51.97,51.96,51.95,51.94,51.93,51.92,51.91,51.9,51.89,51.99,52,52.01,52.02,52.03,52.04,52.05,52.06,52.07,52.08,233.229,189.887,171.44,307.464,283.03,158.956,170.3,470.171,461.241,544.985,126.052,463.186,533.079,680.669,902.028,723.635,906.645,189.977,739.267,187.486
216,52.02,52.01,52,51.99,51.98,51.97,51.96,51.95,51.94,51.93,52.03,52.04,52.05,52.06,52.07,52.08,52.09,52.1,52.11,52.12,205.475,229.76,356.792,179.821,333.401,363.814,229.752,354.717,450.976,590.532,82.937,408.216,866.789,427.542,793.117,313.016,390.33,404.951,764.363,681.108
217,52.05,52.04,52.03,52.02,52.01,52,51.99,51.98,51.97,51.96,52.06,52.07,52.08,52.09,52.1,52.11,52.12,52.13,52.14,52.15,11.414,150.626,318.898,272.191,434.467,336.233,422.522,592.13,339.693,180.903,238.091,522.6,447.604,189.467,454.949,940.733,790.352,643.152,395.235,593.677
218,52.04,52.03,52.02,52.01,52,51.99,51.98,51.97,51.96,51.95,52.05,52.06,52.07,52.08,52.09,52.1,52.11,52.12,52.13,52.14,48.732,383.049,215.172,369.921,380.904,441.823,595.123,341.614,180.903,329.615,294.541,477.758,648.788,345.447,181.494,502.677,1007.584,665.232,662.18,382.946
219,52.03,52.02,52.01,52,51.99,51.98,51.97,51.96,51.95,51.94,52.04,52.05,52.06,52.07,52.08,52.09,52.1,52.11,52.12,52.13,4.571,165.878,240.401,592.55,384.148,556.741,399.397,256.891,421.959,448.073,151.902,555.125,654.674,719.495,548.445,296.378,524.372,913.73,615.051,708.917
220,52.01,52,51.99,51.98,51.97,51.96,51.95,51.94,51.93,51.92,52.02,52.03,52.04,52.05,52.06,52.07,52.08,52.09,52.1,52.11,52.361,147.518,249.135,362.373,431.441,237.748,374.831,450.876,558.186,183.29,183.953,488.784,597.354,902.501,544.818,758.222,546.584,210.134,461.046,625.629
221,52.01,52,51.99,51.98,51.97,51.96,51.95,51.94,51.93,51.92,52.02,52.03,52.04,52.05,52.06,52.07,52.08,52.09,52.1,52.11,136.811,152.029,135.741,176.325,508.181,293.78,342.469,450.876,519.673,183.29,107.794,388.651,637.78,533.832,891.155,694.861,680.256,392.738,521.361,520.557
222,52.06,52.05,52.04,52.03,52.02,52.01,52,51.99,51.98,51.97,52.07,52.08,52.09,52.1,52.11,52.12,52.13,52.14,52.15,52.16,150.958,114.628,232.316,404.525,250.132,250.134,382.913,425.267,569.679,376.906,289.422,366.971,355.322,521.948,660.449,800.074,543.114,476.367,696.849,517.161
223,52.07,52.06,52.05,52.04,52.03,52.02,52.01,52,51.99,51.98,52.08,52.09,52.1,52.11,52.12,52.13,52.14,52.15,52.16,52.17,219.332,402.439,107.322,273.446,394.006,254.364,320.714,427.872,383.898,566.879,262.729,242.303,566.6,719.287,699.112,646.136,516.744,619.739,505.227,332.898
224,52.06,52.05,52.04,52.03,52.02,52.01,52,51.99,51.98,51.97,52.07,52.08,52.09,52.1,52.11,52.12,52.13,52.14,52.15,52.16,24.503,182.769,282.767,515.278,249.528,275.267,427.872,383.898,659.223,431.397,234.024,380.878,277.941,513.596,710.203,616.897,663.005,641.852,624.892,505.199
225,52.07,52.06,52.05,52.04,52.03,52.02,52.01,52,51.99,51.98,52.08,52.09,52.1,52.11,52.12,52.13,52.14,52.15,52.16,52.17,141.16,377.539,285.589,324.268,515.771,579.342,273.659,423.255,387.24,609.426,177.037,111.985,310.106,321.006,649.413,723.759,625.875,685.241,569.91,395.607
226,52.13,52.12,52.11,52.1,52.09,52.08,52.07,52.06,52.05,52.04,52.14,52.15,52.16,52.17,52.18,52.19,52.2,52.21,52.22,52.23,130.757,171.225,225.303,230.767,524.05,265.831,296.45,377.238,198.608,282.596,116.828,154.364,487.253,363.815,331.608,486.3,629.236,870.771,431.008,633.698
227,52.17,52.16,52.15,52.14,52.13,52.12,52.11,52.1,52.09,52.08,52.18,52.19,52.2,52.21,52.22,52.23,52.24,52.25,52.26,52.27,222.878,263.008,448.799,261.478,335.902,506.451,335.546,280.095,462.556,334.6,136.868,307.698,459.255,963.461,344.753,595.945,420.193,473.582,458.783,968.092
228,52.16,52.15,52.14,52.13,52.12,52.11,52.1,52.09,52.08,52.07,52.17,52.18,52.19,52.2,52.21,52.22,52.23,52.24,52.25,52.26,35.306,228.743,334.567,338.393,473.984,254.291,277.338,460.156,346.151,618.704,106.498,146.059,439.089,445.582,1184.375,669.651,749.967,420.193,481.189,366.963
229,52.12,52.11,52.1,52.09,52.08,52.07,52.06,52.05,52.04,52.03,52.13,52.14,52.15,52.16,52.17,52.18,52.19,52.2,52.21,52.22,220.538,219.159,264.729,505.791,229.097,257.227,381.651,211.003,314.212,490.492,6.628,248.812,588.985,752.255,453.884,239.712,563.065,607.998,1180.854,600.109
230,52.11,52.1,52.09,52.08,52.07,52.06,52.05,52.04,52.03,52.02,52.12,52.13,52.14,52.15,52.16,52.17,52.18,52.19,52.2,52.21,139.18,225.622,432.148,217.212,199.64,381.651,211.003,361.689,490.492,497.916,135.423,384.942,341.544,556.601,716.423,433.477,251.894,621.247,624.612,1155.406
231,52.09,52.08,52.07,52.06,52.05,52.04,52.03,52.02,52.01,52,52.1,52.11,52.12,52.13,52.14,52.15,52.16,52.17,52.18,52.19,156.649,135.502,208.179,494.251,190.199,361.689,480.827,511.098,240.338,441.907,147.162,1326.311,269.8,540.22,310.111,489.616,731.918,473.225,328.724,630.563
232,52.09,52.08,52.07,52.06,52.05,52.04,52.03,52.02,52.01,52,52.1,52.11,52.12,52.13,52.14,52.15,52.16,52.17,52.18,52.19,305.679,109.138,257.878,503.385,246.43,418.203,480.827,511.098,240.338,441.907,254.679,139.372,286.58,465.009,502.511,626.78,697.838,516.467,260.173,628.472
233,52.09,52.08,52.07,52.06,52.05,52.04,52.03,52.02,52.01,52,52.1,52.11,52.12,52.13,52.14,52.15,52.16,52.17,52.18,52.19,231.173,145.064,276.881,517.094,187.829,387.536,480.827,505.392,260.587,441.907,278.556,190.918,338.674,464.609,507.318,688.945,756.956,407.382,331.081,584.253
234,52.09,52.08,52.07,52.06,52.05,52.04,52.03,52.02,52.01,52,52.1,52.11,52.12,52.13,52.14,52.15,52.16,52.17,52.18,52.19,220.948,154.665,276.713,454.247,184.829,349.443,482.927,504.353,263.287,473.982,255.749,218.295,329.078,512.085,457.727,746.554,746.441,473.39,407.505,574.475
235,52.11,52.1,52.09,52.08,52.07,52.06,52.05,52.04,52.03,52.02,52.12,52.13,52.14,52.15,52.16,52.17,52.18,52.19,52.2,52.21,239.84,303.404,400.954,162.924,246.08,337.481,179.416,382.566,482.927,570.471,106.266,400.136,389.395,496.022,774.397,382.41,493.329,684.227,565.175,958.685
236,52.09,52.08,52.07,52.06,52.05,52.04,52.03,52.02,52.01,52,52.1,52.11,52.12,52.13,52.14,52.15,52.16,52.17,52.18,52.19,195.961,143.836,215.872,443.362,361.105,355.706,482.927,570.471,344.012,477.735,330.935,1029.635,381.884,561.012,332.084,518.072,774.519,428.015,493.254,707.575
237,52.09,52.08,52.07,52.06,52.05,52.04,52.03,52.02,52.01,52,52.1,52.11,52.12,52.13,52.14,52.15,52.16,52.17,52.18,52.19,210.9,246.363,328.544,428.154,195.02,339.694,483.029,563.128,351.341,477.735,299.723,992.472,266.665,505.789,593.742,691.803,731.799,388.316,455.33,591.431
238,52.09,52.08,52.07,52.06,52.05,52.04,52.03,52.02,52.01,52,52.1,52.11,52.12,52.13,52.14,52.15,52.16,52.17,52.18,52.19,28.646,232.886,314.211,417.21,197.72,397.314,483.729,560.628,351.341,477.835,219.043,1028.036,274.959,542.456,574.778,749.327,674.179,386.216,455.33,487.662
239,52.08,52.07,52.06,52.05,52.04,52.03,52.02,52.01,52,51.99,52.09,52.1,52.11,52.12,52.13,52.14,52.15,52.16,52.17,52.18,259.742,266.013,395.791,369.92,338.086,483.729,530.755,250.881,477.835,530.335,132.577,484.231,1113.481,450.859,752.891,884.895,711.317,656.582,484.351,381.739
240,52.08,52.07,52.06,52.05,52.04,52.03,52.02,52.01,52,51.99,52.09,52.1,52.11,52.12,52.13,52.14,52.15,52.16,52.17,52.18,78.82,247.722,396.414,309.389,374.441,589.764,533.555,244.551,435.619,572.644,122.365,581.562,1099.893,467.528,783.283,776.846,703.371,807.25,562.611,257.815
241,52.07,52.06,52.05,52.04,52.03,52.02,52.01,52,51.99,51.98,52.08,52.09,52.1,52.11,52.12,52.13,52.14,52.15,52.16,52.17,175.412,112.572,237.474,379.583,608.827,539.382,237.424,445.47,546.828,602.261,283.789,271.85,545.144,355.537,853.412,883.136,778.324,679.776,931.736,558.632
242,52.09,52.08,52.07,52.06,52.05,52.04,52.03,52.02,52.01,52,52.1,52.11,52.12,52.13,52.14,52.15,52.16,52.17,52.18,52.19,162.478,402.218,424.999,329.051,197.369,357.493,653.946,530.656,235.124,445.47,164.831,443.839,386.802,784.365,682.308,729.93,913.3,447.678,203.97,442.348
243,52.07,52.06,52.05,52.04,52.03,52.02,52.01,52,51.99,51.98,52.08,52.09,52.1,52.11,52.12,52.13,52.14,52.15,52.16,52.17,149.144,145.7,231.421,327.609,568.489,592.607,252.04,343.275,514.498,608.994,119.25,297.106,625.424,650.461,943.585,692.622,758.78,753.579,807.64,547.846
244,52.09,52.08,52.07,52.06,52.05,52.04,52.03,52.02,52.01,52,52.1,52.11,52.12,52.13,52.14,52.15,52.16,52.17,52.18,52.19,42.515,175.621,345.548,389.672,202.463,278.942,654.226,533.456,204.52,343.275,482.342,276.281,366.64,821.941,577.612,735.862,816.987,563.385,364.976,641.655
245,52.08,52.07,52.06,52.05,52.04,52.03,52.02,52.01,52,51.99,52.09,52.1,52.11,52.12,52.13,52.14,52.15,52.16,52.17,52.18,204.452,300.149,410.186,339.057,278.942,654.226,533.555,204.52,343.906,514.498,469.945,510.253,582.046,848.081,726.266,634.936,725.753,767.269,485.653,364.976
246,52.09,52.08,52.07,52.06,52.05,52.04,52.03,52.02,52.01,52,52.1,52.11,52.12,52.13,52.14,52.15,52.16,52.17,52.18,52.19,169.591,221.242,315.389,364.691,202.463,279.242,654.433,533.456,202.551,343.275,421.667,222.639,290.793,671.425,653.622,1031.763,746.72,369.016,331.583,686.673
247,52.07,52.06,52.05,52.04,52.03,52.02,52.01,52,51.99,51.98,52.08,52.09,52.1,52.11,52.12,52.13,52.14,52.15,52.16,52.17,186.17,235.87,247.715,283.378,465.499,150.009,203.964,343.275,514.498,602.357,290.253,565.783,562.257,659.308,694.654,619.799,784.961,1156.494,725.463,314.602
248,52.09,52.08,52.07,52.06,52.05,52.04,52.03,52.02,52.01,52,52.1,52.11,52.12,52.13,52.14,52.15,52.16,52.17,52.18,52.19,394.904,265.31,396.357,316.315,216.3,395.411,558.248,534.087,201.92,343.275,361.042,185.391,329.722,580.091,697.98,927.947,744.763,327.237,273.846,659.194
249,52.08,52.07,52.06,52.05,52.04,52.03,52.02,52.01,52,51.99,52.09,52.1,52.11,52.12,52.13,52.14,52.15,52.16,52.17,52.18,159.575,346.583,361.935,186.588,398.125,525.752,533.555,203.92,435.619,499.694,313.799,500.542,567.064,789.121,459.676,771.56,1183.278,753.782,435.206,301.566
250,52.06,52.05,52.04,52.03,52.02,52.01,52,51.99,51.98,51.97,52.07,52.08,52.09,52.1,52.11,52.12,52.13,52.14,52.15,52.16,134.602,171.436,237.652,475.209,116.277,224.595,435.619,444.812,597.357,513.117,247.081,352.57,604.871,743.047,758.801,754.365,569.764,838.473,1183.227,707.908
251,52.06,52.05,52.04,52.03,52.02,52.01,52,51.99,51.98,51.97,52.07,52.08,52.09,52.1,52.11,52.12,52.13,52.14,52.15,52.16,10.036,217.126,231.145,458.042,251.674,203.143,519.115,492.326,606.802,474.633,215.002,323.184,687.379,770.426,863.968,754.365,570.396,753.467,1119.195,685.597
252,52.05,52.04,52.03,52.02,52.01,52,51.99,51.98,51.97,51.96,52.06,52.07,52.08,52.09,52.1,52.11,52.12,52.13,52.14,52.15,22.918,312.742,544.361,171.944,209.123,308.222,351.535,298.401,325.188,172.761,263.269,449.525,556.759,500.965,743.774,857.668,624.837,556.961,503.123,836.054
253,52.05,52.04,52.03,52.02,52.01,52,51.99,51.98,51.97,51.96,52.06,52.07,52.08,52.09,52.1,52.11,52.12,52.13,52.14,52.15,140.043,317.293,520.866,152.965,312.156,402.305,265.908,516.427,698.176,134.27,235.546,387.38,239.959,615.273,607.082,686.633,688.5,455.429,435.562,948.796
254,52.06,52.05,52.04,52.03,52.02,52.01,52,51.99,51.98,51.97,52.07,52.08,52.09,52.1,52.11,52.12,52.13,52.14,52.15,52.16,208.417,275.123,392.636,508.304,303.537,218.332,402.605,271.827,513.427,698.176,137.15,156.957,411.754,693.906,725.26,754.693,491.536,377.975,923.702,881.188
255,52.06,52.05,52.04,52.03,52.02,52.01,52,51.99,51.98,51.97,52.07,52.08,52.09,52.1,52.11,52.12,52.13,52.14,52.15,52.16,144.145,300.412,352.152,514.301,303.537,218.332,402.605,271.827,513.427,698.176,118.801,191.932,376.769,693.209,784.581,886.336,456.481,377.975,884.786,808.433
256,52.05,52.04,52.03,52.02,52.01,52,51.99,51.98,51.97,51.96,52.06,52.07,52.08,52.09,52.1,52.11,52.12,52.13,52.14,52.15,22.892,318.132,524.141,186.186,179.975,402.702,271.827,513.427,698.176,147.167,343.682,384.795,197.032,360.995,374.058,967.937,871.78,436.692,484.59,969.586
257,52.05,52.04,52.03,52.02,52.01,52,51.99,51.98,51.97,51.96,52.06,52.07,52.08,52.09,52.1,52.11,52.12,52.13,52.14,52.15,175.862,244.254,302.921,135.734,395.316,347.943,237.221,478.814,644.789,99.644,266.341,378.736,223.702,376.39,311.817,933.401,762.363,402.836,450.064,1005.288
258,52.01,52,51.99,51.98,51.97,51.96,51.95,51.94,51.93,51.92,52.02,52.03,52.04,52.05,52.06,52.07,52.08,52.09,52.1,52.11,163.99,182.325,210.559,341.92,354.739,149.564,227.003,586.01,623.79,147.97,252.31,462.287,339.297,281.067,488.389,506.461,723.572,470.751,491.558,969.656
259,51.97,51.96,51.95,51.94,51.93,51.92,51.91,51.9,51.89,51.88,51.98,51.99,52,52.01,52.02,52.03,52.04,52.05,52.06,52.07,210.004,268.495,270.034,69.731,238.124,345.411,437.965,616.323,356.911,163.549,131.92,75.696,166.211,407.857,423.517,725.143,738.06,392.705,581.898,475.112
260,52.02,52.01,52,51.99,51.98,51.97,51.96,51.95,51.94,51.93,52.03,52.04,52.05,52.06,52.07,52.08,52.09,52.1,52.11,52.12,216.334,320.088,222.122,214.354,279.177,109.828,325.317,445.335,524.794,228.141,236.025,123.24,284.479,570.715,585.799,713.322,432.641,431.537,760.723,669.034
261,52.06,52.05,52.04,52.03,52.02,52.01,52,51.99,51.98,51.97,52.07,52.08,52.09,52.1,52.11,52.12,52.13,52.14,52.15,52.16,104.968,191.49,316.609,135.471,331.222,394.359,370.383,572.01,337.676,83.668,100.865,152.161,307.485,305.027,614.448,818.218,419.337,289.759,764.587,673.18
262,52.02,52.01,52,51.99,51.98,51.97,51.96,51.95,51.94,51.93,52.03,52.04,52.05,52.06,52.07,52.08,52.09,52.1,52.11,52.12,256.779,173.121,76.111,100.558,404.019,300.813,368.385,389.037,522.393,225.284,136.166,572.157,734.383,803.167,721.891,568.485,466.825,531.124,807.823,805.346
263,51.99,51.98,51.97,51.96,51.95,51.94,51.93,51.92,51.91,51.9,52,52.01,52.02,52.03,52.04,52.05,52.06,52.07,52.08,52.09,219.802,162.319,127.899,349.802,349.324,485.349,246.855,334.21,336.966,552.033,138.5,389.493,570.99,577.575,675.235,692.047,628.193,709.47,620.708,461.529
264,52.03,52.02,52.01,52,51.99,51.98,51.97,51.96,51.95,51.94,52.04,52.05,52.06,52.07,52.08,52.09,52.1,52.11,52.12,52.13,216.39,274.005,258.36,183.689,318.432,251.018,66.864,238.983,559.065,468.466,134.584,359.411,554.402,522.119,565.543,486.944,400.648,799.451,808.767,508.156
265,52.04,52.03,52.02,52.01,52,51.99,51.98,51.97,51.96,51.95,52.05,52.06,52.07,52.08,52.09,52.1,52.11,52.12,52.13,52.14,226.717,283.622,335.535,363.123,129.989,391.942,664.281,112.56,234.875,556.865,121.917,390.41,448.199,296.628,442.021,252.435,678.265,826.119,690.618,483.28
266,52.05,52.04,52.03,52.02,52.01,52,51.99,51.98,51.97,51.96,52.06,52.07,52.08,52.09,52.1,52.11,52.12,52.13,52.14,52.15,216.489,175.539,239.074,280.288,259.03,210.902,383.632,645.133,62.949,238.218,202.209,197.722,240.576,532.922,344.068,658.48,950.108,553.179,372.093,689.11
267,52.05,52.04,52.03,52.02,52.01,52,51.99,51.98,51.97,51.96,52.06,52.07,52.08,52.09,52.1,52.11,52.12,52.13,52.14,52.15,8.551,192.697,234.11,303.677,486.705,148.622,373.089,627.19,35.97,226.293,152.114,147.695,291.259,375.931,287.819,753.958,962.382,515.972,421.558,646.716
268,52.06,52.05,52.04,52.03,52.02,52.01,52,51.99,51.98,51.97,52.07,52.08,52.09,52.1,52.11,52.12,52.13,52.14,52.15,52.16,168.515,435.98,547.01,57.37,190.987,304.452,148.525,310.808,627.19,35.97,67.322,166.595,409.712,360.421,697.134,1057.154,526.265,299.975,685.581,656.419
269,52.06,52.05,52.04,52.03,52.02,52.01,52,51.99,51.98,51.97,52.07,52.08,52.09,52.1,52.11,52.12,52.13,52.14,52.15,52.16,18.796,468.307,452.953,78.575,248.94,330.272,167.334,443.621,642.648,110.622,77.198,177.306,415.276,246.269,825.001,855.215,518.765,270.638,718.738,722.773
270,52.06,52.05,52.04,52.03,52.02,52.01,52,51.99,51.98,51.97,52.07,52.08,52.09,52.1,52.11,52.12,52.13,52.14,52.15,52.16,260.347,378.027,178.966,80.894,288.4,295.959,199.928,450.51,642.648,111.227,156.028,191.544,418.217,250.785,669.508,794.427,511.09,268.718,792.834,789.137
271,52.05,52.04,52.03,52.02,52.01,52,51.99,51.98,51.97,51.96,52.06,52.07,52.08,52.09,52.1,52.11,52.12,52.13,52.14,52.15,10.016,173.274,95.551,175.091,513.567,263.388,488.974,696.335,149.71,222.95,291.174,503.036,462.655,485.262,258.773,707.932,598.987,494.098,443.532,871.839
272,52.01,52,51.99,51.98,51.97,51.96,51.95,51.94,51.93,51.92,52.02,52.03,52.04,52.05,52.06,52.07,52.08,52.09,52.1,52.11,153.679,80.706,129.442,273.394,380.315,384.911,765.404,499.814,206.009,390.465,238.352,252.542,323.241,654.232,456.721,581.658,664.39,483.251,445.924,934.388
273,52.03,52.02,52.01,52,51.99,51.98,51.97,51.96,51.95,51.94,52.04,52.05,52.06,52.07,52.08,52.09,52.1,52.11,52.12,52.13,42.353,304.097,369.802,66.348,342.087,354.577,280.749,383.426,667.815,494.102,236.846,237.018,462.458,455.023,693.989,625.022,441.597,825.731,625.953,479.573
274,52.03,52.02,52.01,52,51.99,51.98,51.97,51.96,51.95,51.94,52.04,52.05,52.06,52.07,52.08,52.09,52.1,52.11,52.12,52.13,34.221,285.441,426.21,185.721,323.104,354.777,227.68,346.026,667.815,494.102,157.996,248.895,395.515,625.314,655.054,489.466,405.865,832.85,663.134,477.652
275,52.03,52.02,52.01,52,51.99,51.98,51.97,51.96,51.95,51.94,52.04,52.05,52.06,52.07,52.08,52.09,52.1,52.11,52.12,52.13,202.673,281.953,398.265,160.676,348.004,738.228,322.759,346.026,667.815,487.76,3.588,268.55,386.701,650.724,665.938,523.381,342.602,747.791,800.581,440.511
276,52.04,52.03,52.02,52.01,52,51.99,51.98,51.97,51.96,51.95,52.05,52.06,52.07,52.08,52.09,52.1,52.11,52.12,52.13,52.14,42.006,241.407,289.928,407.46,250.642,347.647,792.558,256.456,346.026,663.815,120.066,326.919,480.166,745.324,507.521,312.668,709.78,805.302,547.968,479.408
277,52.03,52.02,52.01,52,51.99,51.98,51.97,51.96,51.95,51.94,52.04,52.05,52.06,52.07,52.08,52.09,52.1,52.11,52.12,52.13,153.251,295.357,401.928,216.578,405.033,734.883,256.456,339.392,663.815,487.76,138.817,211.06,378.284,633.199,824.659,451.062,318.376,711.701,763.4,651.43
278,52.04,52.03,52.02,52.01,52,51.99,51.98,51.97,51.96,51.95,52.05,52.06,52.07,52.08,52.09,52.1,52.11,52.12,52.13,52.14,174.294,254.639,246.413,445.868,146.444,360.047,702.089,174.109,307.236,659.762,234.245,322.669,240.361,208.274,345.561,451.537,833.7,701.136,515.742,374.963
279,52.05,52.04,52.03,52.02,52.01,52,51.99,51.98,51.97,51.96,52.06,52.07,52.08,52.09,52.1,52.11,52.12,52.13,52.14,52.15,138.457,425.158,219.763,355.414,409.824,151.887,356.704,699.39,174.109,307.236,236.831,222.095,191.693,480.068,395.985,857.51,681.947,515.7,412.095,731.723
280,52.07,52.06,52.05,52.04,52.03,52.02,52.01,52,51.99,51.98,52.08,52.09,52.1,52.11,52.12,52.13,52.14,52.15,52.16,52.17,164.542,230.259,265.608,406.201,423.499,596.178,417.795,147.078,312.213,699.39,126.048,94.792,189.613,602.896,778.908,583.653,453.869,695.985,548.394,433.657
281,52.06,52.05,52.04,52.03,52.02,52.01,52,51.99,51.98,51.97,52.07,52.08,52.09,52.1,52.11,52.12,52.13,52.14,52.15,52.16,147.905,266.484,424.315,296.08,273.523,361.654,144.978,309.313,699.39,174.109,220.968,221.038,354.112,254.218,730.766,810.063,667.116,379.883,919.723,586.745
282,52.06,52.05,52.04,52.03,52.02,52.01,52,51.99,51.98,51.97,52.07,52.08,52.09,52.1,52.11,52.12,52.13,52.14,52.15,52.16,13.761,231.946,434.393,271.826,235.073,445.47,165.723,442.436,699.39,148.135,203.566,272.18,377.556,341.761,653.931,810.063,658.177,416.329,956.829,586.745
