timestamp,bid_price_0,bid_price_1,bid_price_2,bid_price_3,bid_price_4,bid_price_5,bid_price_6,bid_price_7,bid_price_8,bid_price_9,ask_price_0,ask_price_1,ask_price_2,ask_price_3,ask_price_4,ask_price_5,ask_price_6,ask_price_7,ask_price_8,ask_price_9,bid_size_0,bid_size_1,bid_size_2,bid_size_3,bid_size_4,bid_size_5,bid_size_6,bid_size_7,bid_size_8,bid_size_9,ask_size_0,ask_size_1,ask_size_2,ask_size_3,ask_size_4,ask_size_5,ask_size_6,ask_size_7,ask_size_8,ask_size_9
0,0.09052,0.09051,0.0905,0.09049,0.09048,0.09047,0.09046,0.09045,0.09044,0.09043,0.09053,0.09054,0.09055,0.09056,0.09057,0.09058,0.09059,0.0906,0.09061,0.09062,91833,52968,158342,221610,195069,259414,387270,243353,273829,464291,5850,12994,76386,85519,182481,319519,287836,487070,280846,411151
1,0.09049,0.09048,0.09047,0.09046,0.09045,0.09044,0.09043,0.09042,0.09041,0.0904,0.0905,0.09051,0.09052,0.09053,0.09054,0.09055,0.09056,0.09057,0.09058,0.09059,5862,54341,102426,164343,67662,171165,447752,357370,217537,384414,68032,67247,150587,211123,230189,356577,477295,364205,281318,273088
2,0.09042,0.09041,0.0904,0.09039,0.09038,0.09037,0.09036,0.09035,0.09034,0.09033,0.09043,0.09044,0.09045,0.09046,0.09047,0.09048,0.09049,0.0905,0.09051,0.09052,5850,57644,128583,146170,280779,203356,321225,350698,258212,149144,55343,103824,149181,301175,235763,287104,373613,488396,130245,329730
3,0.09034,0.09033,0.09032,0.09031,0.0903,0.09029,0.09028,0.09027,0.09026,0.09025,0.09035,0.09036,0.09037,0.09038,0.09039,0.0904,0.09041,0.09042,0.09043,0.09044,49600,32469,94204,206637,92008,169518,271957,295466,255192,406540,74847,165468,117446,254429,352652,302265,221951,706821,300443,278672
4,0.09025,0.09024,0.09023,0.09022,0.09021,0.0902,0.09019,0.09018,0.09017,0.09016,0.09026,0.09027,0.09028,0.09029,0.0903,0.09031,0.09032,0.09033,0.09034,0.09035,89239,85144,227632,197919,350280,214441,218335,150723,274104,289600,204,39137,93502,109187,141612,130082,348067,502493,244300,487172
5,0.09023,0.09022,0.09021,0.0902,0.09019,0.09018,0.09017,0.09016,0.09015,0.09014,0.09024,0.09025,0.09026,0.09027,0.09028,0.09029,0.0903,0.09031,0.09032,0.09033,153635,89749,155215,322769,296119,247891,249366,305741,239379,304970,236,5217,29590,226851,179039,305345,334858,159125,471389,462399
6,0.09023,0.09022,0.09021,0.0902,0.09019,0.09018,0.09017,0.09016,0.09015,0.09014,0.09024,0.09025,0.09026,0.09027,0.09028,0.09029,0.0903,0.09031,0.09032,0.09033,50108,75759,99763,240861,234731,252680,213557,394740,206370,367349,22795,43387,44904,290957,163357,291269,463389,148674,324578,466997
7,0.0903,0.09029,0.09028,0.09027,0.09026,0.09025,0.09024,0.09023,0.09022,0.09021,0.09031,0.09032,0.09033,0.09034,0.09035,0.09036,0.09037,0.09038,0.09039,0.0904,146027,32655,47747,148316,366106,258450,192217,243774,477089,291397,43914,62517,188651,216487,464652,129304,175122,594585,431396,257315
8,0.09027,0.09026,0.09025,0.09024,0.09023,0.09022,0.09021,0.0902,0.09019,0.09018,0.09028,0.09029,0.0903,0.09031,0.09032,0.09033,0.09034,0.09035,0.09036,0.09037,27456,148675,72940,110776,214587,298009,301545,511393,295678,222165,69808,132255,106473,283493,230302,218419,259305,301571,452848,330963
9,0.09024,0.09023,0.09022,0.09021,0.0902,0.09019,0.09018,0.09017,0.09016,0.09015,0.09025,0.09026,0.09027,0.09028,0.09029,0.0903,0.09031,0.09032,0.09033,0.09034,199543,72288,156494,158720,253304,224851,284936,318478,309631,180334,24909,25163,140411,271968,225501,311349,349589,268956,369348,227835
10,0.0902,0.09019,0.09018,0.09017,0.09016,0.09015,0.09014,0.09013,0.09012,0.09011,0.09021,0.09022,0.09023,0.09024,0.09025,0.09026,0.09027,0.09028,0.09029,0.0903,144937,76762,63587,238255,314809,247018,338094,366984,256895,484128,9305,160911,157422,170074,348659,183912,257990,478822,286387,243032
11,0.09022,0.09021,0.0902,0.09019,0.09018,0.09017,0.09016,0.09015,0.09014,0.09013,0.09023,0.09024,0.09025,0.09026,0.09027,0.09028,0.09029,0.0903,0.09031,0.09032,224515,25494,55512,114979,213915,299590,256628,287747,324719,315651,19653,101411,241396,152622,230219,388680,347482,460851,257326,424759
12,0.09024,0.09023,0.09022,0.09021,0.0902,0.09019,0.09018,0.09017,0.09016,0.09015,0.09025,0.09026,0.09027,0.09028,0.09029,0.0903,0.09031,0.09032,0.09033,0.09034,104797,145641,90621,128432,243394,238597,163726,361426,237988,186576,38565,93376,219329,378608,230695,245048,387753,307871,198384,314899
13,0.09011,0.0901,0.09009,0.09008,0.09007,0.09006,0.09005,0.09004,0.09003,0.09002,0.09012,0.09013,0.09014,0.09015,0.09016,0.09017,0.09018,0.09019,0.0902,0.09021,6087,9948,68649,79864,274469,121866,186066,254390,150327,333734,212062,129308,128019,305937,178996,194531,328052,156229,295799,207537
14,0.09006,0.09005,0.09004,0.09003,0.09002,0.09001,0.09,0.08999,0.08998,0.08997,0.09007,0.09008,0.09009,0.0901,0.09011,0.09012,0.09013,0.09014,0.09015,0.09016,23217,137354,162470,146882,111824,527578,666573,242844,299070,185169,18799,72557,270655,190812,167932,318736,269849,279378,382595,713369
15,0.09004,0.09003,0.09002,0.09001,0.09,0.08999,0.08998,0.08997,0.08996,0.08995,0.09005,0.09006,0.09007,0.09008,0.09009,0.0901,0.09011,0.09012,0.09013,0.09014,56411,130165,62746,368031,566170,328330,316284,142174,297378,367218,13996,79791,213995,159165,320275,252863,270023,317773,320412,208320
16,0.09003,0.09002,0.09001,0.09,0.08999,0.08998,0.08997,0.08996,0.08995,0.08994,0.09004,0.09005,0.09006,0.09007,0.09008,0.09009,0.0901,0.09011,0.09012,0.09013,33084,84888,156201,505508,237674,345952,186807,377894,253819,318841,61007,76400,134961,230095,169037,305269,378162,261462,379656,446426
17,0.0901,0.09009,0.09008,0.09007,0.09006,0.09005,0.09004,0.09003,0.09002,0.09001,0.09011,0.09012,0.09013,0.09014,0.09015,0.09016,0.09017,0.09018,0.09019,0.0902,155479,37574,55751,203551,204928,283853,375758,232639,339098,408181,7515,21555,75803,242863,289485,459100,272677,217064,233958,318114
18,0.09011,0.0901,0.09009,0.09008,0.09007,0.09006,0.09005,0.09004,0.09003,0.09002,0.09012,0.09013,0.09014,0.09015,0.09016,0.09017,0.09018,0.09019,0.0902,0.09021,5991,25024,72373,251588,240016,193062,400334,363305,187621,373867,112551,95046,202731,240935,215008,215524,188478,422408,471904,247210
19,0.09007,0.09006,0.09005,0.09004,0.09003,0.09002,0.09001,0.09,0.08999,0.08998,0.09008,0.09009,0.0901,0.09011,0.09012,0.09013,0.09014,0.09015,0.09016,0.09017,69986,47921,190313,319246,223668,197638,403748,602934,361452,303848,1039,54633,111396,201828,147043,260595,316277,494209,275722,395470
20,0.09024,0.09023,0.09022,0.09021,0.0902,0.09019,0.09018,0.09017,0.09016,0.09015,0.09025,0.09026,0.09027,0.09028,0.09029,0.0903,0.09031,0.09032,0.09033,0.09034,84950,37405,29956,135185,225238,287904,275828,209871,374409,454273,22929,27527,173793,251396,443873,254475,312174,386240,342630,220176
21,0.09021,0.0902,0.09019,0.09018,0.09017,0.09016,0.09015,0.09014,0.09013,0.09012,0.09022,0.09023,0.09024,0.09025,0.09026,0.09027,0.09028,0.09029,0.0903,0.09031,57245,180374,273179,201229,348514,259866,114004,379258,271913,346797,16987,28969,64838,155451,292001,250954,419501,330843,334362,211987
22,0.09018,0.09017,0.09016,0.09015,0.09014,0.09013,0.09012,0.09011,0.0901,0.09009,0.09019,0.0902,0.09021,0.09022,0.09023,0.09024,0.09025,0.09026,0.09027,0.09028,45985,94986,205437,219625,387852,255171,229590,438531,384459,265467,4978,39242,84092,113950,212532,165855,286179,393072,470163,469095
23,0.09034,0.09033,0.09032,0.09031,0.0903,0.09029,0.09028,0.09027,0.09026,0.09025,0.09035,0.09036,0.09037,0.09038,0.09039,0.0904,0.09041,0.09042,0.09043,0.09044,41678,73224,261578,266736,255237,365403,309844,126524,272759,237110,57348,92545,113756,200673,232456,154341,354757,361064,313914,429946
24,0.0903,0.09029,0.09028,0.09027,0.09026,0.09025,0.09024,0.09023,0.09022,0.09021,0.09031,0.09032,0.09033,0.09034,0.09035,0.09036,0.09037,0.09038,0.09039,0.0904,5863,25428,54289,177494,313772,301717,285431,305150,435096,156044,87663,198035,167425,119838,272236,274689,365909,550959,248249,184654
25,0.09035,0.09034,0.09033,0.09032,0.09031,0.0903,0.09029,0.09028,0.09027,0.09026,0.09036,0.09037,0.09038,0.09039,0.0904,0.09041,0.09042,0.09043,0.09044,0.09045,45308,120164,314477,334226,287571,186935,259537,410128,405663,382651,48038,48883,83033,135741,281291,209614,251809,565925,210148,178158
26,0.0904,0.09039,0.09038,0.09037,0.09036,0.09035,0.09034,0.09033,0.09032,0.09031,0.09041,0.09042,0.09043,0.09044,0.09045,0.09046,0.09047,0.09048,0.09049,0.0905,8388,18391,129752,379701,148856,342937,268578,278272,277091,324400,61294,50299,96449,226904,150572,247164,574001,383365,223955,212780
27,0.09049,0.09048,0.09047,0.09046,0.09045,0.09044,0.09043,0.09042,0.09041,0.0904,0.0905,0.09051,0.09052,0.09053,0.09054,0.09055,0.09056,0.09057,0.09058,0.09059,152,24722,210287,254217,335688,315612,341355,232959,282019,302129,82130,34321,50144,202188,315791,137157,407083,510001,323139,223055
28,0.0905,0.09049,0.09048,0.09047,0.09046,0.09045,0.09044,0.09043,0.09042,0.09041,0.09051,0.09052,0.09053,0.09054,0.09055,0.09056,0.09057,0.09058,0.09059,0.0906,13940,71187,162982,278570,404496,165297,411903,383152,176023,388248,40124,62410,157547,125789,389595,218925,363889,488770,265948,167076
29,0.09047,0.09046,0.09045,0.09044,0.09043,0.09042,0.09041,0.0904,0.09039,0.09038,0.09048,0.09049,0.0905,0.09051,0.09052,0.09053,0.09054,0.09055,0.09056,0.09057,16887,56974,215440,150511,366446,253334,363779,195680,214283,313563,109713,83756,73529,153282,144507,274540,403319,258525,212849,408340
30,0.09064,0.09063,0.09062,0.09061,0.0906,0.09059,0.09058,0.09057,0.09056,0.09055,0.09065,0.09066,0.09067,0.09068,0.09069,0.0907,0.09071,0.09072,0.09073,0.09074,13435,13210,43970,121718,131138,343953,335793,362349,234428,241335,139534,66665,159731,144369,268562,329062,168490,370575,438022,302830
31,0.09071,0.0907,0.09069,0.09068,0.09067,0.09066,0.09065,0.09064,0.09063,0.09062,0.09072,0.09073,0.09074,0.09075,0.09076,0.09077,0.09078,0.09079,0.0908,0.09081,17217,71121,61941,238553,261123,262575,266990,398003,367764,433224,36455,94902,213746,235548,207014,266648,274028,297114,805848,515738
32,0.09071,0.0907,0.09069,0.09068,0.09067,0.09066,0.09065,0.09064,0.09063,0.09062,0.09072,0.09073,0.09074,0.09075,0.09076,0.09077,0.09078,0.09079,0.0908,0.09081,303,1853,55993,181057,301588,256959,299722,329821,403238,353265,175785,196296,185035,100370,320995,266364,150019,262443,386779,308366
33,0.09067,0.09066,0.09065,0.09064,0.09063,0.09062,0.09061,0.0906,0.09059,0.09058,0.09068,0.09069,0.0907,0.09071,0.09072,0.09073,0.09074,0.09075,0.09076,0.09077,281,17744,82823,174335,227339,207462,377802,340375,390479,496154,82053,105654,316607,234877,160507,368267,451782,282656,366127,284119
34,0.09067,0.09066,0.09065,0.09064,0.09063,0.09062,0.09061,0.0906,0.09059,0.09058,0.09068,0.09069,0.0907,0.09071,0.09072,0.09073,0.09074,0.09075,0.09076,0.09077,81512,30389,128402,175107,299502,351705,481335,152691,422283,434083,8366,72643,285227,262791,206825,426326,414088,257108,292509,256009
35,0.09068,0.09067,0.09066,0.09065,0.09064,0.09063,0.09062,0.09061,0.0906,0.09059,0.09069,0.0907,0.09071,0.09072,0.09073,0.09074,0.09075,0.09076,0.09077,0.09078,6002,24756,97815,326399,306674,273600,316160,427907,138394,348075,127885,112671,156936,141193,221632,361905,208426,438169,416109,109157
36,0.09069,0.09068,0.09067,0.09066,0.09065,0.09064,0.09063,0.09062,0.09061,0.0906,0.0907,0.09071,0.09072,0.09073,0.09074,0.09075,0.09076,0.09077,0.09078,0.09079,96869,73207,134925,293173,224655,273163,240045,369005,366330,343034,15498,120325,139750,265175,408747,326848,380967,160293,202889,129281
37,0.09073,0.09072,0.09071,0.0907,0.09069,0.09068,0.09067,0.09066,0.09065,0.09064,0.09074,0.09075,0.09076,0.09077,0.09078,0.09079,0.0908,0.09081,0.09082,0.09083,81396,52870,144130,302378,296286,368535,247780,278838,261511,376071,5137,44006,160319,274099,280946,206937,315139,469011,260145,182273
38,0.0907,0.09069,0.09068,0.09067,0.09066,0.09065,0.09064,0.09063,0.09062,0.09061,0.09071,0.09072,0.09073,0.09074,0.09075,0.09076,0.09077,0.09078,0.09079,0.0908,236,25943,127357,191248,301325,228856,280893,310878,411936,347954,118603,166098,274768,145672,108394,274189,303671,461005,296885,307818
39,0.09066,0.09065,0.09064,0.09063,0.09062,0.09061,0.0906,0.09059,0.09058,0.09057,0.09067,0.09068,0.09069,0.0907,0.09071,0.09072,0.09073,0.09074,0.09075,0.09076,96,23005,34129,173686,466696,203245,332555,471650,245219,220712,51450,94456,115665,305171,182040,290388,311910,615792,173282,281159
40,0.09064,0.09063,0.09062,0.09061,0.0906,0.09059,0.09058,0.09057,0.09056,0.09055,0.09065,0.09066,0.09067,0.09068,0.09069,0.0907,0.09071,0.09072,0.09073,0.09074,42667,87045,111646,249811,265967,401869,314951,279698,527220,438412,75780,48436,78853,122294,194722,281869,271061,527545,332087,282421
41,0.09067,0.09066,0.09065,0.09064,0.09063,0.09062,0.09061,0.0906,0.09059,0.09058,0.09068,0.09069,0.0907,0.09071,0.09072,0.09073,0.09074,0.09075,0.09076,0.09077,45167,113951,127510,269289,278870,277504,149169,272253,520659,388267,46790,76420,220167,191072,258213,446800,521136,188025,280312,363650
42,0.09066,0.09065,0.09064,0.09063,0.09062,0.09061,0.0906,0.09059,0.09058,0.09057,0.09067,0.09068,0.09069,0.0907,0.09071,0.09072,0.09073,0.09074,0.09075,0.09076,90525,157343,188884,237587,477594,201310,271153,499803,368529,183554,6335,14947,49940,99823,174787,338615,396434,569825,206250,276620
43,0.09063,0.09062,0.09061,0.0906,0.09059,0.09058,0.09057,0.09056,0.09055,0.09054,0.09064,0.09065,0.09066,0.09067,0.09068,0.09069,0.0907,0.09071,0.09072,0.09073,67840,131355,88082,221939,397604,290135,232663,386216,325143,318134,53549,87313,192737,277377,193323,291873,416580,351742,381997,420496
44,0.09058,0.09057,0.09056,0.09055,0.09054,0.09053,0.09052,0.09051,0.0905,0.09049,0.09059,0.0906,0.09061,0.09062,0.09063,0.09064,0.09065,0.09066,0.09067,0.09068,50123,95510,204049,411981,298672,329083,312675,194404,431800,502460,33487,25834,58793,171866,220648,321333,441652,346800,332109,236998
45,0.09052,0.09051,0.0905,0.09049,0.09048,0.09047,0.09046,0.09045,0.09044,0.09043,0.09053,0.09054,0.09055,0.09056,0.09057,0.09058,0.09059,0.0906,0.09061,0.09062,51155,90295,262984,378046,224673,378579,432158,344588,292683,426574,45917,143887,210593,232534,263453,294298,270375,476464,315094,251891
46,0.09045,0.09044,0.09043,0.09042,0.09041,0.0904,0.09039,0.09038,0.09037,0.09036,0.09046,0.09047,0.09048,0.09049,0.0905,0.09051,0.09052,0.09053,0.09054,0.09055,67160,176240,266900,289140,294061,313214,334015,302114,318945,527730,3355,11124,81352,188145,147658,258141,546672,455563,246190,347608
47,0.09035,0.09034,0.09033,0.09032,0.09031,0.0903,0.09029,0.09028,0.09027,0.09026,0.09036,0.09037,0.09038,0.09039,0.0904,0.09041,0.09042,0.09043,0.09044,0.09045,72635,194984,387251,200388,363420,244785,280579,322205,460944,628209,4572,8270,73873,149017,328018,145550,321861,458809,329920,296030
48,0.0903,0.09029,0.09028,0.09027,0.09026,0.09025,0.09024,0.09023,0.09022,0.09021,0.09031,0.09032,0.09033,0.09034,0.09035,0.09036,0.09037,0.09038,0.09039,0.0904,7187,41520,113017,262233,264459,267560,283286,190885,215334,548632,98365,178589,226792,147403,194658,182971,248906,403871,470903,488705
49,0.09031,0.0903,0.09029,0.09028,0.09027,0.09026,0.09025,0.09024,0.09023,0.09022,0.09032,0.09033,0.09034,0.09035,0.09036,0.09037,0.09038,0.09039,0.0904,0.09041,146903,178633,212294,182189,517547,280375,305203,307913,405826,339668,9219,65390,235131,222326,212773,386627,257098,283281,350939,270650
50,0.09041,0.0904,0.09039,0.09038,0.09037,0.09036,0.09035,0.09034,0.09033,0.09032,0.09042,0.09043,0.09044,0.09045,0.09046,0.09047,0.09048,0.09049,0.0905,0.09051,59323,76684,260421,202123,287904,279556,301710,278730,339745,269656,38768,73549,258057,210326,234350,496438,248060,495258,236838,277382
51,0.09039,0.09038,0.09037,0.09036,0.09035,0.09034,0.09033,0.09032,0.09031,0.0903,0.0904,0.09041,0.09042,0.09043,0.09044,0.09045,0.09046,0.09047,0.09048,0.09049,28071,92140,193388,295057,370694,252144,371524,217437,347882,285129,75398,121911,284623,227892,216025,136726,412889,453605,316651,443961
52,0.09023,0.09022,0.09021,0.0902,0.09019,0.09018,0.09017,0.09016,0.09015,0.09014,0.09024,0.09025,0.09026,0.09027,0.09028,0.09029,0.0903,0.09031,0.09032,0.09033,28689,75026,221259,190487,451630,330988,286753,384745,446824,292725,116315,172116,238129,321246,239047,304437,303386,434455,431299,335646
53,0.09027,0.09026,0.09025,0.09024,0.09023,0.09022,0.09021,0.0902,0.09019,0.09018,0.09028,0.09029,0.0903,0.09031,0.09032,0.09033,0.09034,0.09035,0.09036,0.09037,38204,87636,185625,223582,130624,116593,431199,296015,445593,296022,61277,81408,271216,352152,399913,249010,240524,427553,412865,302867
54,0.09032,0.09031,0.0903,0.09029,0.09028,0.09027,0.09026,0.09025,0.09024,0.09023,0.09033,0.09034,0.09035,0.09036,0.09037,0.09038,0.09039,0.0904,0.09041,0.09042,120004,441827,1304907,127730,160604,437755,164164,533469,397371,396622,12900,57717,149822,278059,388662,270782,243394,503137,189977,374014
55,0.09026,0.09025,0.09024,0.09023,0.09022,0.09021,0.0902,0.09019,0.09018,0.09017,0.09027,0.09028,0.09029,0.0903,0.09031,0.09032,0.09033,0.09034,0.09035,0.09036,108,16473,45386,171749,250999,370259,329370,406617,370337,264603,149853,86376,329884,399007,246766,336588,595904,229168,291387,401106
56,0.09025,0.09024,0.09023,0.09022,0.09021,0.0902,0.09019,0.09018,0.09017,0.09016,0.09026,0.09027,0.09028,0.09029,0.0903,0.09031,0.09032,0.09033,0.09034,0.09035,46898,28740,161726,377166,290923,193929,400242,352654,346305,434385,124425,53832,109852,322881,247852,314311,500016,365595,146745,348597
57,0.09031,0.0903,0.09029,0.09028,0.09027,0.09026,0.09025,0.09024,0.09023,0.09022,0.09032,0.09033,0.09034,0.09035,0.09036,0.09037,0.09038,0.09039,0.0904,0.09041,1444,10565,83745,218211,277074,217680,387011,351260,320235,293508,189402,169975,319578,111467,368529,587131,269010,424511,505832,18808
58,0.09034,0.09033,0.09032,0.09031,0.0903,0.09029,0.09028,0.09027,0.09026,0.09025,0.09035,0.09036,0.09037,0.09038,0.09039,0.0904,0.09041,0.09042,0.09043,0.09044,43327,43671,78568,251898,354419,347892,388246,349657,353326,392187,47101,109801,70648,315161,375874,283208,283615,370316,426240,218285
59,0.09027,0.09026,0.09025,0.09024,0.09023,0.09022,0.09021,0.0902,0.09019,0.09018,0.09028,0.09029,0.0903,0.09031,0.09032,0.09033,0.09034,0.09035,0.09036,0.09037,141,17229,103317,317841,418305,329359,376030,350471,404634,366485,255180,64452,147323,266356,354077,414558,302543,216746,311633,221968
60,0.09021,0.0902,0.09019,0.09018,0.09017,0.09016,0.09015,0.09014,0.09013,0.09012,0.09022,0.09023,0.09024,0.09025,0.09026,0.09027,0.09028,0.09029,0.0903,0.09031,69827,276295,179088,337144,366515,218616,404154,420445,305230,296713,7275,58983,139919,198860,316095,425144,331801,228763,232014,163194
61,0.09015,0.09014,0.09013,0.09012,0.09011,0.0901,0.09009,0.09008,0.09007,0.09006,0.09016,0.09017,0.09018,0.09019,0.0902,0.09021,0.09022,0.09023,0.09024,0.09025,59302,70200,252728,378262,264969,174193,375705,391480,265674,303859,115484,66950,203750,330444,470783,195355,252055,234993,271372,304206
62,0.09012,0.09011,0.0901,0.09009,0.09008,0.09007,0.09006,0.09005,0.09004,0.09003,0.09013,0.09014,0.09015,0.09016,0.09017,0.09018,0.09019,0.0902,0.09021,0.09022,17091,45108,133634,381831,356326,250395,339988,358517,232843,523815,104317,115258,91690,171798,332288,273178,252721,411184,301039,245620
63,0.09007,0.09006,0.09005,0.09004,0.09003,0.09002,0.09001,0.09,0.08999,0.08998,0.09008,0.09009,0.0901,0.09011,0.09012,0.09013,0.09014,0.09015,0.09016,0.09017,39022,98389,309828,384809,230954,221597,532962,436915,438267,378472,29116,83366,168251,165192,217019,199558,337908,308168,268796,468914
64,0.09004,0.09003,0.09002,0.09001,0.09,0.08999,0.08998,0.08997,0.08996,0.08995,0.09005,0.09006,0.09007,0.09008,0.09009,0.0901,0.09011,0.09012,0.09013,0.09014,27458,40573,152761,371300,538548,348609,264538,235425,429910,200140,63571,117570,67773,205146,263533,349091,269082,522605,504476,442859
65,0.08986,0.08985,0.08984,0.08983,0.08982,0.08981,0.0898,0.08979,0.08978,0.08977,0.08987,0.08988,0.08989,0.0899,0.08991,0.08992,0.08993,0.08994,0.08995,0.08996,18260,32361,133921,417112,176565,319808,499128,104171,232279,410643,140423,88912,137040,192476,177415,283560,320590,367867,267341,372692
66,0.08992,0.08991,0.0899,0.08989,0.08988,0.08987,0.08986,0.08985,0.08984,0.08983,0.08993,0.08994,0.08995,0.08996,0.08997,0.08998,0.08999,0.09,0.09001,0.09002,173167,199745,287670,396641,233393,240478,413269,257328,366563,533700,13640,58786,140287,120957,309286,306138,376898,576674,244199,283384
67,0.08996,0.08995,0.08994,0.08993,0.08992,0.08991,0.0899,0.08989,0.08988,0.08987,0.08997,0.08998,0.08999,0.09,0.09001,0.09002,0.09003,0.09004,0.09005,0.09006,36892,22330,146292,320658,190912,469292,381072,286066,158792,493615,134206,94890,291551,267816,376560,487546,405409,315239,516671,400151
68,0.08986,0.08985,0.08984,0.08983,0.08982,0.08981,0.0898,0.08979,0.08978,0.08977,0.08987,0.08988,0.08989,0.0899,0.08991,0.08992,0.08993,0.08994,0.08995,0.08996,47403,89205,131980,269543,184754,188082,345336,353714,421492,337900,60286,163495,276690,472766,513754,279826,518138,251415,252252,392181
69,0.08982,0.08981,0.0898,0.08979,0.08978,0.08977,0.08976,0.08975,0.08974,0.08973,0.08983,0.08984,0.08985,0.08986,0.08987,0.08988,0.08989,0.0899,0.08991,0.08992,77613,339352,126183,317669,269658,327294,336431,190635,376652,326066,57243,174050,293197,241722,468565,416781,563396,232157,304013,283302
70,0.08979,0.08978,0.08977,0.08976,0.08975,0.08974,0.08973,0.08972,0.08971,0.0897,0.0898,0.08981,0.08982,0.08983,0.08984,0.08985,0.08986,0.08987,0.08988,0.08989,194862,212939,288524,343787,213701,453216,321145,210623,421432,579562,1066183,71034,44059,115328,290019,371958,322841,696479,279856,275953
71,0.08978,0.08977,0.08976,0.08975,0.08974,0.08973,0.08972,0.08971,0.0897,0.08969,0.08979,0.0898,0.08981,0.08982,0.08983,0.08984,0.08985,0.08986,0.08987,0.08988,103950,137091,226698,463175,268495,247380,203971,347969,600865,366322,108,88343,92056,149229,335553,398326,453703,292252,588486,256252
72,0.08973,0.08972,0.08971,0.0897,0.08969,0.08968,0.08967,0.08966,0.08965,0.08964,0.08974,0.08975,0.08976,0.08977,0.08978,0.08979,0.0898,0.08981,0.08982,0.08983,24784,112638,236107,293904,262492,167235,369496,400258,266202,226329,72921,74559,94068,217523,129765,412968,430555,423033,282469,369797
73,0.08976,0.08975,0.08974,0.08973,0.08972,0.08971,0.0897,0.08969,0.08968,0.08967,0.08977,0.08978,0.08979,0.0898,0.08981,0.08982,0.08983,0.08984,0.08985,0.08986,101704,98987,189905,239352,168003,417408,457150,264760,219431,409960,33905,77140,189306,174877,452550,285545,292502,292479,427353,219832
74,0.08984,0.08983,0.08982,0.08981,0.0898,0.08979,0.08978,0.08977,0.08976,0.08975,0.08985,0.08986,0.08987,0.08988,0.08989,0.0899,0.08991,0.08992,0.08993,0.08994,69333,263229,290051,170938,353168,411005,269135,314882,479101,448020,16825,15753,79153,216049,307385,291942,586765,246328,361041,204375
75,0.08981,0.0898,0.08979,0.08978,0.08977,0.08976,0.08975,0.08974,0.08973,0.08972,0.08982,0.08983,0.08984,0.08985,0.08986,0.08987,0.08988,0.08989,0.0899,0.08991,110366,57179,184945,280485,369650,208023,210827,288246,462334,243942,74532,153652,365708,239740,300831,585854,228549,251118,309575,459593
76,0.0898,0.08979,0.08978,0.08977,0.08976,0.08975,0.08974,0.08973,0.08972,0.08971,0.08981,0.08982,0.08983,0.08984,0.08985,0.08986,0.08987,0.08988,0.08989,0.0899,61866,172595,209718,263168,379503,282436,304580,387056,294901,426329,96,59620,72706,293927,285274,442311,458431,270121,277525,376335
77,0.08979,0.08978,0.08977,0.08976,0.08975,0.08974,0.08973,0.08972,0.08971,0.0897,0.0898,0.08981,0.08982,0.08983,0.08984,0.08985,0.08986,0.08987,0.08988,0.08989,119935,87622,272153,345470,202932,382338,367907,274748,418556,794453,274,32886,111979,246532,391188,493782,176600,441818,191947,294493
78,0.08987,0.08986,0.08985,0.08984,0.08983,0.08982,0.08981,0.0898,0.08979,0.08978,0.08988,0.08989,0.0899,0.08991,0.08992,0.08993,0.08994,0.08995,0.08996,0.08997,83132,165839,250893,117113,420029,224319,221873,388723,398799,225105,47148,48804,99761,153512,184947,586078,312328,342622,413341,434975
79,0.08985,0.08984,0.08983,0.08982,0.08981,0.0898,0.08979,0.08978,0.08977,0.08976,0.08986,0.08987,0.08988,0.08989,0.0899,0.08991,0.08992,0.08993,0.08994,0.08995,84,8850,164156,151352,177528,267558,339487,254895,316799,432121,69167,211320,153274,380623,385282,250627,241433,424869,389953,486564
80,0.08982,0.08981,0.0898,0.08979,0.08978,0.08977,0.08976,0.08975,0.08974,0.08973,0.08983,0.08984,0.08985,0.08986,0.08987,0.08988,0.08989,0.0899,0.08991,0.08992,144019,166888,274202,333499,177654,304976,376090,171449,364253,394632,19625,66316,81880,363472,579144,354041,213038,316046,188300,166652
81,0.08978,0.08977,0.08976,0.08975,0.08974,0.08973,0.08972,0.08971,0.0897,0.08969,0.08979,0.0898,0.08981,0.08982,0.08983,0.08984,0.08985,0.08986,0.08987,0.08988,25182,34476,94647,231715,300587,421952,294857,290133,602424,468672,58076,151497,279656,292806,380287,428072,306648,263277,387555,454717
82,0.0897,0.08969,0.08968,0.08967,0.08966,0.08965,0.08964,0.08963,0.08962,0.08961,0.08971,0.08972,0.08973,0.08974,0.08975,0.08976,0.08977,0.08978,0.08979,0.0898,1024,69773,187100,335671,341378,340645,226061,437554,232167,499053,75820,108479,212187,342176,604930,327381,291821,330400,218633,227909
83,0.08968,0.08967,0.08966,0.08965,0.08964,0.08963,0.08962,0.08961,0.0896,0.08959,0.08969,0.0897,0.08971,0.08972,0.08973,0.08974,0.08975,0.08976,0.08977,0.08978,85988,43661,148225,330620,308392,232913,349084,439315,254275,309748,6213,57541,225843,525398,502671,283338,339078,228249,194384,383476
84,0.08976,0.08975,0.08974,0.08973,0.08972,0.08971,0.0897,0.08969,0.08968,0.08967,0.08977,0.08978,0.08979,0.0898,0.08981,0.08982,0.08983,0.08984,0.08985,0.08986,48694,52975,92665,269668,224694,270014,266343,202092,456739,336124,23207,169146,163162,245606,519493,246810,208849,314516,338679,496840
85,0.08985,0.08984,0.08983,0.08982,0.08981,0.0898,0.08979,0.08978,0.08977,0.08976,0.08986,0.08987,0.08988,0.08989,0.0899,0.08991,0.08992,0.08993,0.08994,0.08995,14476,1526192,33207,113203,207129,287598,293461,276256,350174,422151,83881,238270,173611,246288,338044,421612,289880,338094,364261,430360
86,0.08984,0.08983,0.08982,0.08981,0.0898,0.08979,0.08978,0.08977,0.08976,0.08975,0.08985,0.08986,0.08987,0.08988,0.08989,0.0899,0.08991,0.08992,0.08993,0.08994,805329,30121,43855,153248,361396,324742,327339,369144,331123,227767,45913,169150,237547,270257,510514,356089,226538,331083,404004,271421
87,0.08977,0.08976,0.08975,0.08974,0.08973,0.08972,0.08971,0.0897,0.08969,0.08968,0.08978,0.08979,0.0898,0.08981,0.08982,0.08983,0.08984,0.08985,0.08986,0.08987,36077,140160,239372,296369,286642,210202,266705,459544,232503,357022,60328,101199,181660,333138,426204,610834,393636,234822,259165,483101
88,0.08979,0.08978,0.08977,0.08976,0.08975,0.08974,0.08973,0.08972,0.08971,0.0897,0.0898,0.08981,0.08982,0.08983,0.08984,0.08985,0.08986,0.08987,0.08988,0.08989,218248,145185,316654,337972,218591,247621,283359,315154,266680,520450,220,37856,153738,295139,404350,287531,387950,306826,256937,225070
89,0.08973,0.08972,0.08971,0.0897,0.08969,0.08968,0.08967,0.08966,0.08965,0.08964,0.08974,0.08975,0.08976,0.08977,0.08978,0.08979,0.0898,0.08981,0.08982,0.08983,151100,155373,258063,259969,208715,364816,310301,280209,563074,439065,7209,77125,210098,337172,320154,301298,528739,327214,300084,250369
90,0.0898,0.08979,0.08978,0.08977,0.08976,0.08975,0.08974,0.08973,0.08972,0.08971,0.08981,0.08982,0.08983,0.08984,0.08985,0.08986,0.08987,0.08988,0.08989,0.0899,31464,73686,104288,173971,343833,186931,283307,276268,282563,532849,59147,166397,212817,367312,375179,399232,350416,287730,241046,550703
91,0.08981,0.0898,0.08979,0.08978,0.08977,0.08976,0.08975,0.08974,0.08973,0.08972,0.08982,0.08983,0.08984,0.08985,0.08986,0.08987,0.08988,0.08989,0.0899,0.08991,81100,76040,183158,290023,264024,344605,177340,242600,360803,296812,6350,22576,144027,362583,263805,570212,302393,271703,372614,308974
92,0.08983,0.08982,0.08981,0.0898,0.08979,0.08978,0.08977,0.08976,0.08975,0.08974,0.08984,0.08985,0.08986,0.08987,0.08988,0.08989,0.0899,0.08991,0.08992,0.08993,144973,79929,154944,240903,312137,224099,369595,431407,273131,265699,8224,57403,141857,366094,416441,289902,456252,294018,288046,302470
93,0.08982,0.08981,0.0898,0.08979,0.08978,0.08977,0.08976,0.08975,0.08974,0.08973,0.08983,0.08984,0.08985,0.08986,0.08987,0.08988,0.08989,0.0899,0.08991,0.08992,31916,78899,176139,204574,257049,306935,337616,207313,333994,408178,131941,114573,192867,223132,290132,441001,432818,223758,362489,201641
94,0.08986,0.08985,0.08984,0.08983,0.08982,0.08981,0.0898,0.08979,0.08978,0.08977,0.08987,0.08988,0.08989,0.0899,0.08991,0.08992,0.08993,0.08994,0.08995,0.08996,19443,53609,160908,441705,272164,235842,319137,283524,357584,461279,56244,76431,248822,238464,345969,349704,455510,319069,313333,403673
95,0.08986,0.08985,0.08984,0.08983,0.08982,0.08981,0.0898,0.08979,0.08978,0.08977,0.08987,0.08988,0.08989,0.0899,0.08991,0.08992,0.08993,0.08994,0.08995,0.08996,30379,152829,146120,260119,339689,268555,395641,432481,288626,572527,45399,66005,122337,258680,374425,269809,592755,275398,328730,322175
96,0.08984,0.08983,0.08982,0.08981,0.0898,0.08979,0.08978,0.08977,0.08976,0.08975,0.08985,0.08986,0.08987,0.08988,0.08989,0.0899,0.08991,0.08992,0.08993,0.08994,64285,86763,144286,334620,369122,259116,239689,349292,371988,442553,59153,38545,138515,160209,396913,196470,604529,408988,177516,198116
97,0.08984,0.08983,0.08982,0.08981,0.0898,0.08979,0.08978,0.08977,0.08976,0.08975,0.08985,0.08986,0.08987,0.08988,0.08989,0.0899,0.08991,0.08992,0.08993,0.08994,76900,163583,226181,239180,350130,331338,242769,389499,379913,388410,21433,40456,142512,154322,351604,266251,388391,507590,220449,173202
98,0.0898,0.08979,0.08978,0.08977,0.08976,0.08975,0.08974,0.08973,0.08972,0.08971,0.08981,0.08982,0.08983,0.08984,0.08985,0.08986,0.08987,0.08988,0.08989,0.0899,35194,58611,120750,257012,421008,213752,254890,488475,162627,468420,68766,118701,202575,118803,285596,470333,133667,241443,543817,184174
99,0.0898,0.08979,0.08978,0.08977,0.08976,0.08975,0.08974,0.08973,0.08972,0.08971,0.08981,0.08982,0.08983,0.08984,0.08985,0.08986,0.08987,0.08988,0.08989,0.0899,39015,33793,94330,279968,321362,218856,334344,339994,265894,379265,52944,151730,344941,225746,436776,406797,155732,249877,390251,224169
100,0.08974,0.08973,0.08972,0.08971,0.0897,0.08969,0.08968,0.08967,0.08966,0.08965,0.08975,0.08976,0.08977,0.08978,0.08979,0.0898,0.08981,0.08982,0.08983,0.08984,114853,41409,90844,324312,385141,264256,251536,331516,372580,328291,23826,64585,174593,246597,405383,408143,297249,216807,374251,244030
101,0.08981,0.0898,0.08979,0.08978,0.08977,0.08976,0.08975,0.08974,0.08973,0.08972,0.08982,0.08983,0.08984,0.08985,0.08986,0.08987,0.08988,0.08989,0.0899,0.08991,62220,61413,98486,377372,293513,278445,191665,301346,247290,186347,27444,150067,86926,495823,314257,235940,234187,424754,141477,419402
102,0.08974,0.08973,0.08972,0.08971,0.0897,0.08969,0.08968,0.08967,0.08966,0.08965,0.08975,0.08976,0.08977,0.08978,0.08979,0.0898,0.08981,0.08982,0.08983,0.08984,109375,60324,135492,306218,300653,297939,329013,285858,406940,428764,25704,65839,216777,346287,404856,347641,273418,306480,295457,193443
103,0.08971,0.0897,0.08969,0.08968,0.08967,0.08966,0.08965,0.08964,0.08963,0.08962,0.08972,0.08973,0.08974,0.08975,0.08976,0.08977,0.08978,0.08979,0.0898,0.08981,141890,84590,252242,259694,300973,256182,279402,335403,374423,448395,274,15301,49527,250918,451790,318949,275306,406897,241627,259409
104,0.08976,0.08975,0.08974,0.08973,0.08972,0.08971,0.0897,0.08969,0.08968,0.08967,0.08977,0.08978,0.08979,0.0898,0.08981,0.08982,0.08983,0.08984,0.08985,0.08986,110573,69896,160444,300761,274832,273908,308914,196904,349009,330649,17966,108117,188955,285431,561419,376839,256693,138941,442181,459483
105,0.08973,0.08972,0.08971,0.0897,0.08969,0.08968,0.08967,0.08966,0.08965,0.08964,0.08974,0.08975,0.08976,0.08977,0.08978,0.08979,0.0898,0.08981,0.08982,0.08983,47663,62117,234384,304175,287382,363013,386141,242241,401480,332219,46812,55254,112494,302363,239406,433531,327557,265349,286270,331416
106,0.08973,0.08972,0.08971,0.0897,0.08969,0.08968,0.08967,0.08966,0.08965,0.08964,0.08974,0.08975,0.08976,0.08977,0.08978,0.08979,0.0898,0.08981,0.08982,0.08983,40047,87623,251083,304356,302384,378067,327583,212545,312023,317286,47454,83139,289293,253874,188268,560838,258933,234814,337284,397415
107,0.08973,0.08972,0.08971,0.0897,0.08969,0.08968,0.08967,0.08966,0.08965,0.08964,0.08974,0.08975,0.08976,0.08977,0.08978,0.08979,0.0898,0.08981,0.08982,0.08983,83233,87424,226572,315127,258392,350000,354101,243453,514228,317219,41893,185489,302277,260211,203191,621477,309270,229160,334592,353254
108,0.08974,0.08973,0.08972,0.08971,0.0897,0.08969,0.08968,0.08967,0.08966,0.08965,0.08975,0.08976,0.08977,0.08978,0.08979,0.0898,0.08981,0.08982,0.08983,0.08984,47218,67408,196522,311733,321927,324632,344546,347174,233089,407738,17723,78831,181152,157329,471655,387489,408284,314671,306119,168153
109,0.08975,0.08974,0.08973,0.08972,0.08971,0.0897,0.08969,0.08968,0.08967,0.08966,0.08976,0.08977,0.08978,0.08979,0.0898,0.08981,0.08982,0.08983,0.08984,0.08985,42634,117211,333146,286699,309753,301406,296877,344546,427482,278654,60695,32298,154624,407297,257175,471281,328070,279765,168253,524749
110,0.08978,0.08977,0.08976,0.08975,0.08974,0.08973,0.08972,0.08971,0.0897,0.08969,0.08979,0.0898,0.08981,0.08982,0.08983,0.08984,0.08985,0.08986,0.08987,0.08988,79370,98913,161111,239715,327620,325570,256328,283018,442967,381199,28596,76213,293351,244415,533739,266134,283547,346239,286860,418608
111,0.08984,0.08983,0.08982,0.08981,0.0898,0.08979,0.08978,0.08977,0.08976,0.08975,0.08985,0.08986,0.08987,0.08988,0.08989,0.0899,0.08991,0.08992,0.08993,0.08994,125077,105136,226268,221496,328516,365143,266066,335493,405391,354887,11795,45930,180531,230258,507226,257037,412759,334518,198217,385120
112,0.08985,0.08984,0.08983,0.08982,0.08981,0.0898,0.08979,0.08978,0.08977,0.08976,0.08986,0.08987,0.08988,0.08989,0.0899,0.08991,0.08992,0.08993,0.08994,0.08995,91186,506213,215783,224145,213548,378705,392875,337597,365052,496581,66319,46861,175310,309167,242416,592488,358142,153843,265191,430660
113,0.08982,0.08981,0.0898,0.08979,0.08978,0.08977,0.08976,0.08975,0.08974,0.08973,0.08983,0.08984,0.08985,0.08986,0.08987,0.08988,0.08989,0.0899,0.08991,0.08992,90289,188878,352208,287508,258865,319510,334843,412370,507267,318933,7946,120935,190846,361239,236761,415180,504417,166918,294025,375901
114,0.08993,0.08992,0.08991,0.0899,0.08989,0.08988,0.08987,0.08986,0.08985,0.08984,0.08994,0.08995,0.08996,0.08997,0.08998,0.08999,0.09,0.09001,0.09002,0.09003,58951,395581,550461,260605,172349,409638,230957,316512,428430,364285,1056,13749,78567,233629,289510,642304,417700,270958,321172,461982
115,0.08994,0.08993,0.08992,0.08991,0.0899,0.08989,0.08988,0.08987,0.08986,0.08985,0.08995,0.08996,0.08997,0.08998,0.08999,0.09,0.09001,0.09002,0.09003,0.09004,71123,123119,445081,380410,369918,205189,488582,226865,387295,340505,86,56677,170810,86659,313721,156235,539816,294996,274891,460730
116,0.08988,0.08987,0.08986,0.08985,0.08984,0.08983,0.08982,0.08981,0.0898,0.08979,0.08989,0.0899,0.08991,0.08992,0.08993,0.08994,0.08995,0.08996,0.08997,0.08998,46692,168947,267410,354807,394292,140799,488608,324801,429963,426441,89633,107679,197000,109705,297155,223653,448311,306756,301842,338423
117,0.08992,0.08991,0.0899,0.08989,0.08988,0.08987,0.08986,0.08985,0.08984,0.08983,0.08993,0.08994,0.08995,0.08996,0.08997,0.08998,0.08999,0.09,0.09001,0.09002,71888,78624,257137,239672,342321,217430,305634,282555,520580,214214,11033,63409,211364,158702,347175,330061,421178,157239,437852,360563
118,0.08999,0.08998,0.08997,0.08996,0.08995,0.08994,0.08993,0.08992,0.08991,0.0899,0.09,0.09001,0.09002,0.09003,0.09004,0.09005,0.09006,0.09007,0.09008,0.09009,116222,95996,373211,278266,237019,324727,401865,220427,357141,399671,22398,50603,220810,275544,389403,554638,136603,156668,423012,255527
119,0.09004,0.09003,0.09002,0.09001,0.09,0.08999,0.08998,0.08997,0.08996,0.08995,0.09005,0.09006,0.09007,0.09008,0.09009,0.0901,0.09011,0.09012,0.09013,0.09014,28175,61795,145969,246271,337977,313606,293882,407473,345520,264055,108269,88106,165746,182270,330173,616691,420792,142348,463207,347609
120,0.09008,0.09007,0.09006,0.09005,0.09004,0.09003,0.09002,0.09001,0.09,0.08999,0.09009,0.0901,0.09011,0.09012,0.09013,0.09014,0.09015,0.09016,0.09017,0.09018,59236,94331,346008,366974,279939,305084,336168,293595,351973,414550,70185,77114,250322,251360,322764,368648,639548,250747,380288,284098
121,0.09014,0.09013,0.09012,0.09011,0.0901,0.09009,0.09008,0.09007,0.09006,0.09005,0.09015,0.09016,0.09017,0.09018,0.09019,0.0902,0.09021,0.09022,0.09023,0.09024,93595,205256,333455,192813,262971,374509,208844,205732,395274,362017,11368,60074,166487,194991,447940,514459,261831,278728,318563,195629
122,0.0901,0.09009,0.09008,0.09007,0.09006,0.09005,0.09004,0.09003,0.09002,0.09001,0.09011,0.09012,0.09013,0.09014,0.09015,0.09016,0.09017,0.09018,0.09019,0.0902,27353,51981,211548,274760,374758,267659,278492,337387,467600,437717,96540,90837,192668,219819,489091,389635,244877,441842,248626,207136
123,0.09007,0.09006,0.09005,0.09004,0.09003,0.09002,0.09001,0.09,0.08999,0.08998,0.09008,0.09009,0.0901,0.09011,0.09012,0.09013,0.09014,0.09015,0.09016,0.09017,57534,106163,247732,249121,345228,350714,426856,439848,455427,397577,21602,45595,84027,242881,352545,483611,373818,409337,222604,286646
124,0.09009,0.09008,0.09007,0.09006,0.09005,0.09004,0.09003,0.09002,0.09001,0.09,0.0901,0.09011,0.09012,0.09013,0.09014,0.09015,0.09016,0.09017,0.09018,0.09019,16404,30764,264820,106203,280552,199337,393939,424995,356221,481742,129688,107881,285002,172393,181890,510664,446347,311099,534089,261288
125,0.09018,0.09017,0.09016,0.09015,0.09014,0.09013,0.09012,0.09011,0.0901,0.09009,0.09019,0.0902,0.09021,0.09022,0.09023,0.09024,0.09025,0.09026,0.09027,0.09028,82804,61861,247829,507088,287310,231956,387505,305941,300455,405503,5106,40765,164997,239703,646753,282711,302717,323815,207322,342244
126,0.09026,0.09025,0.09024,0.09023,0.09022,0.09021,0.0902,0.09019,0.09018,0.09017,0.09027,0.09028,0.09029,0.0903,0.09031,0.09032,0.09033,0.09034,0.09035,0.09036,56975,52833,127477,345073,261689,417412,334647,268078,475622,347561,24876,140802,84928,299338,396514,549380,351036,362721,295612,283789
127,0.09032,0.09031,0.0903,0.09029,0.09028,0.09027,0.09026,0.09025,0.09024,0.09023,0.09033,0.09034,0.09035,0.09036,0.09037,0.09038,0.09039,0.0904,0.09041,0.09042,25205,33475,239017,137803,190883,303145,196892,210422,347600,511624,119905,66220,223635,111314,421452,359861,237448,518465,344331,436820
128,0.09027,0.09026,0.09025,0.09024,0.09023,0.09022,0.09021,0.0902,0.09019,0.09018,0.09028,0.09029,0.0903,0.09031,0.09032,0.09033,0.09034,0.09035,0.09036,0.09037,83281,155148,276424,280276,281740,384762,209639,385659,285104,277253,32537,56297,130550,210940,319626,473572,455231,258274,150296,469497
129,0.09022,0.09021,0.0902,0.09019,0.09018,0.09017,0.09016,0.09015,0.09014,0.09013,0.09023,0.09024,0.09025,0.09026,0.09027,0.09028,0.09029,0.0903,0.09031,0.09032,17827,55980,128707,307672,367134,311991,186027,327245,269842,387692,161636,93224,266273,287454,277764,437728,373447,128578,388974,297981
130,0.09017,0.09016,0.09015,0.09014,0.09013,0.09012,0.09011,0.0901,0.09009,0.09008,0.09018,0.09019,0.0902,0.09021,0.09022,0.09023,0.09024,0.09025,0.09026,0.09027,42635,85931,275424,312861,286372,391394,383788,204550,390989,308571,85984,92036,128373,253159,385340,231950,382580,438954,295508,224720
131,0.09017,0.09016,0.09015,0.09014,0.09013,0.09012,0.09011,0.0901,0.09009,0.09008,0.09018,0.09019,0.0902,0.09021,0.09022,0.09023,0.09024,0.09025,0.09026,0.09027,65791,97518,354291,186979,234527,319423,339374,249542,428819,338297,21215,86417,183736,218364,262730,502419,282479,399417,419346,256316
132,0.09019,0.09018,0.09017,0.09016,0.09015,0.09014,0.09013,0.09012,0.09011,0.0901,0.0902,0.09021,0.09022,0.09023,0.09024,0.09025,0.09026,0.09027,0.09028,0.09029,30503,111248,460653,275248,260003,202673,207388,412669,456061,277555,68786,98556,155444,282850,179032,520475,373323,251520,375860,317694
133,0.09018,0.09017,0.09016,0.09015,0.09014,0.09013,0.09012,0.09011,0.0901,0.09009,0.09019,0.0902,0.09021,0.09022,0.09023,0.09024,0.09025,0.09026,0.09027,0.09028,164743,16804,92070,444594,170626,245291,388274,439291,264391,468658,65010,63036,114935,145643,440938,245432,445984,309353,264235,374168
134,0.09015,0.09014,0.09013,0.09012,0.09011,0.0901,0.09009,0.09008,0.09007,0.09006,0.09016,0.09017,0.09018,0.09019,0.0902,0.09021,0.09022,0.09023,0.09024,0.09025,36,16228,78103,300278,322940,223228,317827,309255,416153,485135,98845,210890,165265,329363,294416,465450,386253,282756,163994,400308
135,0.09011,0.0901,0.09009,0.09008,0.09007,0.09006,0.09005,0.09004,0.09003,0.09002,0.09012,0.09013,0.09014,0.09015,0.09016,0.09017,0.09018,0.09019,0.0902,0.09021,247,12193,81432,337011,215662,431708,268805,185118,473291,356511,145942,154434,119078,280013,501385,463834,145820,443525,278855,247989
136,0.0901,0.09009,0.09008,0.09007,0.09006,0.09005,0.09004,0.09003,0.09002,0.09001,0.09011,0.09012,0.09013,0.09014,0.09015,0.09016,0.09017,0.09018,0.09019,0.0902,84,35293,152959,239035,403121,315778,273142,578354,319251,343870,86721,62435,206262,249945,354460,343491,532415,215119,340801,237545
137,0.09004,0.09003,0.09002,0.09001,0.09,0.08999,0.08998,0.08997,0.08996,0.08995,0.09005,0.09006,0.09007,0.09008,0.09009,0.0901,0.09011,0.09012,0.09013,0.09014,55289,136879,267819,308156,435954,376200,262550,437188,304017,375074,63815,113757,187519,295952,278819,327069,519857,237954,390320,278750
138,0.09,0.08999,0.08998,0.08997,0.08996,0.08995,0.08994,0.08993,0.08992,0.08991,0.09001,0.09002,0.09003,0.09004,0.09005,0.09006,0.09007,0.09008,0.09009,0.0901,83193,201995,281310,370800,316630,248505,391953,243468,446969,458753,4034,75432,129880,161555,319085,332323,540212,366635,431858,241982
139,0.08998,0.08997,0.08996,0.08995,0.08994,0.08993,0.08992,0.08991,0.0899,0.08989,0.08999,0.09,0.09001,0.09002,0.09003,0.09004,0.09005,0.09006,0.09007,0.09008,87588,106938,240972,251052,360795,224815,399088,537285,270803,331498,65907,170054,269483,198294,306525,345933,501175,254629,391465,436415
140,0.09002,0.09001,0.09,0.08999,0.08998,0.08997,0.08996,0.08995,0.08994,0.08993,0.09003,0.09004,0.09005,0.09006,0.09007,0.09008,0.09009,0.0901,0.09011,0.09012,12155,95356,208803,251137,329664,298506,249937,381533,326423,238010,102510,106539,371956,245987,251813,352592,619767,241310,346340,211570
141,0.09003,0.09002,0.09001,0.09,0.08999,0.08998,0.08997,0.08996,0.08995,0.08994,0.09004,0.09005,0.09006,0.09007,0.09008,0.09009,0.0901,0.09011,0.09012,0.09013,56889,105946,241503,330651,273909,408867,318185,292060,345488,357363,16589,63697,197458,291068,289719,315881,522007,375030,211570,409072
142,0.09001,0.09,0.08999,0.08998,0.08997,0.08996,0.08995,0.08994,0.08993,0.08992,0.09002,0.09003,0.09004,0.09005,0.09006,0.09007,0.09008,0.09009,0.0901,0.09011,40601,34276,91095,403443,316140,200904,345343,457580,319675,460365,83179,250896,236314,329200,448025,490878,190365,307182,291503,431342
143,0.08999,0.08998,0.08997,0.08996,0.08995,0.08994,0.08993,0.08992,0.08991,0.0899,0.09,0.09001,0.09002,0.09003,0.09004,0.09005,0.09006,0.09007,0.09008,0.09009,110675,73357,210999,183216,358599,339441,307393,325335,477961,566633,88662,143852,209565,304839,297680,604855,224842,318691,266615,420590
144,0.09005,0.09004,0.09003,0.09002,0.09001,0.09,0.08999,0.08998,0.08997,0.08996,0.09006,0.09007,0.09008,0.09009,0.0901,0.09011,0.09012,0.09013,0.09014,0.09015,105627,234920,279330,213294,349549,288640,209835,388804,433916,445651,6668,52809,131110,164063,191109,535708,473674,290850,307649,310351
145,0.09008,0.09007,0.09006,0.09005,0.09004,0.09003,0.09002,0.09001,0.09,0.08999,0.09009,0.0901,0.09011,0.09012,0.09013,0.09014,0.09015,0.09016,0.09017,0.09018,71329,207334,373321,208344,453361,197541,224779,471573,415247,333724,26030,50326,129106,94826,170209,345049,457473,310375,394384,272237
146,0.09005,0.09004,0.09003,0.09002,0.09001,0.09,0.08999,0.08998,0.08997,0.08996,0.09006,0.09007,0.09008,0.09009,0.0901,0.09011,0.09012,0.09013,0.09014,0.09015,67983,104778,177493,197713,380915,304626,305494,315959,507231,356946,51264,63777,145243,230768,525912,551285,193086,390230,210592,260875
147,0.09004,0.09003,0.09002,0.09001,0.09,0.08999,0.08998,0.08997,0.08996,0.08995,0.09005,0.09006,0.09007,0.09008,0.09009,0.0901,0.09011,0.09012,0.09013,0.09014,33062,59634,197493,326923,299353,301425,331953,420638,208166,326512,75098,115312,148458,121239,291047,538144,500079,160744,379459,376394
148,0.09004,0.09003,0.09002,0.09001,0.09,0.08999,0.08998,0.08997,0.08996,0.08995,0.09005,0.09006,0.09007,0.09008,0.09009,0.0901,0.09011,0.09012,0.09013,0.09014,76474,147033,235305,400797,299313,285912,284721,402828,298184,326579,2824,31878,45509,197042,424602,515673,392083,162136,381623,233539
149,0.08999,0.08998,0.08997,0.08996,0.08995,0.08994,0.08993,0.08992,0.08991,0.0899,0.09,0.09001,0.09002,0.09003,0.09004,0.09005,0.09006,0.09007,0.09008,0.09009,100631,104733,292374,168347,339824,379860,218260,407789,534872,361810,1057,98857,211323,353104,422225,272236,308533,396914,126569,271234
150,0.09002,0.09001,0.09,0.08999,0.08998,0.08997,0.08996,0.08995,0.08994,0.08993,0.09003,0.09004,0.09005,0.09006,0.09007,0.09008,0.09009,0.0901,0.09011,0.09012,64752,120450,344695,272363,347776,284223,157169,270159,471100,239872,67548,106844,390418,468782,403332,176583,246483,441797,123798,176912
151,0.09006,0.09005,0.09004,0.09003,0.09002,0.09001,0.09,0.08999,0.08998,0.08997,0.09007,0.09008,0.09009,0.0901,0.09011,0.09012,0.09013,0.09014,0.09015,0.09016,139207,144252,292104,362213,198725,344254,325612,239470,397925,396126,24581,24272,132405,334642,307328,482289,400476,187204,212129,511708
152,0.09004,0.09003,0.09002,0.09001,0.09,0.08999,0.08998,0.08997,0.08996,0.08995,0.09005,0.09006,0.09007,0.09008,0.09009,0.0901,0.09011,0.09012,0.09013,0.09014,35029,84723,202940,425377,366259,262710,405747,267370,196725,317435,44141,81016,177805,265492,253351,532338,298771,234400,448941,186854
153,0.09011,0.0901,0.09009,0.09008,0.09007,0.09006,0.09005,0.09004,0.09003,0.09002,0.09012,0.09013,0.09014,0.09015,0.09016,0.09017,0.09018,0.09019,0.0902,0.09021,42259,102546,311250,324575,343540,359623,253225,312389,359769,346943,29350,60806,87156,400628,499491,337538,220408,435550,237744,382981
154,0.09007,0.09006,0.09005,0.09004,0.09003,0.09002,0.09001,0.09,0.08999,0.08998,0.09008,0.09009,0.0901,0.09011,0.09012,0.09013,0.09014,0.09015,0.09016,0.09017,85,42953,143313,192858,295127,223889,405174,329713,252378,479947,118316,159986,242123,341372,260293,655372,277876,281192,406513,447338
155,0.09,0.08999,0.08998,0.08997,0.08996,0.08995,0.08994,0.08993,0.08992,0.08991,0.09001,0.09002,0.09003,0.09004,0.09005,0.09006,0.09007,0.09008,0.09009,0.0901,27011,47830,210366,437363,286047,302074,492885,216583,459039,486188,47017,127235,161465,293519,279507,302857,656549,327256,372931,374455
156,0.09006,0.09005,0.09004,0.09003,0.09002,0.09001,0.09,0.08999,0.08998,0.08997,0.09007,0.09008,0.09009,0.0901,0.09011,0.09012,0.09013,0.09014,0.09015,0.09016,142531,267280,402864,273749,264330,286134,269536,350287,406162,384337,283,81877,226987,287463,350275,405440,566035,194486,218725,500158
157,0.09014,0.09013,0.09012,0.09011,0.0901,0.09009,0.09008,0.09007,0.09006,0.09005,0.09015,0.09016,0.09017,0.09018,0.09019,0.0902,0.09021,0.09022,0.09023,0.09024,54929,205041,293598,335890,216470,332393,269115,328633,304284,296476,24951,41762,88445,285822,248726,467046,516957,191782,321416,379240
158,0.09012,0.09011,0.0901,0.09009,0.09008,0.09007,0.09006,0.09005,0.09004,0.09003,0.09013,0.09014,0.09015,0.09016,0.09017,0.09018,0.09019,0.0902,0.09021,0.09022,9287,20451,197192,450895,274555,300959,285522,318480,414020,395888,119300,64938,207639,115645,333980,304412,494011,324873,357293,282434
159,0.09016,0.09015,0.09014,0.09013,0.09012,0.09011,0.0901,0.09009,0.09008,0.09007,0.09017,0.09018,0.09019,0.0902,0.09021,0.09022,0.09023,0.09024,0.09025,0.09026,18979,88297,252970,316720,319685,294660,369657,335427,275705,300377,94487,86105,179483,201407,196338,264625,546147,278359,318129,626170
160,0.09014,0.09013,0.09012,0.09011,0.0901,0.09009,0.09008,0.09007,0.09006,0.09005,0.09015,0.09016,0.09017,0.09018,0.09019,0.0902,0.09021,0.09022,0.09023,0.09024,27550,79052,222308,188487,151903,375211,225106,333292,436882,369437,61081,153400,315140,253558,325168,461216,377744,339060,421801,196974
161,0.09017,0.09016,0.09015,0.09014,0.09013,0.09012,0.09011,0.0901,0.09009,0.09008,0.09018,0.09019,0.0902,0.09021,0.09022,0.09023,0.09024,0.09025,0.09026,0.09027,2092,16964,217721,259776,221852,410781,405602,184763,423783,355963,96049,345688,331994,212228,293425,638771,262031,292231,453961,311122
162,0.09013,0.09012,0.09011,0.0901,0.09009,0.09008,0.09007,0.09006,0.09005,0.09004,0.09014,0.09015,0.09016,0.09017,0.09018,0.09019,0.0902,0.09021,0.09022,0.09023,101127,75539,112154,114418,473952,225173,316129,282443,391798,262274,39765,89297,227029,287075,227268,537267,463653,254607,277625,384465
163,0.09015,0.09014,0.09013,0.09012,0.09011,0.0901,0.09009,0.09008,0.09007,0.09006,0.09016,0.09017,0.09018,0.09019,0.0902,0.09021,0.09022,0.09023,0.09024,0.09025,110146,118854,249968,416918,281918,139309,414930,325619,327254,283378,17277,62227,233375,320632,296024,514927,336368,382896,153027,273863
164,0.09013,0.09012,0.09011,0.0901,0.09009,0.09008,0.09007,0.09006,0.09005,0.09004,0.09014,0.09015,0.09016,0.09017,0.09018,0.09019,0.0902,0.09021,0.09022,0.09023,271749,198846,382736,222413,296276,335782,255144,388251,353295,197611,13905,13313,149829,71707,175623,408142,488998,222249,406634,308893
165,0.09012,0.09011,0.0901,0.09009,0.09008,0.09007,0.09006,0.09005,0.09004,0.09003,0.09013,0.09014,0.09015,0.09016,0.09017,0.09018,0.09019,0.0902,0.09021,0.09022,91592,59380,151592,326247,316538,299301,312891,387860,170791,475197,64168,164667,291733,226022,411258,426080,435579,287600,337171,364314
166,0.09001,0.09,0.08999,0.08998,0.08997,0.08996,0.08995,0.08994,0.08993,0.08992,0.09002,0.09003,0.09004,0.09005,0.09006,0.09007,0.09008,0.09009,0.0901,0.09011,28752,134723,187549,249482,340970,213171,377723,238973,269855,282150,92034,207685,398831,242705,191176,548837,305550,231939,477901,271635
167,0.08995,0.08994,0.08993,0.08992,0.08991,0.0899,0.08989,0.08988,0.08987,0.08986,0.08996,0.08997,0.08998,0.08999,0.09,0.09001,0.09002,0.09003,0.09004,0.09005,29717,129380,123550,266601,350670,304781,173079,403529,389230,510552,50525,193913,370835,229196,387751,328453,513107,390187,446527,273210
168,0.09006,0.09005,0.09004,0.09003,0.09002,0.09001,0.09,0.08999,0.08998,0.08997,0.09007,0.09008,0.09009,0.0901,0.09011,0.09012,0.09013,0.09014,0.09015,0.09016,87761,77156,178246,322637,302660,370322,394276,276701,379202,379299,20974,141950,353350,302151,202730,397512,447631,175072,259747,520018
169,0.09008,0.09007,0.09006,0.09005,0.09004,0.09003,0.09002,0.09001,0.09,0.08999,0.09009,0.0901,0.09011,0.09012,0.09013,0.09014,0.09015,0.09016,0.09017,0.09018,37358,64594,169155,286043,372680,321426,286574,350314,430912,398091,69183,142325,292491,111803,495352,388072,396430,373307,336620,221479
170,0.09009,0.09008,0.09007,0.09006,0.09005,0.09004,0.09003,0.09002,0.09001,0.09,0.0901,0.09011,0.09012,0.09013,0.09014,0.09015,0.09016,0.09017,0.09018,0.09019,20850,80079,233090,164758,256393,347495,411345,239017,359795,358179,60482,111727,288143,364440,256231,360612,571082,329920,212449,419521
171,0.09006,0.09005,0.09004,0.09003,0.09002,0.09001,0.09,0.08999,0.08998,0.08997,0.09007,0.09008,0.09009,0.0901,0.09011,0.09012,0.09013,0.09014,0.09015,0.09016,131865,126433,394575,260596,167346,421293,229019,430919,414745,311392,16602,105194,268555,351818,410876,466080,374207,177284,236281,361968
172,0.09011,0.0901,0.09009,0.09008,0.09007,0.09006,0.09005,0.09004,0.09003,0.09002,0.09012,0.09013,0.09014,0.09015,0.09016,0.09017,0.09018,0.09019,0.0902,0.09021,6269,118029,206122,282192,356273,309388,312154,365434,346764,244216,69322,75937,103351,419344,488149,361274,163466,442639,320066,267071
173,0.09013,0.09012,0.09011,0.0901,0.09009,0.09008,0.09007,0.09006,0.09005,0.09004,0.09014,0.09015,0.09016,0.09017,0.09018,0.09019,0.0902,0.09021,0.09022,0.09023,134725,251784,242980,381002,327658,277068,350020,329454,329993,343315,21104,19665,255741,344358,181961,628338,356545,315135,365319,260012
174,0.09019,0.09018,0.09017,0.09016,0.09015,0.09014,0.09013,0.09012,0.09011,0.0901,0.0902,0.09021,0.09022,0.09023,0.09024,0.09025,0.09026,0.09027,0.09028,0.09029,101639,81785,195398,383990,244316,258019,521157,379622,194765,556086,20213,53080,245822,533771,376162,342405,532666,278707,227576,491515
175,0.09015,0.09014,0.09013,0.09012,0.09011,0.0901,0.09009,0.09008,0.09007,0.09006,0.09016,0.09017,0.09018,0.09019,0.0902,0.09021,0.09022,0.09023,0.09024,0.09025,16039,78183,248020,328276,217463,442508,258499,360314,459240,346967,60258,130471,266070,249643,302426,390084,379991,509580,203123,308146
176,0.09012,0.09011,0.0901,0.09009,0.09008,0.09007,0.09006,0.09005,0.09004,0.09003,0.09013,0.09014,0.09015,0.09016,0.09017,0.09018,0.09019,0.0902,0.09021,0.09022,114454,276,67563,160136,228753,426063,323405,251497,418063,244727,84049,359886,356773,278014,567971,370012,415540,462845,367882,239283
177,0.0901,0.09009,0.09008,0.09007,0.09006,0.09005,0.09004,0.09003,0.09002,0.09001,0.09011,0.09012,0.09013,0.09014,0.09015,0.09016,0.09017,0.09018,0.09019,0.0902,87491,216014,321146,343458,338851,204702,392052,295765,222969,482467,15855,109241,217494,295789,195575,387394,804900,175340,314692,459181
178,0.09012,0.09011,0.0901,0.09009,0.09008,0.09007,0.09006,0.09005,0.09004,0.09003,0.09013,0.09014,0.09015,0.09016,0.09017,0.09018,0.09019,0.0902,0.09021,0.09022,87943,70731,286784,320371,264507,387843,384191,204689,343680,301645,54465,97702,335720,297879,501586,267058,467901,418466,216848,220384
179,0.09014,0.09013,0.09012,0.09011,0.0901,0.09009,0.09008,0.09007,0.09006,0.09005,0.09015,0.09016,0.09017,0.09018,0.09019,0.0902,0.09021,0.09022,0.09023,0.09024,89210,142642,360262,244910,392141,331392,247033,357466,463764,358687,34452,148502,187779,201542,261318,351896,372970,198721,547560,218396
180,0.09021,0.0902,0.09019,0.09018,0.09017,0.09016,0.09015,0.09014,0.09013,0.09012,0.09022,0.09023,0.09024,0.09025,0.09026,0.09027,0.09028,0.09029,0.0903,0.09031,68900,64899,198634,339727,317621,425932,291595,212919,450190,483254,8927,124197,342494,228140,272475,447289,577919,408492,338808,319037
181,0.09022,0.09021,0.0902,0.09019,0.09018,0.09017,0.09016,0.09015,0.09014,0.09013,0.09023,0.09024,0.09025,0.09026,0.09027,0.09028,0.09029,0.0903,0.09031,0.09032,219228,171191,231237,413111,300451,338193,425178,328492,330560,463634,13294,6660,113326,248211,373421,435455,381684,311514,425558,253460
182,0.09019,0.09018,0.09017,0.09016,0.09015,0.09014,0.09013,0.09012,0.09011,0.0901,0.0902,0.09021,0.09022,0.09023,0.09024,0.09025,0.09026,0.09027,0.09028,0.09029,650,39386,120607,272848,351489,277319,372517,465424,368517,393723,82523,198492,281614,496027,280413,399515,268392,400606,269956,445217
183,0.09025,0.09024,0.09023,0.09022,0.09021,0.0902,0.09019,0.09018,0.09017,0.09016,0.09026,0.09027,0.09028,0.09029,0.0903,0.09031,0.09032,0.09033,0.09034,0.09035,91777,159470,168089,523710,198806,221167,349714,287178,319299,427479,53594,58585,64147,76590,191873,282536,285461,409232,367756,395956
184,0.0902,0.09019,0.09018,0.09017,0.09016,0.09015,0.09014,0.09013,0.09012,0.09011,0.09021,0.09022,0.09023,0.09024,0.09025,0.09026,0.09027,0.09028,0.09029,0.0903,43278,112190,284163,118849,441096,327699,508437,495945,376771,263145,98631,65808,126788,123845,339711,285795,315020,438213,318292,304866
185,0.09023,0.09022,0.09021,0.0902,0.09019,0.09018,0.09017,0.09016,0.09015,0.09014,0.09024,0.09025,0.09026,0.09027,0.09028,0.09029,0.0903,0.09031,0.09032,0.09033,102098,245830,333979,253290,513090,228288,230092,432440,325548,287699,6303,98775,186525,277463,372582,628807,211153,388900,275490,304211
186,0.09024,0.09023,0.09022,0.09021,0.0902,0.09019,0.09018,0.09017,0.09016,0.09015,0.09025,0.09026,0.09027,0.09028,0.09029,0.0903,0.09031,0.09032,0.09033,0.09034,2820,35153,213379,309869,203094,506949,223271,227400,461577,348517,76100,126421,418525,399675,623117,205408,396613,227290,284168,359552
187,0.09023,0.09022,0.09021,0.0902,0.09019,0.09018,0.09017,0.09016,0.09015,0.09014,0.09024,0.09025,0.09026,0.09027,0.09028,0.09029,0.0903,0.09031,0.09032,0.09033,65241,151210,345324,269678,438911,222171,227400,457129,415178,443776,66693,40813,223358,245758,319871,317509,322009,647890,222571,327533
188,0.09024,0.09023,0.09022,0.09021,0.0902,0.09019,0.09018,0.09017,0.09016,0.09015,0.09025,0.09026,0.09027,0.09028,0.09029,0.0903,0.09031,0.09032,0.09033,0.09034,1613,22549,148373,277899,171591,395521,222198,230092,459382,417501,92920,98125,174076,244788,307519,176689,469093,392308,312986,366262
189,0.09028,0.09027,0.09026,0.09025,0.09024,0.09023,0.09022,0.09021,0.0902,0.09019,0.09029,0.0903,0.09031,0.09032,0.09033,0.09034,0.09035,0.09036,0.09037,0.09038,152,132223,163714,295785,362473,345222,382864,528825,335307,333809,224671,89678,341312,396354,229707,365788,587040,235383,285908,442370
190,0.09025,0.09024,0.09023,0.09022,0.09021,0.0902,0.09019,0.09018,0.09017,0.09016,0.09026,0.09027,0.09028,0.09029,0.0903,0.09031,0.09032,0.09033,0.09034,0.09035,88764,165408,253563,382098,358312,338520,429997,193663,234928,409116,17030,48001,119322,313958,135980,343066,662807,352650,233197,458388
191,0.09028,0.09027,0.09026,0.09025,0.09024,0.09023,0.09022,0.09021,0.0902,0.09019,0.09029,0.0903,0.09031,0.09032,0.09033,0.09034,0.09035,0.09036,0.09037,0.09038,140819,181240,278237,376847,301959,213461,409841,319365,336259,450159,34921,20605,262488,368784,347269,413559,483141,239275,256118,352490
192,0.0903,0.09029,0.09028,0.09027,0.09026,0.09025,0.09024,0.09023,0.09022,0.09021,0.09031,0.09032,0.09033,0.09034,0.09035,0.09036,0.09037,0.09038,0.09039,0.0904,4829,24921,192019,118958,369807,381926,197103,268814,352138,487611,97042,106507,297959,248406,287272,239312,395407,354310,177250,294683
193,0.09029,0.09028,0.09027,0.09026,0.09025,0.09024,0.09023,0.09022,0.09021,0.0902,0.0903,0.09031,0.09032,0.09033,0.09034,0.09035,0.09036,0.09037,0.09038,0.09039,67517,253306,318373,386970,226101,341452,300329,357936,272870,306406,158,30377,143280,222552,224624,471977,250557,352726,339717,312011
194,0.09016,0.09015,0.09014,0.09013,0.09012,0.09011,0.0901,0.09009,0.09008,0.09007,0.09017,0.09018,0.09019,0.0902,0.09021,0.09022,0.09023,0.09024,0.09025,0.09026,101627,156283,250656,399880,387597,274414,335887,207720,406865,405717,46164,85896,210054,80718,274137,437454,508517,127712,312153,279198
195,0.09017,0.09016,0.09015,0.09014,0.09013,0.09012,0.09011,0.0901,0.09009,0.09008,0.09018,0.09019,0.0902,0.09021,0.09022,0.09023,0.09024,0.09025,0.09026,0.09027,56893,373703,339506,242120,331711,324487,241099,326906,315588,443814,26142,50611,247410,184481,206875,504597,266993,485218,274900,456253
196,0.09013,0.09012,0.09011,0.0901,0.09009,0.09008,0.09007,0.09006,0.09005,0.09004,0.09014,0.09015,0.09016,0.09017,0.09018,0.09019,0.0902,0.09021,0.09022,0.09023,124166,258476,188501,441327,244175,329221,368073,407311,147869,436373,17451,61105,269728,245676,202814,600759,310676,335985,316100,326351
197,0.09013,0.09012,0.09011,0.0901,0.09009,0.09008,0.09007,0.09006,0.09005,0.09004,0.09014,0.09015,0.09016,0.09017,0.09018,0.09019,0.0902,0.09021,0.09022,0.09023,198782,287052,321127,374153,266235,271412,453279,295249,323198,332884,15165,157621,290414,211859,167544,655860,302292,325153,328374,467445
198,0.09018,0.09017,0.09016,0.09015,0.09014,0.09013,0.09012,0.09011,0.0901,0.09009,0.09019,0.0902,0.09021,0.09022,0.09023,0.09024,0.09025,0.09026,0.09027,0.09028,20474,198746,375827,363797,250651,396845,403364,377431,381355,285005,42909,126382,211152,226455,282982,262569,640363,208171,337411,393083
199,0.09023,0.09022,0.09021,0.0902,0.09019,0.09018,0.09017,0.09016,0.09015,0.09014,0.09024,0.09025,0.09026,0.09027,0.09028,0.09029,0.0903,0.09031,0.09032,0.09033,65250,378872,299521,241620,378942,336444,247764,374774,366390,325841,43981,82234,226600,286805,186856,366170,252701,377962,272233,324546
200,0.09023,0.09022,0.09021,0.0902,0.09019,0.09018,0.09017,0.09016,0.09015,0.09014,0.09024,0.09025,0.09026,0.09027,0.09028,0.09029,0.0903,0.09031,0.09032,0.09033,43323,414657,371281,249941,390601,295157,275519,348219,439931,250941,6165,105792,232560,290975,198467,250875,581746,355315,288428,346202
201,0.09028,0.09027,0.09026,0.09025,0.09024,0.09023,0.09022,0.09021,0.0902,0.09019,0.09029,0.0903,0.09031,0.09032,0.09033,0.09034,0.09035,0.09036,0.09037,0.09038,54854,74472,277808,418539,330928,268352,554525,357389,333100,467397,64941,144021,254940,139643,267752,329123,549593,349448,327116,407202
202,0.09041,0.0904,0.09039,0.09038,0.09037,0.09036,0.09035,0.09034,0.09033,0.09032,0.09042,0.09043,0.09044,0.09045,0.09046,0.09047,0.09048,0.09049,0.0905,0.09051,15632,243862,372535,266056,342176,210916,372674,516829,303842,276804,94444,74300,220299,167229,238178,501732,439897,344802,294662,319767
203,0.09032,0.09031,0.0903,0.09029,0.09028,0.09027,0.09026,0.09025,0.09024,0.09023,0.09033,0.09034,0.09035,0.09036,0.09037,0.09038,0.09039,0.0904,0.09041,0.09042,74569,337701,426236,319761,356879,299291,346085,438375,325791,299746,33314,20214,126852,259921,298676,422238,221250,591515,588490,241275
204,0.0904,0.09039,0.09038,0.09037,0.09036,0.09035,0.09034,0.09033,0.09032,0.09031,0.09041,0.09042,0.09043,0.09044,0.09045,0.09046,0.09047,0.09048,0.09049,0.0905,67189,198066,253875,540838,333744,255397,411582,443890,408896,490495,35993,77202,111156,241555,265710,287252,567864,478377,211350,319563
205,0.09036,0.09035,0.09034,0.09033,0.09032,0.09031,0.0903,0.09029,0.09028,0.09027,0.09037,0.09038,0.09039,0.0904,0.09041,0.09042,0.09043,0.09044,0.09045,0.09046,7263,136020,446708,403381,342318,374418,357301,335052,367752,360402,119292,118527,107162,234643,366316,469921,406588,515033,314934,250738
206,0.09032,0.09031,0.0903,0.09029,0.09028,0.09027,0.09026,0.09025,0.09024,0.09023,0.09033,0.09034,0.09035,0.09036,0.09037,0.09038,0.09039,0.0904,0.09041,0.09042,28764,89074,303933,234963,405823,282923,265718,483444,422841,274591,64301,2248286,124413,252639,185389,435239,522694,434548,366394,386583
207,0.09027,0.09026,0.09025,0.09024,0.09023,0.09022,0.09021,0.0902,0.09019,0.09018,0.09028,0.09029,0.0903,0.09031,0.09032,0.09033,0.09034,0.09035,0.09036,0.09037,177829,217265,524021,323876,227074,367348,295302,461129,421807,413680,7137,55092,124461,230841,214373,1164790,2397962,264662,371613,215419
208,0.09022,0.09021,0.0902,0.09019,0.09018,0.09017,0.09016,0.09015,0.09014,0.09013,0.09023,0.09024,0.09025,0.09026,0.09027,0.09028,0.09029,0.0903,0.09031,0.09032,41765,78099,334493,439421,371892,203996,543618,328966,390875,506107,83145,113258,181121,187222,565581,347748,372170,458176,276016,382470
209,0.09025,0.09024,0.09023,0.09022,0.09021,0.0902,0.09019,0.09018,0.09017,0.09016,0.09026,0.09027,0.09028,0.09029,0.0903,0.09031,0.09032,0.09033,0.09034,0.09035,109528,370554,322469,473388,305799,460767,339546,426326,228502,652231,18695,41475,99543,240027,258081,538109,272369,520974,201669,302992
210,0.09026,0.09025,0.09024,0.09023,0.09022,0.09021,0.0902,0.09019,0.09018,0.09017,0.09027,0.09028,0.09029,0.0903,0.09031,0.09032,0.09033,0.09034,0.09035,0.09036,77681,287180,451133,306633,478118,347147,508529,484222,358449,227297,20928,34292,78423,77365,140038,255135,862984,257716,227500,364189
211,0.09035,0.09034,0.09033,0.09032,0.09031,0.0903,0.09029,0.09028,0.09027,0.09026,0.09036,0.09037,0.09038,0.09039,0.0904,0.09041,0.09042,0.09043,0.09044,0.09045,87470,312117,323856,351260,324587,398201,192343,622062,352841,411486,11187,74288,191685,214278,239808,583049,348883,186497,444260,378833
212,0.09039,0.09038,0.09037,0.09036,0.09035,0.09034,0.09033,0.09032,0.09031,0.0903,0.0904,0.09041,0.09042,0.09043,0.09044,0.09045,0.09046,0.09047,0.09048,0.09049,17979,105569,399376,308861,240873,406534,315769,334580,438460,383170,81534,69837,161905,244582,619119,351371,297408,296206,447859,191742
213,0.09042,0.09041,0.0904,0.09039,0.09038,0.09037,0.09036,0.09035,0.09034,0.09033,0.09043,0.09044,0.09045,0.09046,0.09047,0.09048,0.09049,0.0905,0.09051,0.09052,39339,283199,532142,322615,338750,423585,293091,298384,406271,325997,150966,70678,51300,80291,284413,402134,446610,495926,394598,272028
214,0.09039,0.09038,0.09037,0.09036,0.09035,0.09034,0.09033,0.09032,0.09031,0.0903,0.0904,0.09041,0.09042,0.09043,0.09044,0.09045,0.09046,0.09047,0.09048,0.09049,33095,160234,376877,291557,225366,418507,351229,374825,372859,437468,95332,126912,167885,153317,377414,419149,433778,428261,399689,306701
215,0.09033,0.09032,0.09031,0.0903,0.09029,0.09028,0.09027,0.09026,0.09025,0.09024,0.09034,0.09035,0.09036,0.09037,0.09038,0.09039,0.0904,0.09041,0.09042,0.09043,6353,94730,218909,354054,248980,402739,286416,414854,422745,567574,148118,177770,255639,129457,464502,353656,388953,433178,342948,251448
216,0.09027,0.09026,0.09025,0.09024,0.09023,0.09022,0.09021,0.0902,0.09019,0.09018,0.09028,0.09029,0.0903,0.09031,0.09032,0.09033,0.09034,0.09035,0.09036,0.09037,47079,258084,516408,302631,292373,423300,274560,313064,547957,342467,65323,74579,141069,215397,311736,303051,490429,372957,478352,344806
217,0.09023,0.09022,0.09021,0.0902,0.09019,0.09018,0.09017,0.09016,0.09015,0.09014,0.09024,0.09025,0.09026,0.09027,0.09028,0.09029,0.0903,0.09031,0.09032,0.09033,52580,292421,409720,257063,366267,359067,315526,329276,346342,272577,40489,99985,235810,155874,370525,261300,511303,350639,340151,227993
218,0.09023,0.09022,0.09021,0.0902,0.09019,0.09018,0.09017,0.09016,0.09015,0.09014,0.09024,0.09025,0.09026,0.09027,0.09028,0.09029,0.0903,0.09031,0.09032,0.09033,190863,290622,461286,334032,337376,322690,292365,410932,288342,272878,3126,52502,143709,153203,308291,508965,294269,430950,308517,175689
219,0.0903,0.09029,0.09028,0.09027,0.09026,0.09025,0.09024,0.09023,0.09022,0.09021,0.09031,0.09032,0.09033,0.09034,0.09035,0.09036,0.09037,0.09038,0.09039,0.0904,167014,271800,500994,296149,314032,365068,436108,408764,359865,335339,320,35503,100768,199472,449923,354067,223267,411531,205776,548965
220,0.09026,0.09025,0.09024,0.09023,0.09022,0.09021,0.0902,0.09019,0.09018,0.09017,0.09027,0.09028,0.09029,0.0903,0.09031,0.09032,0.09033,0.09034,0.09035,0.09036,44598,201054,375493,467317,408300,333234,261947,504903,410665,389597,76798,52917,138759,289919,364902,525152,184201,403530,500797,192001
221,0.09033,0.09032,0.09031,0.0903,0.09029,0.09028,0.09027,0.09026,0.09025,0.09024,0.09034,0.09035,0.09036,0.09037,0.09038,0.09039,0.0904,0.09041,0.09042,0.09043,122510,208739,327249,493404,294127,471651,281211,275590,540240,335174,38188,55332,193075,373868,353170,250843,463144,283901,415995,205639
222,0.09039,0.09038,0.09037,0.09036,0.09035,0.09034,0.09033,0.09032,0.09031,0.0903,0.0904,0.09041,0.09042,0.09043,0.09044,0.09045,0.09046,0.09047,0.09048,0.09049,204622,275362,434836,236285,261399,437906,376212,277208,494533,383178,22999,22381,91223,187888,607258,363720,347030,431834,383237,291963
223,0.09047,0.09046,0.09045,0.09044,0.09043,0.09042,0.09041,0.0904,0.09039,0.09038,0.09048,0.09049,0.0905,0.09051,0.09052,0.09053,0.09054,0.09055,0.09056,0.09057,35726,7928,294825,426436,440836,322687,387843,477641,499635,297621,93503,97827,213029,238898,245563,501734,477750,401470,439802,314426
224,0.09047,0.09046,0.09045,0.09044,0.09043,0.09042,0.09041,0.0904,0.09039,0.09038,0.09048,0.09049,0.0905,0.09051,0.09052,0.09053,0.09054,0.09055,0.09056,0.09057,46401,72266,271292,442155,424242,361463,368048,527276,440982,349974,103546,142870,237176,321325,256586,419871,457845,402342,479321,407641
225,0.09046,0.09045,0.09044,0.09043,0.09042,0.09041,0.0904,0.09039,0.09038,0.09037,0.09047,0.09048,0.09049,0.0905,0.09051,0.09052,0.09053,0.09054,0.09055,0.09056,56002,201002,528752,322652,322823,321009,527576,499635,264994,529926,43965,43885,125940,283544,303569,224542,493755,463937,403447,399220
226,0.09042,0.09041,0.0904,0.09039,0.09038,0.09037,0.09036,0.09035,0.09034,0.09033,0.09043,0.09044,0.09045,0.09046,0.09047,0.09048,0.09049,0.0905,0.09051,0.09052,53452,189546,513283,321299,264318,381589,308894,268273,486553,329042,29141,109618,271181,232970,452289,564278,407657,337466,570513,158857
227,0.09044,0.09043,0.09042,0.09041,0.0904,0.09039,0.09038,0.09037,0.09036,0.09035,0.09045,0.09046,0.09047,0.09048,0.09049,0.0905,0.09051,0.09052,0.09053,0.09054,171807,298608,505984,309002,447062,374399,325004,356513,390472,240372,9169,36848,73989,122727,272147,431618,481369,322499,546043,512894
228,0.09048,0.09047,0.09046,0.09045,0.09044,0.09043,0.09042,0.09041,0.0904,0.09039,0.09049,0.0905,0.09051,0.09052,0.09053,0.09054,0.09055,0.09056,0.09057,0.09058,42965,90889,306988,253960,400430,406278,348861,277598,602937,371746,59073,91730,185720,225085,448765,590240,247033,388854,447473,565453
229,0.09048,0.09047,0.09046,0.09045,0.09044,0.09043,0.09042,0.09041,0.0904,0.09039,0.09049,0.0905,0.09051,0.09052,0.09053,0.09054,0.09055,0.09056,0.09057,0.09058,293999,307027,564236,341715,346285,422476,332997,325731,659460,475548,280,12884,37176,155115,359165,164880,295375,550502,406131,349832
230,0.09048,0.09047,0.09046,0.09045,0.09044,0.09043,0.09042,0.09041,0.0904,0.09039,0.09049,0.0905,0.09051,0.09052,0.09053,0.09054,0.09055,0.09056,0.09057,0.09058,37843,24525,233818,356521,361496,379172,301680,277627,504269,325390,170113,266849,145999,281708,320172,305418,469746,474689,178185,402610
231,0.09055,0.09054,0.09053,0.09052,0.09051,0.0905,0.09049,0.09048,0.09047,0.09046,0.09056,0.09057,0.09058,0.09059,0.0906,0.09061,0.09062,0.09063,0.09064,0.09065,294566,197183,550057,380176,332945,322069,411493,331143,375868,419590,370,21451,77330,120970,254351,256601,546343,528385,522519,372803
232,0.09064,0.09063,0.09062,0.09061,0.0906,0.09059,0.09058,0.09057,0.09056,0.09055,0.09065,0.09066,0.09067,0.09068,0.09069,0.0907,0.09071,0.09072,0.09073,0.09074,25407,128430,405676,203535,393585,438099,300204,372958,293025,510249,149389,82943,70791,275838,592740,1052186,332906,608745,507900,392000
233,0.09067,0.09066,0.09065,0.09064,0.09063,0.09062,0.09061,0.0906,0.09059,0.09058,0.09068,0.09069,0.0907,0.09071,0.09072,0.09073,0.09074,0.09075,0.09076,0.09077,113229,510858,361182,341768,324035,413628,375108,412393,454662,344951,96,5052,846704,172505,340610,163757,621753,575527,362456,515409
234,0.0907,0.09069,0.09068,0.09067,0.09066,0.09065,0.09064,0.09063,0.09062,0.09061,0.09071,0.09072,0.09073,0.09074,0.09075,0.09076,0.09077,0.09078,0.09079,0.0908,38771,111205,372991,318386,428478,348528,333905,400006,326249,315003,65099,67256,78242,229719,220874,482198,552400,392460,576669,705895
235,0.09063,0.09062,0.09061,0.0906,0.09059,0.09058,0.09057,0.09056,0.09055,0.09054,0.09064,0.09065,0.09066,0.09067,0.09068,0.09069,0.0907,0.09071,0.09072,0.09073,89729,123042,555406,255766,456920,443307,446986,139818,500543,342041,7336,60762,122701,243222,485721,313762,679811,296301,265347,506088
236,0.09062,0.09061,0.0906,0.09059,0.09058,0.09057,0.09056,0.09055,0.09054,0.09053,0.09063,0.09064,0.09065,0.09066,0.09067,0.09068,0.09069,0.0907,0.09071,0.09072,68991,248638,339551,474447,397933,446973,215684,530968,219672,485536,62495,77186,252589,319459,289690,506928,180574,582822,403972,245194
237,0.09062,0.09061,0.0906,0.09059,0.09058,0.09057,0.09056,0.09055,0.09054,0.09053,0.09063,0.09064,0.09065,0.09066,0.09067,0.09068,0.09069,0.0907,0.09071,0.09072,1792,34545,229877,447795,432805,403906,215816,579525,219672,485536,164962,43580,226188,328388,355201,580968,254853,560353,325106,234357
238,0.09064,0.09063,0.09062,0.09061,0.0906,0.09059,0.09058,0.09057,0.09056,0.09055,0.09065,0.09066,0.09067,0.09068,0.09069,0.0907,0.09071,0.09072,0.09073,0.09074,124814,147116,325817,544576,219642,405690,463438,428857,194248,681881,32925,26028,123309,379646,182267,523862,413401,298099,401893,360263
239,0.09064,0.09063,0.09062,0.09061,0.0906,0.09059,0.09058,0.09057,0.09056,0.09055,0.09065,0.09066,0.09067,0.09068,0.09069,0.0907,0.09071,0.09072,0.09073,0.09074,48543,251617,279761,368688,244641,405746,434578,444847,222645,555062,41796,45690,168295,388193,179867,514655,453915,443592,226627,375544
240,0.0906,0.09059,0.09058,0.09057,0.09056,0.09055,0.09054,0.09053,0.09052,0.09051,0.09061,0.09062,0.09063,0.09064,0.09065,0.09066,0.09067,0.09068,0.09069,0.0907,66737,358868,336944,358954,200401,554674,283630,630464,354440,335890,39655,48879,193776,454871,348190,354239,339614,526707,418634,458462
241,0.09064,0.09063,0.09062,0.09061,0.0906,0.09059,0.09058,0.09057,0.09056,0.09055,0.09065,0.09066,0.09067,0.09068,0.09069,0.0907,0.09071,0.09072,0.09073,0.09074,98313,361668,304527,407163,169891,426549,409289,450411,169125,467780,10197,22692,164554,369948,172657,636942,344180,246997,380080,421426
242,0.09061,0.0906,0.09059,0.09058,0.09057,0.09056,0.09055,0.09054,0.09053,0.09052,0.09062,0.09063,0.09064,0.09065,0.09066,0.09067,0.09068,0.09069,0.0907,0.09071,50678,127160,384519,507701,392139,179575,553773,353505,439186,262340,78795,105106,80510,88473,291508,462230,503703,406990,494992,372498
243,0.0906,0.09059,0.09058,0.09057,0.09056,0.09055,0.09054,0.09053,0.09052,0.09051,0.09061,0.09062,0.09063,0.09064,0.09065,0.09066,0.09067,0.09068,0.09069,0.0907,31546,113795,379030,356326,256062,396494,338484,237558,323528,416970,87121,26111,138694,416917,360545,327137,556304,417260,215004,427755
244,0.09059,0.09058,0.09057,0.09056,0.09055,0.09054,0.09053,0.09052,0.09051,0.0905,0.0906,0.09061,0.09062,0.09063,0.09064,0.09065,0.09066,0.09067,0.09068,0.09069,43036,121112,392265,344358,372256,337260,454221,234366,242703,421292,83679,100334,130349,128309,383543,260241,334098,527669,492866,290447
245,0.09063,0.09062,0.09061,0.0906,0.09059,0.09058,0.09057,0.09056,0.09055,0.09054,0.09064,0.09065,0.09066,0.09067,0.09068,0.09069,0.0907,0.09071,0.09072,0.09073,64652,366243,428964,321213,434524,373843,345697,506160,362823,309428,11250,29142,77763,201711,481380,474448,752868,320669,358944,374403
246,0.09062,0.09061,0.0906,0.09059,0.09058,0.09057,0.09056,0.09055,0.09054,0.09053,0.09063,0.09064,0.09065,0.09066,0.09067,0.09068,0.09069,0.0907,0.09071,0.09072,53168,246800,245561,397722,410650,382731,326142,442933,355819,335001,44542,61661,118087,202806,165817,485475,480351,659299,333628,358571
247,0.09059,0.09058,0.09057,0.09056,0.09055,0.09054,0.09053,0.09052,0.09051,0.0905,0.0906,0.09061,0.09062,0.09063,0.09064,0.09065,0.09066,0.09067,0.09068,0.09069,50850,216533,329295,342988,407007,276508,363382,248383,351208,550504,51901,38954,79605,133019,312645,384787,277635,430958,662144,318674
248,0.0906,0.09059,0.09058,0.09057,0.09056,0.09055,0.09054,0.09053,0.09052,0.09051,0.09061,0.09062,0.09063,0.09064,0.09065,0.09066,0.09067,0.09068,0.09069,0.0907,96,8244,137253,290832,351875,368319,370792,399067,251762,292638,171603,268250,141397,254364,311002,333633,460652,674324,285290,395819
249,0.09057,0.09056,0.09055,0.09054,0.09053,0.09052,0.09051,0.0905,0.09049,0.09048,0.09058,0.09059,0.0906,0.09061,0.09062,0.09063,0.09064,0.09065,0.09066,0.09067,42999,87028,241085,145858,426355,263994,293510,356010,462178,325131,62702,120015,350000,303931,405068,327684,593314,470239,277486,316257
250,0.09057,0.09056,0.09055,0.09054,0.09053,0.09052,0.09051,0.0905,0.09049,0.09048,0.09058,0.09059,0.0906,0.09061,0.09062,0.09063,0.09064,0.09065,0.09066,0.09067,42374,202863,305220,143776,465273,227051,373659,340167,359942,320313,108852,114918,219555,145219,357660,235709,445086,386676,455280,471359
251,0.09056,0.09055,0.09054,0.09053,0.09052,0.09051,0.0905,0.09049,0.09048,0.09047,0.09057,0.09058,0.09059,0.0906,0.09061,0.09062,0.09063,0.09064,0.09065,0.09066,29181,183592,153055,439230,264116,293570,375598,440172,298466,604586,90662,45954,143367,235441,167262,518487,245222,590852,526337,322931
252,0.09063,0.09062,0.09061,0.0906,0.09059,0.09058,0.09057,0.09056,0.09055,0.09054,0.09064,0.09065,0.09066,0.09067,0.09068,0.09069,0.0907,0.09071,0.09072,0.09073,5096,27923,318703,287052,375390,235679,367343,385108,459905,273313,108063,90424,258476,273632,596285,392212,391759,351216,417259,467666
253,0.09061,0.0906,0.09059,0.09058,0.09057,0.09056,0.09055,0.09054,0.09053,0.09052,0.09062,0.09063,0.09064,0.09065,0.09066,0.09067,0.09068,0.09069,0.0907,0.09071,70728,105335,231189,276594,371326,378473,459905,284017,568619,311116,120336,134883,98238,203323,279077,413202,586192,343643,484639,345709
254,0.09066,0.09065,0.09064,0.09063,0.09062,0.09061,0.0906,0.09059,0.09058,0.09057,0.09067,0.09068,0.09069,0.0907,0.09071,0.09072,0.09073,0.09074,0.09075,0.09076,70857,276593,308961,329583,466971,318674,258547,440174,322905,435127,53527,41998,117108,153807,111471,374884,485375,556408,289287,489159
255,0.09062,0.09061,0.0906,0.09059,0.09058,0.09057,0.09056,0.09055,0.09054,0.09053,0.09063,0.09064,0.09065,0.09066,0.09067,0.09068,0.09069,0.0907,0.09071,0.09072,26275,27243,239024,260446,233899,361926,412541,383722,379271,695038,101827,145434,241041,263055,458226,313068,452090,420108,237922,347458
256,0.09056,0.09055,0.09054,0.09053,0.09052,0.09051,0.0905,0.09049,0.09048,0.09047,0.09057,0.09058,0.09059,0.0906,0.09061,0.09062,0.09063,0.09064,0.09065,0.09066,13343,68824,228096,227017,334413,221292,346385,400740,362666,352565,117266,104990,162188,432846,314688,336943,519095,493696,540343,269852
257,0.09055,0.09054,0.09053,0.09052,0.09051,0.0905,0.09049,0.09048,0.09047,0.09046,0.09056,0.09057,0.09058,0.09059,0.0906,0.09061,0.09062,0.09063,0.09064,0.09065,21279,100455,273725,209929,156145,345007,423223,341846,383693,462308,196004,108628,377338,271558,491212,429635,352047,641908,445140,483137
258,0.09047,0.09046,0.09045,0.09044,0.09043,0.09042,0.09041,0.0904,0.09039,0.09038,0.09048,0.09049,0.0905,0.09051,0.09052,0.09053,0.09054,0.09055,0.09056,0.09057,49938,276853,235454,409627,355784,285715,368120,484245,347104,375315,81301,63616,136031,271061,236954,312867,381782,278239,526514,271095
259,0.09049,0.09048,0.09047,0.09046,0.09045,0.09044,0.09043,0.09042,0.09041,0.0904,0.0905,0.09051,0.09052,0.09053,0.09054,0.09055,0.09056,0.09057,0.09058,0.09059,271831,277815,432335,408661,232098,419213,399442,425844,437531,408528,11670,28199,87500,148158,308632,272009,591009,241922,433622,566538
260,0.09054,0.09053,0.09052,0.09051,0.0905,0.09049,0.09048,0.09047,0.09046,0.09045,0.09055,0.09056,0.09057,0.09058,0.09059,0.0906,0.09061,0.09062,0.09063,0.09064,24138,220087,403945,307534,394755,424073,338137,435560,490013,265956,52076,22577,91874,384254,194661,374081,431324,307380,563904,301336
261,0.09053,0.09052,0.09051,0.0905,0.09049,0.09048,0.09047,0.09046,0.09045,0.09044,0.09054,0.09055,0.09056,0.09057,0.09058,0.09059,0.0906,0.09061,0.09062,0.09063,96,66607,220571,388397,331310,410170,345546,465242,239924,394532,89726,191111,248414,230584,433690,348600,480194,434409,281851,531987
262,0.09052,0.09051,0.0905,0.09049,0.09048,0.09047,0.09046,0.09045,0.09044,0.09043,0.09053,0.09054,0.09055,0.09056,0.09057,0.09058,0.09059,0.0906,0.09061,0.09062,36415,87456,347053,202877,386332,345602,464142,260393,373186,377084,96046,67351,247006,284032,228273,434030,382974,530769,450768,281551
263,0.0905,0.09049,0.09048,0.09047,0.09046,0.09045,0.09044,0.09043,0.09042,0.09041,0.09051,0.09052,0.09053,0.09054,0.09055,0.09056,0.09057,0.09058,0.09059,0.0906,50629,78779,236310,290240,476083,261918,338209,460304,393328,443064,119760,61690,79966,316837,307814,453969,291647,496734,452030,446341
264,0.09043,0.09042,0.09041,0.0904,0.09039,0.09038,0.09037,0.09036,0.09035,0.09034,0.09044,0.09045,0.09046,0.09047,0.09048,0.09049,0.0905,0.09051,0.09052,0.09053,34683,199251,221209,369865,250960,449638,454005,333812,329349,734075,47705,77888,214553,114380,271187,440274,400868,161430,443491,313690
265,0.0903,0.09029,0.09028,0.09027,0.09026,0.09025,0.09024,0.09023,0.09022,0.09021,0.09031,0.09032,0.09033,0.09034,0.09035,0.09036,0.09037,0.09038,0.09039,0.0904,66690,83768,195155,426742,167166,450913,415955,429230,249752,505487,39432,54493,67454,164387,414021,423184,471433,155143,376508,533833
266,0.09035,0.09034,0.09033,0.09032,0.09031,0.0903,0.09029,0.09028,0.09027,0.09026,0.09036,0.09037,0.09038,0.09039,0.0904,0.09041,0.09042,0.09043,0.09044,0.09045,968,14346,54935,223649,426313,332645,344836,410752,351573,301846,112681,103877,234692,163523,486140,186569,380545,505800,679508,230215
267,0.09039,0.09038,0.09037,0.09036,0.09035,0.09034,0.09033,0.09032,0.09031,0.0903,0.0904,0.09041,0.09042,0.09043,0.09044,0.09045,0.09046,0.09047,0.09048,0.09049,219514,251291,391800,331685,264500,381549,379589,386112,436349,366005,48,44512,60278,100156,225755,229396,566254,358644,517291,306396
268,0.09039,0.09038,0.09037,0.09036,0.09035,0.09034,0.09033,0.09032,0.09031,0.0903,0.0904,0.09041,0.09042,0.09043,0.09044,0.09045,0.09046,0.09047,0.09048,0.09049,206342,235240,402613,337166,275166,329895,382000,284995,474527,323609,61,6647,71268,136516,232165,172500,561160,558425,519475,282639
269,0.09035,0.09034,0.09033,0.09032,0.09031,0.0903,0.09029,0.09028,0.09027,0.09026,0.09036,0.09037,0.09038,0.09039,0.0904,0.09041,0.09042,0.09043,0.09044,0.09045,288154,239415,354570,196433,370046,366302,267653,388371,413194,189946,38824,15562,49235,110861,420465,246597,562433,455640,433729,418442
270,0.09045,0.09044,0.09043,0.09042,0.09041,0.0904,0.09039,0.09038,0.09037,0.09036,0.09046,0.09047,0.09048,0.09049,0.0905,0.09051,0.09052,0.09053,0.09054,0.09055,28128,90599,281236,373909,268773,377068,390631,217413,383986,379279,132868,130221,270166,269927,311770,305055,509973,352054,533896,314665
271,0.0905,0.09049,0.09048,0.09047,0.09046,0.09045,0.09044,0.09043,0.09042,0.09041,0.09051,0.09052,0.09053,0.09054,0.09055,0.09056,0.09057,0.09058,0.09059,0.0906,40482,248736,245651,277472,373777,405127,213730,351051,367279,385541,49225,34437,122855,246848,287760,325438,340676,476994,264402,420535
272,0.09053,0.09052,0.09051,0.0905,0.09049,0.09048,0.09047,0.09046,0.09045,0.09044,0.09054,0.09055,0.09056,0.09057,0.09058,0.09059,0.0906,0.09061,0.09062,0.09063,96,77099,208174,248668,380591,372760,255246,354049,385360,388788,49536,80089,247048,299544,527782,242470,442915,433830,311353,288864
273,0.09049,0.09048,0.09047,0.09046,0.09045,0.09044,0.09043,0.09042,0.09041,0.0904,0.0905,0.09051,0.09052,0.09053,0.09054,0.09055,0.09056,0.09057,0.09058,0.09059,6243,26817,202489,208284,394861,325113,422545,385723,259183,330480,105479,107811,223152,118999,336447,316509,275452,422212,487808,148077
274,0.09053,0.09052,0.09051,0.0905,0.09049,0.09048,0.09047,0.09046,0.09045,0.09044,0.09054,0.09055,0.09056,0.09057,0.09058,0.09059,0.0906,0.09061,0.09062,0.09063,44658,78370,207772,262970,408848,328312,228066,376397,392358,324651,43392,66248,215337,212210,528335,354801,628342,235265,320202,279513
275,0.09052,0.09051,0.0905,0.09049,0.09048,0.09047,0.09046,0.09045,0.09044,0.09043,0.09053,0.09054,0.09055,0.09056,0.09057,0.09058,0.09059,0.0906,0.09061,0.09062,46870,215524,253711,486717,309447,301550,439928,390610,222630,497482,48416,38484,89321,146892,77696,403989,446906,530271,327959,403411
276,0.0905,0.09049,0.09048,0.09047,0.09046,0.09045,0.09044,0.09043,0.09042,0.09041,0.09051,0.09052,0.09053,0.09054,0.09055,0.09056,0.09057,0.09058,0.09059,0.0906,105033,303739,220914,243580,404859,386402,269877,405269,373877,259225,17928,98094,51651,223137,417945,303078,417454,390515,271444,377059
277,0.09043,0.09042,0.09041,0.0904,0.09039,0.09038,0.09037,0.09036,0.09035,0.09034,0.09044,0.09045,0.09046,0.09047,0.09048,0.09049,0.0905,0.09051,0.09052,0.09053,18869,61734,264932,342053,410376,256046,470122,368064,431895,391880,112473,29541,64360,207376,295216,328317,421702,430500,442176,198771
278,0.09037,0.09036,0.09035,0.09034,0.09033,0.09032,0.09031,0.0903,0.09029,0.09028,0.09038,0.09039,0.0904,0.09041,0.09042,0.09043,0.09044,0.09045,0.09046,0.09047,87107,194831,226298,348108,384275,188995,385771,372883,414689,420445,27915,27524,65362,95107,290099,403245,345749,319493,528972,316156
279,0.0904,0.09039,0.09038,0.09037,0.09036,0.09035,0.09034,0.09033,0.09032,0.09031,0.09041,0.09042,0.09043,0.09044,0.09045,0.09046,0.09047,0.09048,0.09049,0.0905,95,220857,231283,420670,371005,303718,358743,417572,197993,417188,142755,69011,119596,156863,85666,403992,427830,510824,405610,375804
280,0.0904,0.09039,0.09038,0.09037,0.09036,0.09035,0.09034,0.09033,0.09032,0.09031,0.09041,0.09042,0.09043,0.09044,0.09045,0.09046,0.09047,0.09048,0.09049,0.0905,6243,17245,206780,283308,360518,273166,407399,355804,284689,363716,97279,65297,156330,376893,210182,379308,359877,340439,435419,489957
281,0.09046,0.09045,0.09044,0.09043,0.09042,0.09041,0.0904,0.09039,0.09038,0.09037,0.09047,0.09048,0.09049,0.0905,0.09051,0.09052,0.09053,0.09054,0.09055,0.09056,75576,177911,200312,380943,271069,264122,394704,333212,292033,468832,7115,7253,39707,108685,193178,273500,291959,430366,346917,319894
282,0.09046,0.09045,0.09044,0.09043,0.09042,0.09041,0.0904,0.09039,0.09038,0.09037,0.09047,0.09048,0.09049,0.0905,0.09051,0.09052,0.09053,0.09054,0.09055,0.09056,29590,229280,214685,382911,283643,384624,364188,343934,245062,438774,54257,39546,98506,378044,321500,393042,659037,465158,206086,320994
283,0.09041,0.0904,0.09039,0.09038,0.09037,0.09036,0.09035,0.09034,0.09033,0.09032,0.09042,0.09043,0.09044,0.09045,0.09046,0.09047,0.09048,0.09049,0.0905,0.09051,48656,70465,232333,263141,386307,346217,480311,385123,369499,280187,57308,37322,97344,193282,485221,386223,350579,362242,378509,279574
284,0.09043,0.09042,0.09041,0.0904,0.09039,0.09038,0.09037,0.09036,0.09035,0.09034,0.09044,0.09045,0.09046,0.09047,0.09048,0.09049,0.0905,0.09051,0.09052,0.09053,96,15336,225004,238116,370499,210783,431446,346217,400031,393898,110768,186046,316941,300765,425241,219536,542228,380980,449161,553779
285,0.09041,0.0904,0.09039,0.09038,0.09037,0.09036,0.09035,0.09034,0.09033,0.09032,0.09042,0.09043,0.09044,0.09045,0.09046,0.09047,0.09048,0.09049,0.0905,0.09051,13487,73732,252320,288734,353104,351801,400031,468111,363728,298241,73045,82627,217048,325848,331524,422508,557581,240487,504263,407903
286,0.09046,0.09045,0.09044,0.09043,0.09042,0.09041,0.0904,0.09039,0.09038,0.09037,0.09047,0.09048,0.09049,0.0905,0.09051,0.09052,0.09053,0.09054,0.09055,0.09056,36442,236288,203862,420148,332466,357081,322879,349243,297188,458174,67921,68947,121947,300851,170618,502541,614219,457918,311692,298846
287,0.09046,0.09045,0.09044,0.09043,0.09042,0.09041,0.0904,0.09039,0.09038,0.09037,0.09047,0.09048,0.09049,0.0905,0.09051,0.09052,0.09053,0.09054,0.09055,0.09056,23368,203371,197780,398141,355992,304350,425973,331773,276246,460967,129116,36996,147321,320388,120441,479872,349083,385853,341987,394025
288,0.09043,0.09042,0.09041,0.0904,0.09039,0.09038,0.09037,0.09036,0.09035,0.09034,0.09044,0.09045,0.09046,0.09047,0.09048,0.09049,0.0905,0.09051,0.09052,0.09053,241,7348,239307,342328,349019,265668,416030,311993,448951,345664,74409,118265,256034,262949,436317,647037,352124,251150,396153,193653
289,0.0904,0.09039,0.09038,0.09037,0.09036,0.09035,0.09034,0.09033,0.09032,0.09031,0.09041,0.09042,0.09043,0.09044,0.09045,0.09046,0.09047,0.09048,0.09049,0.0905,257,22026,194803,368693,348087,409954,370663,415125,401992,414609,84753,96668,164902,307379,123901,474065,541353,419510,321108,375552
290,0.09043,0.09042,0.09041,0.0904,0.09039,0.09038,0.09037,0.09036,0.09035,0.09034,0.09044,0.09045,0.09046,0.09047,0.09048,0.09049,0.0905,0.09051,0.09052,0.09053,247143,201634,288681,323887,338070,282252,367377,316251,428972,475522,4631,58818,70679,126097,291193,250318,553859,380698,419765,238645
291,0.09044,0.09043,0.09042,0.09041,0.0904,0.09039,0.09038,0.09037,0.09036,0.09035,0.09045,0.09046,0.09047,0.09048,0.09049,0.0905,0.09051,0.09052,0.09053,0.09054,85,8699,85017,234847,382158,408309,235572,367377,363838,421794,111674,84440,224975,343834,308949,514597,279043,465152,186316,429794
292,0.09045,0.09044,0.09043,0.09042,0.09041,0.0904,0.09039,0.09038,0.09037,0.09036,0.09046,0.09047,0.09048,0.09049,0.0905,0.09051,0.09052,0.09053,0.09054,0.09055,249370,214051,388835,335750,247194,411186,347599,283407,380768,310456,1224,33878,46766,144539,356966,326521,526301,340588,380311,426397
293,0.09043,0.09042,0.09041,0.0904,0.09039,0.09038,0.09037,0.09036,0.09035,0.09034,0.09044,0.09045,0.09046,0.09047,0.09048,0.09049,0.0905,0.09051,0.09052,0.09053,6262,10083,40537,217483,310164,215660,367433,310512,369981,370630,86878,105669,224170,263179,306738,275144,319870,323304,451767,260868
294,0.09045,0.09044,0.09043,0.09042,0.09041,0.0904,0.09039,0.09038,0.09037,0.09036,0.09046,0.09047,0.09048,0.09049,0.0905,0.09051,0.09052,0.09053,0.09054,0.09055,219152,187082,282241,281254,229255,325064,350141,275041,449255,372179,1762,53937,11224,93815,376581,528423,418003,261196,355629,352672
295,0.0904,0.09039,0.09038,0.09037,0.09036,0.09035,0.09034,0.09033,0.09032,0.09031,0.09041,0.09042,0.09043,0.09044,0.09045,0.09046,0.09047,0.09048,0.09049,0.0905,76232,242593,222567,423562,313207,344564,360434,439911,330823,472207,52391,68177,169702,264785,281363,494526,303414,574671,251549,377564
296,0.09034,0.09033,0.09032,0.09031,0.0903,0.09029,0.09028,0.09027,0.09026,0.09025,0.09035,0.09036,0.09037,0.09038,0.09039,0.0904,0.09041,0.09042,0.09043,0.09044,10813,15683,103640,409093,356072,332385,401222,453323,263801,598778,56916,61447,130306,455495,629651,359497,314893,497463,195620,518771
297,0.09028,0.09027,0.09026,0.09025,0.09024,0.09023,0.09022,0.09021,0.0902,0.09019,0.09029,0.0903,0.09031,0.09032,0.09033,0.09034,0.09035,0.09036,0.09037,0.09038,40438,248232,311048,396538,365888,289646,432373,407098,489782,503600,60019,20472,139102,351763,203036,336853,425132,488286,184908,709523
298,0.09032,0.09031,0.0903,0.09029,0.09028,0.09027,0.09026,0.09025,0.09024,0.09023,0.09033,0.09034,0.09035,0.09036,0.09037,0.09038,0.09039,0.0904,0.09041,0.09042,921,199306,203965,301768,389219,403280,344916,440739,450276,477921,50599,49109,160249,408906,196150,527420,496770,281730,358118,592528
299,0.09035,0.09034,0.09033,0.09032,0.09031,0.0903,0.09029,0.09028,0.09027,0.09026,0.09036,0.09037,0.09038,0.09039,0.0904,0.09041,0.09042,0.09043,0.09044,0.09045,90604,110645,346509,242540,452586,348299,285755,380686,464595,562237,11190,27692,85900,162657,272550,451802,613649,195620,375388,423113
300,0.09038,0.09037,0.09036,0.09035,0.09034,0.09033,0.09032,0.09031,0.0903,0.09029,0.09039,0.0904,0.09041,0.09042,0.09043,0.09044,0.09045,0.09046,0.09047,0.09048,97135,251104,207394,295049,379526,359301,227429,512925,486934,564827,4101,21584,69138,133354,131024,590733,464288,376680,332813,392984
301,0.09038,0.09037,0.09036,0.09035,0.09034,0.09033,0.09032,0.09031,0.0903,0.09029,0.09039,0.0904,0.09041,0.09042,0.09043,0.09044,0.09045,0.09046,0.09047,0.09048,37463,236331,212950,352804,353940,355089,242441,513959,330678,327477,17452,56619,246755,455319,361449,467341,390768,458562,308907,546099
302,0.09038,0.09037,0.09036,0.09035,0.09034,0.09033,0.09032,0.09031,0.0903,0.09029,0.09039,0.0904,0.09041,0.09042,0.09043,0.09044,0.09045,0.09046,0.09047,0.09048,47981,262455,318029,323417,223803,364741,352011,335026,669833,170125,15819,22362,135257,490227,443751,483452,300358,479012,367138,315944
303,0.09033,0.09032,0.09031,0.0903,0.09029,0.09028,0.09027,0.09026,0.09025,0.09024,0.09034,0.09035,0.09036,0.09037,0.09038,0.09039,0.0904,0.09041,0.09042,0.09043,28612,351038,313462,615419,157558,360521,279445,411398,398462,532021,38291,19621,43031,122588,464544,417761,289544,433816,355861,169997
304,0.09041,0.0904,0.09039,0.09038,0.09037,0.09036,0.09035,0.09034,0.09033,0.09032,0.09042,0.09043,0.09044,0.09045,0.09046,0.09047,0.09048,0.09049,0.0905,0.09051,84,22267,97678,346551,262273,515221,226849,393289,403323,547584,24003,51108,90106,212520,389354,666195,431277,292169,380921,643974
305,0.09041,0.0904,0.09039,0.09038,0.09037,0.09036,0.09035,0.09034,0.09033,0.09032,0.09042,0.09043,0.09044,0.09045,0.09046,0.09047,0.09048,0.09049,0.0905,0.09051,721,39108,84824,345365,253000,521937,233586,393289,403323,566753,22787,95370,241968,238440,389397,656244,431277,292169,379921,643082
306,0.09043,0.09042,0.09041,0.0904,0.09039,0.09038,0.09037,0.09036,0.09035,0.09034,0.09044,0.09045,0.09046,0.09047,0.09048,0.09049,0.0905,0.09051,0.09052,0.09053,53058,362009,153072,462147,265325,423852,248349,515093,218561,660888,7793,27887,30588,143109,514140,396198,276099,646496,257413,315137
307,0.09048,0.09047,0.09046,0.09045,0.09044,0.09043,0.09042,0.09041,0.0904,0.09039,0.09049,0.0905,0.09051,0.09052,0.09053,0.09054,0.09055,0.09056,0.09057,0.09058,107382,174340,248802,257762,296520,360530,417103,236908,560268,283984,4578,12659,94610,327857,457473,364681,700418,100189,412738,734183
308,0.09049,0.09048,0.09047,0.09046,0.09045,0.09044,0.09043,0.09042,0.09041,0.0904,0.0905,0.09051,0.09052,0.09053,0.09054,0.09055,0.09056,0.09057,0.09058,0.09059,10095,56881,201182,251023,262689,332019,332762,398006,275749,586892,23548,143681,341233,151626,510413,552381,257515,273516,653863,156125
309,0.09047,0.09046,0.09045,0.09044,0.09043,0.09042,0.09041,0.0904,0.09039,0.09038,0.09048,0.09049,0.0905,0.09051,0.09052,0.09053,0.09054,0.09055,0.09056,0.09057,118014,170326,154126,388291,373327,399502,139423,610637,422855,440764,151,26758,52256,197749,467152,239522,393973,462141,289817,224345
310,0.09049,0.09048,0.09047,0.09046,0.09045,0.09044,0.09043,0.09042,0.09041,0.0904,0.0905,0.09051,0.09052,0.09053,0.09054,0.09055,0.09056,0.09057,0.09058,0.09059,181,73901,323814,475419,201083,419659,390837,462094,243889,750688,67131,98651,183922,204635,259084,411814,648649,204638,434035,423127
311,0.09052,0.09051,0.0905,0.09049,0.09048,0.09047,0.09046,0.09045,0.09044,0.09043,0.09053,0.09054,0.09055,0.09056,0.09057,0.09058,0.09059,0.0906,0.09061,0.09062,36629,112435,406677,329416,412197,275358,550631,201539,409108,444538,28161,31660,19838,62418,194689,484802,520762,609848,302879,604641
312,0.09051,0.0905,0.09049,0.09048,0.09047,0.09046,0.09045,0.09044,0.09043,0.09042,0.09052,0.09053,0.09054,0.09055,0.09056,0.09057,0.09058,0.09059,0.0906,0.09061,62577,22343,121066,372515,195719,539417,215619,435032,428349,609466,29929,116520,237310,239527,436835,198464,503811,701924,392472,302879
313,0.09049,0.09048,0.09047,0.09046,0.09045,0.09044,0.09043,0.09042,0.09041,0.0904,0.0905,0.09051,0.09052,0.09053,0.09054,0.09055,0.09056,0.09057,0.09058,0.09059,41418,1219,121540,389555,345220,273090,373855,502370,222379,458947,19693,54720,238124,226219,329369,429363,548405,250327,743508,381891
314,0.09045,0.09044,0.09043,0.09042,0.09041,0.0904,0.09039,0.09038,0.09037,0.09036,0.09046,0.09047,0.09048,0.09049,0.0905,0.09051,0.09052,0.09053,0.09054,0.09055,111955,219186,235439,496362,217976,405625,588863,304163,248412,607075,143,12739,42275,151504,273461,259190,419820,447949,265474,263715
315,0.09044,0.09043,0.09042,0.09041,0.0904,0.09039,0.09038,0.09037,0.09036,0.09035,0.09045,0.09046,0.09047,0.09048,0.09049,0.0905,0.09051,0.09052,0.09053,0.09054,108751,210491,276115,197829,456253,560488,292098,248412,614086,202737,8948,28474,85078,252292,349245,697491,239514,537811,397908,446739
316,0.09045,0.09044,0.09043,0.09042,0.09041,0.0904,0.09039,0.09038,0.09037,0.09036,0.09046,0.09047,0.09048,0.09049,0.0905,0.09051,0.09052,0.09053,0.09054,0.09055,76540,121661,299791,443481,328780,424428,410629,444827,358878,482389,54314,172833,326294,271000,483958,275065,701358,498789,389216,458709
317,0.0905,0.09049,0.09048,0.09047,0.09046,0.09045,0.09044,0.09043,0.09042,0.09041,0.09051,0.09052,0.09053,0.09054,0.09055,0.09056,0.09057,0.09058,0.09059,0.0906,73998,78686,260079,358607,398355,399861,257682,377541,478979,305922,132777,59719,157705,412745,368395,494720,413118,526384,316402,564936
318,0.09055,0.09054,0.09053,0.09052,0.09051,0.0905,0.09049,0.09048,0.09047,0.09046,0.09056,0.09057,0.09058,0.09059,0.0906,0.09061,0.09062,0.09063,0.09064,0.09065,78939,288160,137977,540394,322419,325834,451093,432220,379318,444588,33528,24455,94154,160999,351525,443250,350381,343675,513386,341657
319,0.09058,0.09057,0.09056,0.09055,0.09054,0.09053,0.09052,0.09051,0.0905,0.09049,0.09059,0.0906,0.09061,0.09062,0.09063,0.09064,0.09065,0.09066,0.09067,0.09068,131498,147119,316023,449476,483207,242874,397237,404595,373069,385489,36312,137356,195156,305184,327982,489807,377770,663285,466108,567107
320,0.09049,0.09048,0.09047,0.09046,0.09045,0.09044,0.09043,0.09042,0.09041,0.0904,0.0905,0.09051,0.09052,0.09053,0.09054,0.09055,0.09056,0.09057,0.09058,0.09059,700,7827,133912,476802,282369,369004,430262,484534,457484,386747,204304,103509,69586,133268,367025,397918,359085,337313,631908,256046
321,0.09048,0.09047,0.09046,0.09045,0.09044,0.09043,0.09042,0.09041,0.0904,0.09039,0.09049,0.0905,0.09051,0.09052,0.09053,0.09054,0.09055,0.09056,0.09057,0.09058,63394,116557,365730,358801,365793,394794,352344,256118,662637,318128,74445,57217,235817,515947,374687,378586,474492,511159,408877,560809
322,0.09052,0.09051,0.0905,0.09049,0.09048,0.09047,0.09046,0.09045,0.09044,0.09043,0.09053,0.09054,0.09055,0.09056,0.09057,0.09058,0.09059,0.0906,0.09061,0.09062,32866,114102,283789,239929,387574,169978,593394,425295,424512,405878,136538,158675,191751,241130,344693,646443,416012,417575,436645,331192
323,0.09051,0.0905,0.09049,0.09048,0.09047,0.09046,0.09045,0.09044,0.09043,0.09042,0.09052,0.09053,0.09054,0.09055,0.09056,0.09057,0.09058,0.09059,0.0906,0.09061,22035,61863,92013,347212,171737,593045,338773,426962,291953,490905,169209,150564,465019,360128,542906,375397,466906,550995,370949,307727
324,0.09048,0.09047,0.09046,0.09045,0.09044,0.09043,0.09042,0.09041,0.0904,0.09039,0.09049,0.0905,0.09051,0.09052,0.09053,0.09054,0.09055,0.09056,0.09057,0.09058,45244,102727,292609,272224,441861,272440,470967,217667,504887,462684,76357,106371,251080,478320,472896,645845,397863,493667,227909,529724
325,0.09048,0.09047,0.09046,0.09045,0.09044,0.09043,0.09042,0.09041,0.0904,0.09039,0.09049,0.0905,0.09051,0.09052,0.09053,0.09054,0.09055,0.09056,0.09057,0.09058,127070,130216,393446,284777,408146,305960,510691,227078,541387,359485,3993,65562,116324,292668,311096,563438,446058,659246,242010,413534
326,0.09046,0.09045,0.09044,0.09043,0.09042,0.09041,0.0904,0.09039,0.09038,0.09037,0.09047,0.09048,0.09049,0.0905,0.09051,0.09052,0.09053,0.09054,0.09055,0.09056,55835,92709,382080,371104,534399,218119,455174,405632,398211,550669,116230,80752,274076,394075,234234,460258,342330,676235,379601,779252
327,0.09039,0.09038,0.09037,0.09036,0.09035,0.09034,0.09033,0.09032,0.09031,0.0903,0.0904,0.09041,0.09042,0.09043,0.09044,0.09045,0.09046,0.09047,0.09048,0.09049,115558,221856,286083,629290,223629,395489,393734,445512,295895,672050,100453,131203,138929,149569,197189,531018,573675,330363,522311,388945
328,0.09043,0.09042,0.09041,0.0904,0.09039,0.09038,0.09037,0.09036,0.09035,0.09034,0.09044,0.09045,0.09046,0.09047,0.09048,0.09049,0.0905,0.09051,0.09052,0.09053,193889,277600,284712,491565,514398,333643,295844,558994,314923,373134,67280,128880,274041,231515,605799,413600,373944,359437,369024,378273
329,0.09044,0.09043,0.09042,0.09041,0.0904,0.09039,0.09038,0.09037,0.09036,0.09035,0.09045,0.09046,0.09047,0.09048,0.09049,0.0905,0.09051,0.09052,0.09053,0.09054,38122,123535,276729,327999,487312,486041,299915,376114,524941,234636,198176,90953,115680,259715,375386,616947,334805,449160,309600,366301
330,0.0905,0.09049,0.09048,0.09047,0.09046,0.09045,0.09044,0.09043,0.09042,0.09041,0.09051,0.09052,0.09053,0.09054,0.09055,0.09056,0.09057,0.09058,0.09059,0.0906,151823,301928,395815,442560,428799,426332,205235,465499,429124,276775,10081,25726,44957,136400,354489,525338,554006,499472,315838,439380
331,0.09043,0.09042,0.09041,0.0904,0.09039,0.09038,0.09037,0.09036,0.09035,0.09034,0.09044,0.09045,0.09046,0.09047,0.09048,0.09049,0.0905,0.09051,0.09052,0.09053,74464,82377,139571,515880,434692,291057,483460,515184,294663,491726,28867,91062,135080,283794,219207,683398,582787,497793,218104,322227
332,0.09049,0.09048,0.09047,0.09046,0.09045,0.09044,0.09043,0.09042,0.09041,0.0904,0.0905,0.09051,0.09052,0.09053,0.09054,0.09055,0.09056,0.09057,0.09058,0.09059,24447,237285,158241,474890,417977,447566,458297,377130,261080,568828,75031,116846,211481,230100,491735,454385,681765,407523,482968,321484
333,0.09043,0.09042,0.09041,0.0904,0.09039,0.09038,0.09037,0.09036,0.09035,0.09034,0.09044,0.09045,0.09046,0.09047,0.09048,0.09049,0.0905,0.09051,0.09052,0.09053,62666,254969,201674,415248,458310,394705,405880,485842,261719,436733,38013,117151,88258,198824,414396,345080,740474,351134,422855,342107
