timestamp,bid_price_0,bid_price_1,bid_price_2,bid_price_3,bid_price_4,bid_price_5,bid_price_6,bid_price_7,bid_price_8,bid_price_9,ask_price_0,ask_price_1,ask_price_2,ask_price_3,ask_price_4,ask_price_5,ask_price_6,ask_price_7,ask_price_8,ask_price_9,bid_size_0,bid_size_1,bid_size_2,bid_size_3,bid_size_4,bid_size_5,bid_size_6,bid_size_7,bid_size_8,bid_size_9,ask_size_0,ask_size_1,ask_size_2,ask_size_3,ask_size_4,ask_size_5,ask_size_6,ask_size_7,ask_size_8,ask_size_9
0,0.1648,0.1647,0.1646,0.1645,0.1644,0.1643,0.1642,0.1641,0.164,0.1639,0.1649,0.165,0.1651,0.1652,0.1653,0.1654,0.1655,0.1656,0.1657,0.1658,47826,82655,97377,129564,351926,206511,241154,240792,38803,87672,20163,110166,240463,195264,308680,400063,48436,37119,30837,230415
1,0.1649,0.1648,0.1647,0.1646,0.1645,0.1644,0.1643,0.1642,0.1641,0.164,0.165,0.1651,0.1652,0.1653,0.1654,0.1655,0.1656,0.1657,0.1658,0.1659,46379,88979,133056,166147,219372,135277,203658,241067,239084,39409,22797,207401,252271,176784,570358,52232,41418,52801,215270,85940
2,0.1651,0.165,0.1649,0.1648,0.1647,0.1646,0.1645,0.1644,0.1643,0.1642,0.1652,0.1653,0.1654,0.1655,0.1656,0.1657,0.1658,0.1659,0.166,0.1661,17216,66649,120122,173916,50215,34136,42114,140679,208443,219094,62449,272540,239776,437346,48264,57901,225898,81855,39658,55054
3,0.1649,0.1648,0.1647,0.1646,0.1645,0.1644,0.1643,0.1642,0.1641,0.164,0.165,0.1651,0.1652,0.1653,0.1654,0.1655,0.1656,0.1657,0.1658,0.1659,19391,76405,117984,145250,211125,143099,212856,249125,239076,45746,47946,164194,219912,437057,223285,266858,41821,52801,221692,88525
4,0.1648,0.1647,0.1646,0.1645,0.1644,0.1643,0.1642,0.1641,0.164,0.1639,0.1649,0.165,0.1651,0.1652,0.1653,0.1654,0.1655,0.1656,0.1657,0.1658,26128,76714,110017,179642,304097,214986,262096,239076,30114,74223,40003,141811,160685,163957,542197,38816,259662,37914,44123,238200
5,0.1648,0.1647,0.1646,0.1645,0.1644,0.1643,0.1642,0.1641,0.164,0.1639,0.1649,0.165,0.1651,0.1652,0.1653,0.1654,0.1655,0.1656,0.1657,0.1658,43500,93274,99388,179210,303454,218619,257545,240784,30387,74223,19887,127222,181989,153221,573989,38865,260259,37318,46084,236240
6,0.1648,0.1647,0.1646,0.1645,0.1644,0.1643,0.1642,0.1641,0.164,0.1639,0.1649,0.165,0.1651,0.1652,0.1653,0.1654,0.1655,0.1656,0.1657,0.1658,47012,97134,123751,178257,300752,217889,257545,240784,39544,89416,52583,110149,179423,169732,563817,38850,257064,37119,30931,236240
7,0.1647,0.1646,0.1645,0.1644,0.1643,0.1642,0.1641,0.164,0.1639,0.1638,0.1648,0.1649,0.165,0.1651,0.1652,0.1653,0.1654,0.1655,0.1656,0.1657,28726,71898,132670,293087,373971,265479,240784,30387,89416,56346,33074,107526,128376,207255,247509,330836,35735,254094,37119,30931
8,0.1645,0.1644,0.1643,0.1642,0.1641,0.164,0.1639,0.1638,0.1637,0.1636,0.1646,0.1647,0.1648,0.1649,0.165,0.1651,0.1652,0.1653,0.1654,0.1655,37260,143454,409326,288591,216850,45528,242662,43966,26360,34805,24251,112912,181755,154710,245140,78123,41060,271684,30268,286022
9,0.1644,0.1643,0.1642,0.1641,0.164,0.1639,0.1638,0.1637,0.1636,0.1635,0.1645,0.1646,0.1647,0.1648,0.1649,0.165,0.1651,0.1652,0.1653,0.1654,14436,90594,181448,300083,465499,54945,48392,225476,27903,111203,70120,117161,180744,189152,256946,50092,62251,244745,255116,236741
10,0.1643,0.1642,0.1641,0.164,0.1639,0.1638,0.1637,0.1636,0.1635,0.1634,0.1644,0.1645,0.1646,0.1647,0.1648,0.1649,0.165,0.1651,0.1652,0.1653,31453,69609,140681,254763,219945,211859,250844,27922,295601,17577,3720,82602,136911,166837,313732,89643,50275,116182,35445,201208
11,0.1645,0.1644,0.1643,0.1642,0.1641,0.164,0.1639,0.1638,0.1637,0.1636,0.1646,0.1647,0.1648,0.1649,0.165,0.1651,0.1652,0.1653,0.1654,0.1655,19414,45256,100654,219244,274530,248133,258063,53728,46224,27922,35385,160911,193404,284086,56852,117617,107100,222664,443926,36348
12,0.1642,0.1641,0.164,0.1639,0.1638,0.1637,0.1636,0.1635,0.1634,0.1633,0.1643,0.1644,0.1645,0.1646,0.1647,0.1648,0.1649,0.165,0.1651,0.1652,64,66679,216819,275275,44750,55533,245319,249027,41092,62314,90486,130959,133200,123576,68399,112175,69697,196080,309480,81147
13,0.1641,0.164,0.1639,0.1638,0.1637,0.1636,0.1635,0.1634,0.1633,0.1632,0.1642,0.1643,0.1644,0.1645,0.1646,0.1647,0.1648,0.1649,0.165,0.1651,20438,90631,194957,364030,270557,260044,44897,41092,246171,73484,28987,111353,144571,147655,264911,56831,93878,169069,198047,257483
14,0.1646,0.1645,0.1644,0.1643,0.1642,0.1641,0.164,0.1639,0.1638,0.1637,0.1647,0.1648,0.1649,0.165,0.1651,0.1652,0.1653,0.1654,0.1655,0.1656,21309,44619,62703,107787,150189,283977,53699,50246,287443,49851,74206,180182,144278,314381,412584,84526,59163,249673,42740,158336
15,0.1646,0.1645,0.1644,0.1643,0.1642,0.1641,0.164,0.1639,0.1638,0.1637,0.1647,0.1648,0.1649,0.165,0.1651,0.1652,0.1653,0.1654,0.1655,0.1656,24889,74260,107111,141857,262831,66013,55407,145809,185424,26633,32735,209858,169848,179953,237530,188947,267864,246381,27599,206019
16,0.1647,0.1646,0.1645,0.1644,0.1643,0.1642,0.1641,0.164,0.1639,0.1638,0.1648,0.1649,0.165,0.1651,0.1652,0.1653,0.1654,0.1655,0.1656,0.1657,50733,148501,102870,153618,225309,58626,69817,39744,130371,206663,11057,157665,237048,190412,220746,409732,248534,81866,30208,25608
17,0.1651,0.165,0.1649,0.1648,0.1647,0.1646,0.1645,0.1644,0.1643,0.1642,0.1652,0.1653,0.1654,0.1655,0.1656,0.1657,0.1658,0.1659,0.166,0.1661,26622,58753,85975,132304,119029,83922,74249,41749,52472,12514,55340,207838,130462,182083,194446,272166,279028,46036,7458,8835
18,0.1651,0.165,0.1649,0.1648,0.1647,0.1646,0.1645,0.1644,0.1643,0.1642,0.1652,0.1653,0.1654,0.1655,0.1656,0.1657,0.1658,0.1659,0.166,0.1661,68067,86102,166801,317457,497045,272757,58411,42035,76827,27405,140,170235,207107,120944,281664,39562,230306,253034,244080,29104
19,0.1652,0.1651,0.165,0.1649,0.1648,0.1647,0.1646,0.1645,0.1644,0.1643,0.1653,0.1654,0.1655,0.1656,0.1657,0.1658,0.1659,0.166,0.1661,0.1662,38189,99163,138477,205521,399626,82305,61382,58535,29110,91783,14827,167916,317447,234955,428298,37140,49583,244352,59520,47550
20,0.1653,0.1652,0.1651,0.165,0.1649,0.1648,0.1647,0.1646,0.1645,0.1644,0.1654,0.1655,0.1656,0.1657,0.1658,0.1659,0.166,0.1661,0.1662,0.1663,51416,99671,160970,142718,298770,278923,72434,45083,50303,131400,115,198960,270396,456733,217040,55886,250147,65858,34429,30480
21,0.1655,0.1654,0.1653,0.1652,0.1651,0.165,0.1649,0.1648,0.1647,0.1646,0.1656,0.1657,0.1658,0.1659,0.166,0.1661,0.1662,0.1663,0.1664,0.1665,51091,71545,135006,163153,286529,51776,86879,161064,50133,45353,13224,151961,298941,248472,410088,33919,274400,25376,53925,63123
22,0.1656,0.1655,0.1654,0.1653,0.1652,0.1651,0.165,0.1649,0.1648,0.1647,0.1657,0.1658,0.1659,0.166,0.1661,0.1662,0.1663,0.1664,0.1665,0.1666,54351,119899,147533,192017,235016,64140,36469,84410,143280,190366,14694,122232,381625,442254,211629,42271,29197,276300,54962,11127
23,0.1658,0.1657,0.1656,0.1655,0.1654,0.1653,0.1652,0.1651,0.165,0.1649,0.1659,0.166,0.1661,0.1662,0.1663,0.1664,0.1665,0.1666,0.1667,0.1668,160,69358,108588,141738,57888,73207,64735,67532,36469,66471,64625,260484,172041,239844,244756,283936,54962,25885,28307,172945
24,0.1659,0.1658,0.1657,0.1656,0.1655,0.1654,0.1653,0.1652,0.1651,0.165,0.166,0.1661,0.1662,0.1663,0.1664,0.1665,0.1666,0.1667,0.1668,0.1669,17330,50128,118350,148258,227142,51458,127076,67015,40842,65576,30377,103691,153537,143642,333905,93606,189265,273305,40474,239878
25,0.1659,0.1658,0.1657,0.1656,0.1655,0.1654,0.1653,0.1652,0.1651,0.165,0.166,0.1661,0.1662,0.1663,0.1664,0.1665,0.1666,0.1667,0.1668,0.1669,52440,78339,155131,61908,226591,57600,81071,112746,284058,284353,16145,70334,153553,190645,357038,32190,189632,116475,456048,33686
26,0.1658,0.1657,0.1656,0.1655,0.1654,0.1653,0.1652,0.1651,0.165,0.1649,0.1659,0.166,0.1661,0.1662,0.1663,0.1664,0.1665,0.1666,0.1667,0.1668,35053,64018,56673,126744,216301,132070,161873,196800,283304,266617,22520,74359,133222,164340,263366,184461,80046,186165,479778,25433
27,0.1655,0.1654,0.1653,0.1652,0.1651,0.165,0.1649,0.1648,0.1647,0.1646,0.1656,0.1657,0.1658,0.1659,0.166,0.1661,0.1662,0.1663,0.1664,0.1665,42356,77211,164617,293398,586759,34713,266014,142357,104523,50733,20384,88994,147137,159154,263605,67533,42103,282252,405099,6949
28,0.1654,0.1653,0.1652,0.1651,0.165,0.1649,0.1648,0.1647,0.1646,0.1645,0.1655,0.1656,0.1657,0.1658,0.1659,0.166,0.1661,0.1662,0.1663,0.1664,43114,195780,454594,122232,404975,255600,36153,103919,44114,48224,18461,88257,159849,162202,248245,57114,47574,40832,248675,414177
29,0.1656,0.1655,0.1654,0.1653,0.1652,0.1651,0.165,0.1649,0.1648,0.1647,0.1657,0.1658,0.1659,0.166,0.1661,0.1662,0.1663,0.1664,0.1665,0.1666,28198,94408,137960,202735,596959,61357,230805,39020,26635,288401,12772,88609,152645,153228,251881,49844,286401,412705,30006,21654
30,0.1656,0.1655,0.1654,0.1653,0.1652,0.1651,0.165,0.1649,0.1648,0.1647,0.1657,0.1658,0.1659,0.166,0.1661,0.1662,0.1663,0.1664,0.1665,0.1666,56947,82436,153630,294132,496232,56486,230805,39020,76327,238559,11816,112829,120149,164572,252314,99651,231023,365420,83825,19585
31,0.1657,0.1656,0.1655,0.1654,0.1653,0.1652,0.1651,0.165,0.1649,0.1648,0.1658,0.1659,0.166,0.1661,0.1662,0.1663,0.1664,0.1665,0.1666,0.1667,15606,136801,103910,192513,228928,257746,207776,230805,39020,97436,46422,145543,127536,176641,264470,231614,368542,81871,21538,234754
32,0.1657,0.1656,0.1655,0.1654,0.1653,0.1652,0.1651,0.165,0.1649,0.1648,0.1658,0.1659,0.166,0.1661,0.1662,0.1663,0.1664,0.1665,0.1666,0.1667,40460,93953,107297,200984,225737,249219,205243,230805,39291,112274,14663,104872,126222,203354,279766,239145,368813,82142,21267,234754
33,0.1656,0.1655,0.1654,0.1653,0.1652,0.1651,0.165,0.1649,0.1648,0.1647,0.1657,0.1658,0.1659,0.166,0.1661,0.1662,0.1663,0.1664,0.1665,0.1666,62545,168813,132774,260258,480889,252193,28168,23858,97436,238559,228,83151,121346,154731,263419,105746,221417,368813,81871,21267
34,0.1657,0.1656,0.1655,0.1654,0.1653,0.1652,0.1651,0.165,0.1649,0.1648,0.1658,0.1659,0.166,0.1661,0.1662,0.1663,0.1664,0.1665,0.1666,0.1667,27017,101952,146415,128852,269975,255380,209635,230805,38967,103878,29216,251417,135142,191762,272446,209356,248055,81871,19116,235223
35,0.1657,0.1656,0.1655,0.1654,0.1653,0.1652,0.1651,0.165,0.1649,0.1648,0.1658,0.1659,0.166,0.1661,0.1662,0.1663,0.1664,0.1665,0.1666,0.1667,22681,81090,186907,228662,261606,159048,53948,230805,47502,103887,51113,267434,107841,124124,107954,204524,244343,75965,36130,235223
36,0.1656,0.1655,0.1654,0.1653,0.1652,0.1651,0.165,0.1649,0.1648,0.1647,0.1657,0.1658,0.1659,0.166,0.1661,0.1662,0.1663,0.1664,0.1665,0.1666,18974,99324,128528,278213,481002,59835,230805,47502,82778,243960,32005,160684,266520,160651,239185,100071,206774,244343,77919,34186
37,0.1655,0.1654,0.1653,0.1652,0.1651,0.165,0.1649,0.1648,0.1647,0.1646,0.1656,0.1657,0.1658,0.1659,0.166,0.1661,0.1662,0.1663,0.1664,0.1665,90,72196,179338,347260,375218,246412,54143,32410,223441,14345,53397,154560,162231,307046,210294,47666,92665,405607,246298,82271
38,0.1654,0.1653,0.1652,0.1651,0.165,0.1649,0.1648,0.1647,0.1646,0.1645,0.1655,0.1656,0.1657,0.1658,0.1659,0.166,0.1661,0.1662,0.1663,0.1664,32341,122843,197208,164054,366725,258340,36315,255756,28877,109258,17933,128532,145507,191115,379389,43665,49156,141091,406921,248047
39,0.1655,0.1654,0.1653,0.1652,0.1651,0.165,0.1649,0.1648,0.1647,0.1646,0.1656,0.1657,0.1658,0.1659,0.166,0.1661,0.1662,0.1663,0.1664,0.1665,12774,93822,169640,214006,266124,203169,255807,38289,253782,14345,40055,142320,203082,282056,213220,49200,145352,408877,232688,34358
40,0.1648,0.1647,0.1646,0.1645,0.1644,0.1643,0.1642,0.1641,0.164,0.1639,0.1649,0.165,0.1651,0.1652,0.1653,0.1654,0.1655,0.1656,0.1657,0.1658,49885,75202,102140,75608,94344,314851,78812,241732,233517,66679,11691,82275,129817,155301,284912,76016,59516,43966,48303,16919
41,0.1646,0.1645,0.1644,0.1643,0.1642,0.1641,0.164,0.1639,0.1638,0.1637,0.1647,0.1648,0.1649,0.165,0.1651,0.1652,0.1653,0.1654,0.1655,0.1656,18975,64206,86795,68574,48809,51750,107176,167818,233501,261307,33754,86911,131519,111355,251606,49536,78718,62475,51791,81965
42,0.1644,0.1643,0.1642,0.1641,0.164,0.1639,0.1638,0.1637,0.1636,0.1635,0.1645,0.1646,0.1647,0.1648,0.1649,0.165,0.1651,0.1652,0.1653,0.1654,26263,67904,93747,54602,34363,65506,83770,212015,145306,54505,24299,80218,189376,271103,66970,44553,60912,48684,35240,36129
43,0.1643,0.1642,0.1641,0.164,0.1639,0.1638,0.1637,0.1636,0.1635,0.1634,0.1644,0.1645,0.1646,0.1647,0.1648,0.1649,0.165,0.1651,0.1652,0.1653,19528,68098,67786,165246,216110,98055,209959,251777,155644,77560,37356,144059,92668,161798,239881,52796,53327,44953,66195,49452
44,0.1644,0.1643,0.1642,0.1641,0.164,0.1639,0.1638,0.1637,0.1636,0.1635,0.1645,0.1646,0.1647,0.1648,0.1649,0.165,0.1651,0.1652,0.1653,0.1654,43289,98032,124831,156302,465778,102495,49047,41074,251504,39520,15419,238212,144687,125667,264846,57105,49568,217027,102324,7107
45,0.1644,0.1643,0.1642,0.1641,0.164,0.1639,0.1638,0.1637,0.1636,0.1635,0.1645,0.1646,0.1647,0.1648,0.1649,0.165,0.1651,0.1652,0.1653,0.1654,46479,66891,159412,416509,262673,54012,240395,295859,27638,39520,46102,175881,283631,123948,247265,90988,50568,459789,41117,7707
46,0.1642,0.1641,0.164,0.1639,0.1638,0.1637,0.1636,0.1635,0.1634,0.1633,0.1643,0.1644,0.1645,0.1646,0.1647,0.1648,0.1649,0.165,0.1651,0.1652,44161,108874,178003,213115,472837,267198,231290,69475,62965,60473,31683,79764,171802,202226,431145,235324,199491,37158,45554,67016
47,0.1644,0.1643,0.1642,0.1641,0.164,0.1639,0.1638,0.1637,0.1636,0.1635,0.1645,0.1646,0.1647,0.1648,0.1649,0.165,0.1651,0.1652,0.1653,0.1654,19842,97934,142578,124671,281798,111261,98425,302134,37463,33119,37127,167186,265487,119296,220296,38104,49586,97907,56367,22286
48,0.1643,0.1642,0.1641,0.164,0.1639,0.1638,0.1637,0.1636,0.1635,0.1634,0.1644,0.1645,0.1646,0.1647,0.1648,0.1649,0.165,0.1651,0.1652,0.1653,50005,88643,137281,329378,428464,253990,46684,37463,31134,277926,17137,87073,194294,301318,204765,103513,396705,51552,304416,41178
49,0.1643,0.1642,0.1641,0.164,0.1639,0.1638,0.1637,0.1636,0.1635,0.1634,0.1644,0.1645,0.1646,0.1647,0.1648,0.1649,0.165,0.1651,0.1652,0.1653,37081,114085,205372,216269,436312,239381,44701,39447,31134,277926,23300,96258,168068,301101,224464,106047,398672,58343,304415,41178
50,0.1643,0.1642,0.1641,0.164,0.1639,0.1638,0.1637,0.1636,0.1635,0.1634,0.1644,0.1645,0.1646,0.1647,0.1648,0.1649,0.165,0.1651,0.1652,0.1653,55331,103889,141036,183475,425514,43650,207800,240100,61089,262080,14207,94684,188591,299957,211944,106837,397758,70842,289313,56367
51,0.1643,0.1642,0.1641,0.164,0.1639,0.1638,0.1637,0.1636,0.1635,0.1634,0.1644,0.1645,0.1646,0.1647,0.1648,0.1649,0.165,0.1651,0.1652,0.1653,45560,99465,135043,178242,274257,46794,49130,39447,31365,78203,23046,91651,188430,293025,233998,103658,191624,68876,498414,56367
52,0.1645,0.1644,0.1643,0.1642,0.1641,0.164,0.1639,0.1638,0.1637,0.1636,0.1646,0.1647,0.1648,0.1649,0.165,0.1651,0.1652,0.1653,0.1654,0.1655,24430,95265,123217,174136,249896,116558,225721,191933,294224,218653,36532,266025,111011,159056,211453,130749,649518,56967,35701,19425
53,0.1643,0.1642,0.1641,0.164,0.1639,0.1638,0.1637,0.1636,0.1635,0.1634,0.1644,0.1645,0.1646,0.1647,0.1648,0.1649,0.165,0.1651,0.1652,0.1653,9416,62560,89669,197190,426218,202562,297851,248589,45755,34695,67730,90397,98784,263014,260266,199254,36868,70842,497814,57240
54,0.1643,0.1642,0.1641,0.164,0.1639,0.1638,0.1637,0.1636,0.1635,0.1634,0.1644,0.1645,0.1646,0.1647,0.1648,0.1649,0.165,0.1651,0.1652,0.1653,22890,82407,179218,322638,274410,211730,251003,52496,45755,263124,34335,197222,153753,228290,464194,202626,37729,68420,288714,41451
55,0.1642,0.1641,0.164,0.1639,0.1638,0.1637,0.1636,0.1635,0.1634,0.1633,0.1643,0.1644,0.1645,0.1646,0.1647,0.1648,0.1649,0.165,0.1651,0.1652,40964,101101,151458,296275,312209,211843,256133,45755,277796,44123,20019,144793,261782,136215,239924,287311,246599,33158,44401,241326
56,0.1642,0.1641,0.164,0.1639,0.1638,0.1637,0.1636,0.1635,0.1634,0.1633,0.1643,0.1644,0.1645,0.1646,0.1647,0.1648,0.1649,0.165,0.1651,0.1652,39580,89427,153509,315695,259632,221870,249519,47467,278036,50021,34785,115876,267461,122670,283767,289825,249567,36173,69020,226128
57,0.164,0.1639,0.1638,0.1637,0.1636,0.1635,0.1634,0.1633,0.1632,0.1631,0.1641,0.1642,0.1643,0.1644,0.1645,0.1646,0.1647,0.1648,0.1649,0.165,18727,115275,266372,350586,263398,261722,29731,35069,241784,42282,69245,135380,142419,147423,363645,30544,50156,311681,194133,32868
58,0.1639,0.1638,0.1637,0.1636,0.1635,0.1634,0.1633,0.1632,0.1631,0.163,0.164,0.1641,0.1642,0.1643,0.1644,0.1645,0.1646,0.1647,0.1648,0.1649,23498,126155,463362,175461,419891,66959,38275,291220,11338,54652,31018,103573,169496,166892,218074,162453,79102,207216,307310,33937
59,0.1637,0.1636,0.1635,0.1634,0.1633,0.1632,0.1631,0.163,0.1629,0.1628,0.1638,0.1639,0.164,0.1641,0.1642,0.1643,0.1644,0.1645,0.1646,0.1647,17365,93948,392181,309533,260143,59124,41702,254132,94977,67692,25396,117487,144336,161251,254034,54168,29244,201316,62912,213276
60,0.1638,0.1637,0.1636,0.1635,0.1634,0.1633,0.1632,0.1631,0.163,0.1629,0.1639,0.164,0.1641,0.1642,0.1643,0.1644,0.1645,0.1646,0.1647,0.1648,20428,74770,172100,417991,262086,251469,45615,226116,46859,64289,28216,127187,134901,178935,213193,28639,541011,93920,55222,215096
61,0.1638,0.1637,0.1636,0.1635,0.1634,0.1633,0.1632,0.1631,0.163,0.1629,0.1639,0.164,0.1641,0.1642,0.1643,0.1644,0.1645,0.1646,0.1647,0.1648,40864,126015,214947,195785,365683,254507,39451,228104,44668,64655,15526,87304,172877,164442,241974,31859,593282,41649,54948,215096
62,0.1638,0.1637,0.1636,0.1635,0.1634,0.1633,0.1632,0.1631,0.163,0.1629,0.1639,0.164,0.1641,0.1642,0.1643,0.1644,0.1645,0.1646,0.1647,0.1648,37610,117230,176087,305058,363973,254559,39451,228104,50559,79949,15791,95995,150638,185171,224424,84432,541011,50187,55012,230605
63,0.1638,0.1637,0.1636,0.1635,0.1634,0.1633,0.1632,0.1631,0.163,0.1629,0.1639,0.164,0.1641,0.1642,0.1643,0.1644,0.1645,0.1646,0.1647,0.1648,13413,104818,174772,244126,367235,257451,38451,228104,50559,79785,67492,123866,165110,184009,217038,80910,540040,49583,55616,215370
64,0.1637,0.1636,0.1635,0.1634,0.1633,0.1632,0.1631,0.163,0.1629,0.1628,0.1638,0.1639,0.164,0.1641,0.1642,0.1643,0.1644,0.1645,0.1646,0.1647,23594,154988,119641,282347,367085,255818,228104,50559,79175,35166,39592,153195,132399,191746,250522,195479,81127,360094,34424,55011
65,0.1636,0.1635,0.1634,0.1633,0.1632,0.1631,0.163,0.1629,0.1628,0.1627,0.1637,0.1638,0.1639,0.164,0.1641,0.1642,0.1643,0.1644,0.1645,0.1646,23026,126161,225948,339428,422077,246704,52822,79175,35166,72005,34290,99795,187620,176495,276553,58551,452327,236358,106156,34424
66,0.1636,0.1635,0.1634,0.1633,0.1632,0.1631,0.163,0.1629,0.1628,0.1627,0.1637,0.1638,0.1639,0.164,0.1641,0.1642,0.1643,0.1644,0.1645,0.1646,22172,78618,123034,104986,221373,188885,211484,283528,65419,233128,28577,162789,169952,182366,277319,30524,451110,234992,88092,30627
67,0.1636,0.1635,0.1634,0.1633,0.1632,0.1631,0.163,0.1629,0.1628,0.1627,0.1637,0.1638,0.1639,0.164,0.1641,0.1642,0.1643,0.1644,0.1645,0.1646,294,98697,149843,276070,384619,40705,248095,80689,65419,223487,68055,124402,145816,146198,264221,79397,400538,234992,88092,22088
68,0.1639,0.1638,0.1637,0.1636,0.1635,0.1634,0.1633,0.1632,0.1631,0.163,0.164,0.1641,0.1642,0.1643,0.1644,0.1645,0.1646,0.1647,0.1648,0.1649,36507,104712,116014,191325,210314,88394,137528,201648,26393,232292,23307,211828,226693,436089,203705,92767,28724,263871,24858,55919
69,0.1639,0.1638,0.1637,0.1636,0.1635,0.1634,0.1633,0.1632,0.1631,0.163,0.164,0.1641,0.1642,0.1643,0.1644,0.1645,0.1646,0.1647,0.1648,0.1649,18432,115932,163611,269691,210047,76021,54868,301262,26613,232627,41768,203251,273420,178062,571110,42226,31695,57397,57111,41089
70,0.1638,0.1637,0.1636,0.1635,0.1634,0.1633,0.1632,0.1631,0.163,0.1629,0.1639,0.164,0.1641,0.1642,0.1643,0.1644,0.1645,0.1646,0.1647,0.1648,49080,107863,154359,149611,241087,154753,203959,26887,232018,85668,11048,130436,198419,247863,290535,390969,43716,231136,26410,55621
71,0.1638,0.1637,0.1636,0.1635,0.1634,0.1633,0.1632,0.1631,0.163,0.1629,0.1639,0.164,0.1641,0.1642,0.1643,0.1644,0.1645,0.1646,0.1647,0.1648,12986,81121,152147,169675,232602,155750,201971,28327,247302,79583,38540,140063,216756,248972,282123,387681,92100,229165,26136,24859
72,0.1638,0.1637,0.1636,0.1635,0.1634,0.1633,0.1632,0.1631,0.163,0.1629,0.1639,0.164,0.1641,0.1642,0.1643,0.1644,0.1645,0.1646,0.1647,0.1648,35528,80748,147494,124324,273392,147832,210265,28601,247302,30075,25444,126803,211963,227966,290854,393111,45293,274739,32689,24859
73,0.1638,0.1637,0.1636,0.1635,0.1634,0.1633,0.1632,0.1631,0.163,0.1629,0.1639,0.164,0.1641,0.1642,0.1643,0.1644,0.1645,0.1646,0.1647,0.1648,48525,97747,95967,128793,286864,138906,202245,280201,29990,29911,16504,91700,217537,222517,528556,184296,45688,297128,41371,9897
74,0.1638,0.1637,0.1636,0.1635,0.1634,0.1633,0.1632,0.1631,0.163,0.1629,0.1639,0.164,0.1641,0.1642,0.1643,0.1644,0.1645,0.1646,0.1647,0.1648,23104,100315,160839,254734,436817,55337,244752,77564,259925,35500,26002,135386,205644,232618,278577,390955,44688,290492,26136,25132
75,0.1637,0.1636,0.1635,0.1634,0.1633,0.1632,0.1631,0.163,0.1629,0.1628,0.1638,0.1639,0.164,0.1641,0.1642,0.1643,0.1644,0.1645,0.1646,0.1647,59172,91247,138895,285797,365418,253637,282726,60202,35500,38786,21339,109653,156377,201641,349847,109651,391492,45292,293578,26136
76,0.1636,0.1635,0.1634,0.1633,0.1632,0.1631,0.163,0.1629,0.1628,0.1627,0.1637,0.1638,0.1639,0.164,0.1641,0.1642,0.1643,0.1644,0.1645,0.1646,12505,67031,189177,343361,480607,47415,67956,34890,283835,39077,66420,147768,131781,170121,253594,151738,517917,10940,251225,14826
77,0.1636,0.1635,0.1634,0.1633,0.1632,0.1631,0.163,0.1629,0.1628,0.1627,0.1637,0.1638,0.1639,0.164,0.1641,0.1642,0.1643,0.1644,0.1645,0.1646,11121,88528,142215,286162,377702,258608,54601,240808,82376,39077,73184,130477,157751,142277,254329,359696,308731,220063,27026,31355
78,0.1637,0.1636,0.1635,0.1634,0.1633,0.1632,0.1631,0.163,0.1629,0.1628,0.1638,0.1639,0.164,0.1641,0.1642,0.1643,0.1644,0.1645,0.1646,0.1647,30883,98793,127633,221299,309685,214904,233501,51062,241082,82376,22768,106855,154434,204129,539549,312563,257743,35851,31355,28857
79,0.1639,0.1638,0.1637,0.1636,0.1635,0.1634,0.1633,0.1632,0.1631,0.163,0.164,0.1641,0.1642,0.1643,0.1644,0.1645,0.1646,0.1647,0.1648,0.1649,22137,68811,93949,155346,93791,69365,35317,144573,442100,32144,43174,279272,169637,516778,50376,47430,295155,53492,25918,187855
80,0.1639,0.1638,0.1637,0.1636,0.1635,0.1634,0.1633,0.1632,0.1631,0.163,0.164,0.1641,0.1642,0.1643,0.1644,0.1645,0.1646,0.1647,0.1648,0.1649,1413,65593,113374,250101,40837,71169,139836,194633,287906,29991,55360,211894,222075,181032,205986,248622,78495,53765,236765,40662
81,0.1636,0.1635,0.1634,0.1633,0.1632,0.1631,0.163,0.1629,0.1628,0.1627,0.1637,0.1638,0.1639,0.164,0.1641,0.1642,0.1643,0.1644,0.1645,0.1646,54131,85304,165979,279675,368757,246603,66672,235282,81039,60493,15670,85194,168194,182141,265469,401493,254469,243536,42761,23088
82,0.1638,0.1637,0.1636,0.1635,0.1634,0.1633,0.1632,0.1631,0.163,0.1629,0.1639,0.164,0.1641,0.1642,0.1643,0.1644,0.1645,0.1646,0.1647,0.1648,22815,58088,97765,151677,358372,160313,204559,238647,60403,271343,36031,142813,200322,409983,427708,34661,90041,233935,37667,26201
83,0.1637,0.1636,0.1635,0.1634,0.1633,0.1632,0.1631,0.163,0.1629,0.1628,0.1638,0.1639,0.164,0.1641,0.1642,0.1643,0.1644,0.1645,0.1646,0.1647,54916,105887,130102,247686,332661,209847,238373,62392,284647,50329,11287,91777,174010,190372,546814,263479,35935,90041,233935,37667
84,0.1639,0.1638,0.1637,0.1636,0.1635,0.1634,0.1633,0.1632,0.1631,0.163,0.164,0.1641,0.1642,0.1643,0.1644,0.1645,0.1646,0.1647,0.1648,0.1649,29882,89741,150084,183828,217434,110407,185073,192919,238384,32346,22525,209778,298792,267029,416395,90436,241175,46555,10966,55762
85,0.1639,0.1638,0.1637,0.1636,0.1635,0.1634,0.1633,0.1632,0.1631,0.163,0.164,0.1641,0.1642,0.1643,0.1644,0.1645,0.1646,0.1647,0.1648,0.1649,24832,101008,148953,266470,217674,115133,171249,194907,238384,45915,25078,206325,271960,307201,413859,92408,241175,46555,10966,55762
86,0.1639,0.1638,0.1637,0.1636,0.1635,0.1634,0.1633,0.1632,0.1631,0.163,0.164,0.1641,0.1642,0.1643,0.1644,0.1645,0.1646,0.1647,0.1648,0.1649,46244,86685,154213,251758,220885,104455,50378,296312,242159,94804,15528,149317,266944,150695,277078,206675,235988,90636,252179,25432
87,0.164,0.1639,0.1638,0.1637,0.1636,0.1635,0.1634,0.1633,0.1632,0.1631,0.1641,0.1642,0.1643,0.1644,0.1645,0.1646,0.1647,0.1648,0.1649,0.165,13117,70763,132828,151197,132672,57624,101090,154043,192645,227085,46404,268282,128610,189858,207532,238233,90231,251905,40648,37505
88,0.164,0.1639,0.1638,0.1637,0.1636,0.1635,0.1634,0.1633,0.1632,0.1631,0.1641,0.1642,0.1643,0.1644,0.1645,0.1646,0.1647,0.1648,0.1649,0.165,53395,93252,104066,187657,307611,45436,196348,97526,193528,227085,17964,118064,249617,161807,249798,90597,249416,459181,42138,37505
89,0.1641,0.164,0.1639,0.1638,0.1637,0.1636,0.1635,0.1634,0.1633,0.1632,0.1642,0.1643,0.1644,0.1645,0.1646,0.1647,0.1648,0.1649,0.165,0.1651,27004,100056,110998,200115,208743,160653,43686,191911,250172,39060,24915,230404,135538,184811,270874,253277,459181,35822,37469,65709
90,0.164,0.1639,0.1638,0.1637,0.1636,0.1635,0.1634,0.1633,0.1632,0.1631,0.1641,0.1642,0.1643,0.1644,0.1645,0.1646,0.1647,0.1648,0.1649,0.165,15176,96313,155875,186524,307700,165036,96655,250172,38786,221312,90631,145186,226138,159370,246899,87565,245428,454430,35822,20539
91,0.1639,0.1638,0.1637,0.1636,0.1635,0.1634,0.1633,0.1632,0.1631,0.163,0.164,0.1641,0.1642,0.1643,0.1644,0.1645,0.1646,0.1647,0.1648,0.1649,36760,110089,142617,266232,316680,54389,244378,38177,217701,50700,87817,113363,164589,257052,252270,50386,86988,242458,454430,26944
92,0.1638,0.1637,0.1636,0.1635,0.1634,0.1633,0.1632,0.1631,0.163,0.1629,0.1639,0.164,0.1641,0.1642,0.1643,0.1644,0.1645,0.1646,0.1647,0.1648,60959,118463,227183,229125,231777,199995,40329,217701,99991,256822,89468,76786,151622,152541,417924,436646,49087,27005,84274,234630
93,0.1636,0.1635,0.1634,0.1633,0.1632,0.1631,0.163,0.1629,0.1628,0.1627,0.1637,0.1638,0.1639,0.164,0.1641,0.1642,0.1643,0.1644,0.1645,0.1646,47177,103881,238616,302172,226641,242651,99381,250689,65879,56060,87140,87281,165897,174591,266690,56709,196185,468635,41406,8309
94,0.1635,0.1634,0.1633,0.1632,0.1631,0.163,0.1629,0.1628,0.1627,0.1626,0.1636,0.1637,0.1638,0.1639,0.164,0.1641,0.1642,0.1643,0.1644,0.1645,23827,202453,130480,339237,413320,97644,250690,65270,88082,28794,101602,98000,150468,190381,231597,65545,46040,197141,468361,30816
95,0.1637,0.1636,0.1635,0.1634,0.1633,0.1632,0.1631,0.163,0.1629,0.1628,0.1638,0.1639,0.164,0.1641,0.1642,0.1643,0.1644,0.1645,0.1646,0.1647,35621,82164,155458,239693,271425,212086,238201,56295,256415,50471,34659,110325,108456,195584,221554,210056,473760,54885,23563,44194
96,0.1636,0.1635,0.1634,0.1633,0.1632,0.1631,0.163,0.1629,0.1628,0.1627,0.1637,0.1638,0.1639,0.164,0.1641,0.1642,0.1643,0.1644,0.1645,0.1646,43525,92859,143785,269592,377110,247539,56295,241016,50471,79635,15850,105055,157141,159447,257886,53065,206751,473154,54884,8914
97,0.1636,0.1635,0.1634,0.1633,0.1632,0.1631,0.163,0.1629,0.1628,0.1627,0.1637,0.1638,0.1639,0.164,0.1641,0.1642,0.1643,0.1644,0.1645,0.1646,59117,126166,212012,168813,367924,244352,56295,241016,29374,38801,1363,101090,157527,167303,297560,200191,156255,474511,24189,23563
98,0.1637,0.1636,0.1635,0.1634,0.1633,0.1632,0.1631,0.163,0.1629,0.1628,0.1638,0.1639,0.164,0.1641,0.1642,0.1643,0.1644,0.1645,0.1646,0.1647,52082,134864,212585,201064,322789,204304,235744,54196,241016,14683,21103,168941,242255,227623,388526,60456,447174,54883,23563,44468
99,0.1637,0.1636,0.1635,0.1634,0.1633,0.1632,0.1631,0.163,0.1629,0.1628,0.1638,0.1639,0.164,0.1641,0.1642,0.1643,0.1644,0.1645,0.1646,0.1647,14059,98939,147012,274665,215891,309451,234744,54196,225723,29977,32118,144864,196870,257955,420941,51441,237600,61128,234410,29224
100,0.1637,0.1636,0.1635,0.1634,0.1633,0.1632,0.1631,0.163,0.1629,0.1628,0.1638,0.1639,0.164,0.1641,0.1642,0.1643,0.1644,0.1645,0.1646,0.1647,11527,83866,162257,226913,212256,50669,30221,58644,13531,29977,48756,156683,212750,244860,213257,52046,32061,54883,14344,44468
101,0.1637,0.1636,0.1635,0.1634,0.1633,0.1632,0.1631,0.163,0.1629,0.1628,0.1638,0.1639,0.164,0.1641,0.1642,0.1643,0.1644,0.1645,0.1646,0.1647,23534,90974,132985,302756,317570,201848,237201,60069,219723,29977,21277,148033,230432,288703,370839,260143,32061,265456,29588,44468
102,0.1637,0.1636,0.1635,0.1634,0.1633,0.1632,0.1631,0.163,0.1629,0.1628,0.1638,0.1639,0.164,0.1641,0.1642,0.1643,0.1644,0.1645,0.1646,0.1647,24636,102531,129744,296079,317570,201850,237201,60069,219723,29977,22928,134803,223590,288428,388338,259870,30089,267701,29588,44468
103,0.1638,0.1637,0.1636,0.1635,0.1634,0.1633,0.1632,0.1631,0.163,0.1629,0.1639,0.164,0.1641,0.1642,0.1643,0.1644,0.1645,0.1646,0.1647,0.1648,33626,107034,150721,164943,337224,153832,200349,232756,60069,235291,19282,175182,310801,297236,430658,34030,274337,29588,44468,40566
104,0.1638,0.1637,0.1636,0.1635,0.1634,0.1633,0.1632,0.1631,0.163,0.1629,0.1639,0.164,0.1641,0.1642,0.1643,0.1644,0.1645,0.1646,0.1647,0.1648,49247,81173,168947,171084,335315,157820,200349,232756,60343,283984,13077,163168,321027,307693,431520,39377,272366,75865,44194,40840
105,0.1641,0.164,0.1639,0.1638,0.1637,0.1636,0.1635,0.1634,0.1633,0.1632,0.1642,0.1643,0.1644,0.1645,0.1646,0.1647,0.1648,0.1649,0.165,0.1651,24682,85767,135487,192756,221854,66397,86505,161798,146658,242416,26831,245363,127855,225149,403458,253908,47885,260428,37195,56605
106,0.1642,0.1641,0.164,0.1639,0.1638,0.1637,0.1636,0.1635,0.1634,0.1633,0.1643,0.1644,0.1645,0.1646,0.1647,0.1648,0.1649,0.165,0.1651,0.1652,24930,60854,126761,198438,72567,61886,67865,63091,161524,143603,53620,278018,191944,289210,258791,47418,310930,37195,56605,46275
107,0.1642,0.1641,0.164,0.1639,0.1638,0.1637,0.1636,0.1635,0.1634,0.1633,0.1643,0.1644,0.1645,0.1646,0.1647,0.1648,0.1649,0.165,0.1651,0.1652,35771,97393,149838,178772,231385,60102,63650,164152,163132,40923,21435,171909,251668,119556,224781,230053,306016,43831,267178,31166
108,0.1645,0.1644,0.1643,0.1642,0.1641,0.164,0.1639,0.1638,0.1637,0.1636,0.1646,0.1647,0.1648,0.1649,0.165,0.1651,0.1652,0.1653,0.1654,0.1655,50626,104541,110127,185791,230037,77494,64075,51816,39630,36710,2273,176819,168215,188105,616016,64676,87914,248198,22003,64075
109,0.1646,0.1645,0.1644,0.1643,0.1642,0.1641,0.164,0.1639,0.1638,0.1637,0.1647,0.1648,0.1649,0.165,0.1651,0.1652,0.1653,0.1654,0.1655,0.1656,32838,118148,228568,304358,385440,258662,48345,44210,51823,41447,23046,181891,237914,134164,207973,254726,247029,27272,320773,19242
110,0.1645,0.1644,0.1643,0.1642,0.1641,0.164,0.1639,0.1638,0.1637,0.1636,0.1646,0.1647,0.1648,0.1649,0.165,0.1651,0.1652,0.1653,0.1654,0.1655,11718,66963,138101,344312,213943,415328,46926,53198,39780,25096,39223,155331,193344,247852,221079,30190,300279,243702,6834,259874
111,0.1645,0.1644,0.1643,0.1642,0.1641,0.164,0.1639,0.1638,0.1637,0.1636,0.1646,0.1647,0.1648,0.1649,0.165,0.1651,0.1652,0.1653,0.1654,0.1655,47789,122425,169013,242633,213943,49040,47984,154877,194582,227904,764,100565,204475,271382,245422,33669,291149,243702,6834,259874
112,0.1647,0.1646,0.1645,0.1644,0.1643,0.1642,0.1641,0.164,0.1639,0.1638,0.1648,0.1649,0.165,0.1651,0.1652,0.1653,0.1654,0.1655,0.1656,0.1657,26857,74046,138464,268665,223606,121062,47981,49609,150496,87767,65643,235941,90500,188886,415726,247129,41474,303993,19242,49628
113,0.1647,0.1646,0.1645,0.1644,0.1643,0.1642,0.1641,0.164,0.1639,0.1638,0.1648,0.1649,0.165,0.1651,0.1652,0.1653,0.1654,0.1655,0.1656,0.1657,19731,78545,144997,221898,56837,123626,49817,148848,203285,85785,56561,253555,91407,164265,261096,245165,41474,293319,18969,56230
114,0.1647,0.1646,0.1645,0.1644,0.1643,0.1642,0.1641,0.164,0.1639,0.1638,0.1648,0.1649,0.165,0.1651,0.1652,0.1653,0.1654,0.1655,0.1656,0.1657,42266,101918,137267,262313,218999,123741,50373,149904,404762,85785,23861,217424,157700,172078,435796,245165,41474,293319,18969,56230
115,0.165,0.1649,0.1648,0.1647,0.1646,0.1645,0.1644,0.1643,0.1642,0.1641,0.1651,0.1652,0.1653,0.1654,0.1655,0.1656,0.1657,0.1658,0.1659,0.166,25775,83028,125605,141029,284294,58131,139496,39636,98288,173968,48961,211629,111272,137821,212759,87211,633011,54040,62101,33550
116,0.1649,0.1648,0.1647,0.1646,0.1645,0.1644,0.1643,0.1642,0.1641,0.164,0.165,0.1651,0.1652,0.1653,0.1654,0.1655,0.1656,0.1657,0.1658,0.1659,3984,73129,126845,199973,225688,141165,43850,199967,244962,252661,40627,124953,210791,290968,369554,45709,36360,468992,69135,47089
117,0.1648,0.1647,0.1646,0.1645,0.1644,0.1643,0.1642,0.1641,0.164,0.1639,0.1649,0.165,0.1651,0.1652,0.1653,0.1654,0.1655,0.1656,0.1657,0.1658,22742,88657,137542,212999,308969,66704,203274,241260,252055,30548,19575,134557,152586,208468,372012,381036,45109,35559,233677,69456
118,0.1648,0.1647,0.1646,0.1645,0.1644,0.1643,0.1642,0.1641,0.164,0.1639,0.1649,0.165,0.1651,0.1652,0.1653,0.1654,0.1655,0.1656,0.1657,0.1658,35281,89659,164451,199197,309640,151855,98560,242184,236865,30548,20747,94036,141609,223370,399773,381633,47071,35559,263876,52353
119,0.165,0.1649,0.1648,0.1647,0.1646,0.1645,0.1644,0.1643,0.1642,0.1641,0.1651,0.1652,0.1653,0.1654,0.1655,0.1656,0.1657,0.1658,0.1659,0.166,35747,80905,108291,184027,237986,71376,140517,146881,256854,86143,24222,176052,228043,182039,434443,244177,272474,18674,47089,33276
120,0.1652,0.1651,0.165,0.1649,0.1648,0.1647,0.1646,0.1645,0.1644,0.1643,0.1653,0.1654,0.1655,0.1656,0.1657,0.1658,0.1659,0.166,0.1661,0.1662,26680,84472,151624,123137,275700,53019,53490,53094,174905,132541,22532,195372,171543,199842,203754,237004,462067,35038,56147,163573
121,0.1654,0.1653,0.1652,0.1651,0.165,0.1649,0.1648,0.1647,0.1646,0.1645,0.1655,0.1656,0.1657,0.1658,0.1659,0.166,0.1661,0.1662,0.1663,0.1664,49633,85863,122327,118060,219720,116919,49039,41914,49084,52855,10656,117006,252800,222034,381102,242619,101044,32744,27623,217681
122,0.1654,0.1653,0.1652,0.1651,0.165,0.1649,0.1648,0.1647,0.1646,0.1645,0.1655,0.1656,0.1657,0.1658,0.1659,0.166,0.1661,0.1662,0.1663,0.1664,17026,90672,121906,206357,222375,82044,47987,44086,150492,200684,33494,185110,322574,460947,224605,26876,100315,28893,21587,232769
123,0.1651,0.165,0.1649,0.1648,0.1647,0.1646,0.1645,0.1644,0.1643,0.1642,0.1652,0.1653,0.1654,0.1655,0.1656,0.1657,0.1658,0.1659,0.166,0.1661,29134,96287,176629,207103,220454,65075,186263,448452,27911,266644,24028,118925,123990,219527,461229,313817,66173,46832,233181,65777
124,0.1651,0.165,0.1649,0.1648,0.1647,0.1646,0.1645,0.1644,0.1643,0.1642,0.1652,0.1653,0.1654,0.1655,0.1656,0.1657,0.1658,0.1659,0.166,0.1661,11045,92607,113196,204294,319901,208071,84584,295689,12152,266916,30967,145990,142293,224964,448882,278413,66173,48519,233181,87535
125,0.1651,0.165,0.1649,0.1648,0.1647,0.1646,0.1645,0.1644,0.1643,0.1642,0.1652,0.1653,0.1654,0.1655,0.1656,0.1657,0.1658,0.1659,0.166,0.1661,20184,59161,107343,158461,371646,212706,79904,295689,12424,266644,30313,119014,170844,177273,292510,277318,318949,46832,227148,41442
126,0.1652,0.1651,0.165,0.1649,0.1648,0.1647,0.1646,0.1645,0.1644,0.1643,0.1653,0.1654,0.1655,0.1656,0.1657,0.1658,0.1659,0.166,0.1661,0.1662,22986,97493,142266,187601,242442,192575,202228,80176,295689,12757,25502,107261,157733,246411,454215,322131,46560,253611,41442,26738
127,0.1651,0.165,0.1649,0.1648,0.1647,0.1646,0.1645,0.1644,0.1643,0.1642,0.1652,0.1653,0.1654,0.1655,0.1656,0.1657,0.1658,0.1659,0.166,0.1661,47449,106298,153353,254209,374506,257268,59539,93154,12350,266916,15322,93565,160395,158220,279740,271903,281019,42738,238580,41442
128,0.1652,0.1651,0.165,0.1649,0.1648,0.1647,0.1646,0.1645,0.1644,0.1643,0.1653,0.1654,0.1655,0.1656,0.1657,0.1658,0.1659,0.166,0.1661,0.1662,36133,80854,154554,169965,330310,206553,250295,59539,93625,12757,21881,104050,187326,222192,414314,283980,53129,238381,41641,11661
129,0.1651,0.165,0.1649,0.1648,0.1647,0.1646,0.1645,0.1644,0.1643,0.1642,0.1652,0.1653,0.1654,0.1655,0.1656,0.1657,0.1658,0.1659,0.166,0.1661,47628,99520,160280,272832,214629,209219,267505,93353,12152,266916,13169,110149,193231,180417,282354,248801,282979,48429,238381,26327
130,0.1652,0.1651,0.165,0.1649,0.1648,0.1647,0.1646,0.1645,0.1644,0.1643,0.1653,0.1654,0.1655,0.1656,0.1657,0.1658,0.1659,0.166,0.1661,0.1662,19187,104893,142711,178195,227615,161867,206633,267432,78008,28184,20879,142019,198549,220841,465375,193011,51369,238381,72505,26767
131,0.165,0.1649,0.1648,0.1647,0.1646,0.1645,0.1644,0.1643,0.1642,0.1641,0.1651,0.1652,0.1653,0.1654,0.1655,0.1656,0.1657,0.1658,0.1659,0.166,35602,87259,182657,261944,375417,269714,91226,27307,250394,50377,18016,78610,200880,194995,296581,99682,255629,233250,46692,223266
132,0.1649,0.1648,0.1647,0.1646,0.1645,0.1644,0.1643,0.1642,0.1641,0.164,0.165,0.1651,0.1652,0.1653,0.1654,0.1655,0.1656,0.1657,0.1658,0.1659,19330,93252,244326,290931,427707,52424,29557,280220,98847,64584,15224,103855,132390,189523,258983,117775,96073,251106,211261,51111
133,0.1649,0.1648,0.1647,0.1646,0.1645,0.1644,0.1643,0.1642,0.1641,0.164,0.165,0.1651,0.1652,0.1653,0.1654,0.1655,0.1656,0.1657,0.1658,0.1659,31627,112783,239525,290371,427933,48957,27579,282199,68711,49550,17544,89744,136035,176564,277606,119738,95540,257627,241443,32222
134,0.1649,0.1648,0.1647,0.1646,0.1645,0.1644,0.1643,0.1642,0.1641,0.164,0.165,0.1651,0.1652,0.1653,0.1654,0.1655,0.1656,0.1657,0.1658,0.1659,17290,84130,137711,420317,421095,52239,27579,282199,68983,49278,21597,110669,148476,195971,248265,120533,94745,257627,211261,47356
135,0.1649,0.1648,0.1647,0.1646,0.1645,0.1644,0.1643,0.1642,0.1641,0.164,0.165,0.1651,0.1652,0.1653,0.1654,0.1655,0.1656,0.1657,0.1658,0.1659,16912,83479,200166,229117,420815,254951,32880,269159,74840,63258,31750,124198,120286,188663,237553,277459,95896,266216,68822,47356
136,0.1648,0.1647,0.1646,0.1645,0.1644,0.1643,0.1642,0.1641,0.164,0.1639,0.1649,0.165,0.1651,0.1652,0.1653,0.1654,0.1655,0.1656,0.1657,0.1658,9517,101613,261775,280647,415406,46300,269159,74840,42649,14077,40784,109424,129249,167742,250803,56794,273841,89260,251160,68823
137,0.1647,0.1646,0.1645,0.1644,0.1643,0.1642,0.1641,0.164,0.1639,0.1638,0.1648,0.1649,0.165,0.1651,0.1652,0.1653,0.1654,0.1655,0.1656,0.1657,22698,111941,237128,285710,211621,277944,80721,42377,220269,69464,27030,125625,117426,159770,228005,79922,56368,317111,299835,246039
138,0.1648,0.1647,0.1646,0.1645,0.1644,0.1643,0.1642,0.1641,0.164,0.1639,0.1649,0.165,0.1651,0.1652,0.1653,0.1654,0.1655,0.1656,0.1657,0.1658,34152,87434,149121,239930,418654,47175,263523,77093,42377,235743,12060,132958,142171,180630,300540,51525,299260,245712,246039,22086
139,0.1648,0.1647,0.1646,0.1645,0.1644,0.1643,0.1642,0.1641,0.164,0.1639,0.1649,0.165,0.1651,0.1652,0.1653,0.1654,0.1655,0.1656,0.1657,0.1658,36865,91209,184064,278945,367985,43488,261875,74840,27801,235743,10961,95155,164683,158617,254892,106061,300857,251140,269873,6942
140,0.1647,0.1646,0.1645,0.1644,0.1643,0.1642,0.1641,0.164,0.1639,0.1638,0.1648,0.1649,0.165,0.1651,0.1652,0.1653,0.1654,0.1655,0.1656,0.1657,30447,93180,185008,364302,213470,308321,75113,27195,235743,54143,19902,121648,194210,174005,218510,88441,290144,243835,251140,35012
141,0.1646,0.1645,0.1644,0.1643,0.1642,0.1641,0.164,0.1639,0.1638,0.1637,0.1647,0.1648,0.1649,0.165,0.1651,0.1652,0.1653,0.1654,0.1655,0.1656,11845,86077,155794,262644,362353,240735,57681,235064,112129,45404,54453,146025,157819,211935,293794,190786,46120,230441,80782,244758
142,0.1646,0.1645,0.1644,0.1643,0.1642,0.1641,0.164,0.1639,0.1638,0.1637,0.1647,0.1648,0.1649,0.165,0.1651,0.1652,0.1653,0.1654,0.1655,0.1656,18714,80686,178698,216002,256989,189890,64082,437599,99382,54095,49969,151873,161693,202330,294086,190597,45120,230441,65894,244349
143,0.1645,0.1644,0.1643,0.1642,0.1641,0.164,0.1639,0.1638,0.1637,0.1636,0.1646,0.1647,0.1648,0.1649,0.165,0.1651,0.1652,0.1653,0.1654,0.1655,23676,121759,221816,178898,359264,90653,443778,88411,19957,41495,16689,99236,161676,188881,303169,72115,242511,43745,230168,72196
144,0.1645,0.1644,0.1643,0.1642,0.1641,0.164,0.1639,0.1638,0.1637,0.1636,0.1646,0.1647,0.1648,0.1649,0.165,0.1651,0.1652,0.1653,0.1654,0.1655,21615,124697,192379,178533,212607,206056,237785,88411,49875,256654,21684,125568,137914,216006,328787,69732,237659,39387,215050,40861
145,0.1646,0.1645,0.1644,0.1643,0.1642,0.1641,0.164,0.1639,0.1638,0.1637,0.1647,0.1648,0.1649,0.165,0.1651,0.1652,0.1653,0.1654,0.1655,0.1656,13587,91120,125137,192384,321801,55154,201481,235605,88411,19958,31061,127549,202769,256128,443364,239258,46023,37089,46497,234510
146,0.1645,0.1644,0.1643,0.1642,0.1641,0.164,0.1639,0.1638,0.1637,0.1636,0.1646,0.1647,0.1648,0.1649,0.165,0.1651,0.1652,0.1653,0.1654,0.1655,27239,104020,166480,267238,214615,214058,235605,88411,19958,256654,30160,112271,137540,215964,325303,273792,239258,46023,37089,31327
147,0.1646,0.1645,0.1644,0.1643,0.1642,0.1641,0.164,0.1639,0.1638,0.1637,0.1647,0.1648,0.1649,0.165,0.1651,0.1652,0.1653,0.1654,0.1655,0.1656,35650,97826,137072,207656,318495,46241,196937,237586,88411,11267,8414,91942,226700,242240,452621,245155,46023,37089,31327,234510
148,0.1645,0.1644,0.1643,0.1642,0.1641,0.164,0.1639,0.1638,0.1637,0.1636,0.1646,0.1647,0.1648,0.1649,0.165,0.1651,0.1652,0.1653,0.1654,0.1655,34421,103765,122173,140448,322000,207150,235605,88411,11267,256654,24933,128700,144005,215341,340484,258412,237292,47988,37089,46488
149,0.1644,0.1643,0.1642,0.1641,0.164,0.1639,0.1638,0.1637,0.1636,0.1635,0.1645,0.1646,0.1647,0.1648,0.1649,0.165,0.1651,0.1652,0.1653,0.1654,11608,70864,147186,275343,367180,264986,88411,49778,256048,7970,40327,129256,141440,183068,264859,143392,403215,294309,39387,6834
150,0.1645,0.1644,0.1643,0.1642,0.1641,0.164,0.1639,0.1638,0.1637,0.1636,0.1646,0.1647,0.1648,0.1649,0.165,0.1651,0.1652,0.1653,0.1654,0.1655,36105,76201,106681,220600,321607,49323,41090,195334,252749,255775,10344,175587,120726,216268,445777,252781,310725,38288,23014,55679
151,0.1646,0.1645,0.1644,0.1643,0.1642,0.1641,0.164,0.1639,0.1638,0.1637,0.1647,0.1648,0.1649,0.165,0.1651,0.1652,0.1653,0.1654,0.1655,0.1656,28683,65230,83787,95827,112368,149853,46090,38447,227938,238038,16888,129578,248484,171365,278268,184357,250770,233861,108463,37747
152,0.1644,0.1643,0.1642,0.1641,0.164,0.1639,0.1638,0.1637,0.1636,0.1635,0.1645,0.1646,0.1647,0.1648,0.1649,0.165,0.1651,0.1652,0.1653,0.1654,22375,91080,157571,169697,48769,45979,262265,237359,255775,38824,21824,110674,143770,207812,549231,243596,40920,39317,39505,218681
153,0.1645,0.1644,0.1643,0.1642,0.1641,0.164,0.1639,0.1638,0.1637,0.1636,0.1646,0.1647,0.1648,0.1649,0.165,0.1651,0.1652,0.1653,0.1654,0.1655,44185,83871,104839,246423,318567,208909,42871,103371,238283,255735,14769,102362,215178,302125,227435,250229,242067,39778,233851,31779
154,0.1645,0.1644,0.1643,0.1642,0.1641,0.164,0.1639,0.1638,0.1637,0.1636,0.1646,0.1647,0.1648,0.1649,0.165,0.1651,0.1652,0.1653,0.1654,0.1655,48787,102750,141075,185990,317510,206101,42871,103371,214277,255735,14121,118636,196942,301068,227435,248214,244032,39778,233851,31779
155,0.1646,0.1645,0.1644,0.1643,0.1642,0.1641,0.164,0.1639,0.1638,0.1637,0.1647,0.1648,0.1649,0.165,0.1651,0.1652,0.1653,0.1654,0.1655,0.1656,26942,90138,136705,168854,223124,149478,200831,38174,112032,214439,22059,172653,258254,177080,418847,248325,46414,233851,31779,7501
156,0.1645,0.1644,0.1643,0.1642,0.1641,0.164,0.1639,0.1638,0.1637,0.1636,0.1646,0.1647,0.1648,0.1649,0.165,0.1651,0.1652,0.1653,0.1654,0.1655,42713,95744,183387,150669,319008,198390,40617,96734,229649,255735,11989,117634,260310,232532,226499,254868,245032,44907,233851,46844
157,0.1645,0.1644,0.1643,0.1642,0.1641,0.164,0.1639,0.1638,0.1637,0.1636,0.1646,0.1647,0.1648,0.1649,0.165,0.1651,0.1652,0.1653,0.1654,0.1655,35697,102093,133371,149549,319008,195721,46222,96734,229649,255735,14560,105911,280231,231475,224617,257434,242468,44907,233851,46844
158,0.1645,0.1644,0.1643,0.1642,0.1641,0.164,0.1639,0.1638,0.1637,0.1636,0.1646,0.1647,0.1648,0.1649,0.165,0.1651,0.1652,0.1653,0.1654,0.1655,24592,85644,147665,155258,316470,201637,42871,96734,229042,255735,27082,155122,248484,230618,209888,251506,242741,44634,233851,46844
159,0.1644,0.1643,0.1642,0.1641,0.164,0.1639,0.1638,0.1637,0.1636,0.1635,0.1645,0.1646,0.1647,0.1648,0.1649,0.165,0.1651,0.1652,0.1653,0.1654,43198,84587,128718,271893,368251,55047,101160,228769,256008,7971,17639,79504,180410,249565,488177,30016,249634,77523,24316,233860
160,0.1641,0.164,0.1639,0.1638,0.1637,0.1636,0.1635,0.1634,0.1633,0.1632,0.1642,0.1643,0.1644,0.1645,0.1646,0.1647,0.1648,0.1649,0.165,0.1651,21920,110305,194624,126696,418308,211693,90889,244335,79390,60588,19482,75890,136836,158028,240711,66253,133980,350570,21988,229851
161,0.1639,0.1638,0.1637,0.1636,0.1635,0.1634,0.1633,0.1632,0.1631,0.163,0.164,0.1641,0.1642,0.1643,0.1644,0.1645,0.1646,0.1647,0.1648,0.1649,15221,104432,221669,163550,212641,214512,246897,87896,239170,47315,40872,177344,96129,188198,240725,59976,44230,46053,250943,128627
162,0.1641,0.164,0.1639,0.1638,0.1637,0.1636,0.1635,0.1634,0.1633,0.1632,0.1642,0.1643,0.1644,0.1645,0.1646,0.1647,0.1648,0.1649,0.165,0.1651,56109,113045,177083,176709,207005,196719,38304,38143,242990,109447,7668,141811,175364,171941,254743,59553,258456,120233,218681,260949
163,0.1641,0.164,0.1639,0.1638,0.1637,0.1636,0.1635,0.1634,0.1633,0.1632,0.1642,0.1643,0.1644,0.1645,0.1646,0.1647,0.1648,0.1649,0.165,0.1651,31032,108256,125044,282579,361344,256777,32254,38143,19886,109447,13476,100804,236005,217628,289601,57584,402960,103004,249043,41194
164,0.164,0.1639,0.1638,0.1637,0.1636,0.1635,0.1634,0.1633,0.1632,0.1631,0.1641,0.1642,0.1643,0.1644,0.1645,0.1646,0.1647,0.1648,0.1649,0.165,34039,114133,258188,258725,219024,251869,38143,50079,109447,236884,15762,101333,133526,249323,306915,102074,55462,399991,102402,233922
165,0.164,0.1639,0.1638,0.1637,0.1636,0.1635,0.1634,0.1633,0.1632,0.1631,0.1641,0.1642,0.1643,0.1644,0.1645,0.1646,0.1647,0.1648,0.1649,0.165,36266,85030,181049,254802,367360,47762,246298,54013,88127,236884,9918,95599,177270,242494,290667,100667,52689,393355,105074,233930
166,0.1641,0.164,0.1639,0.1638,0.1637,0.1636,0.1635,0.1634,0.1633,0.1632,0.1642,0.1643,0.1644,0.1645,0.1646,0.1647,0.1648,0.1649,0.165,0.1651,23514,112851,174490,266002,206343,211209,38337,242663,54013,88572,27831,143207,189767,247762,272415,57134,399754,90997,233930,26328
167,0.1644,0.1643,0.1642,0.1641,0.164,0.1639,0.1638,0.1637,0.1636,0.1635,0.1645,0.1646,0.1647,0.1648,0.1649,0.165,0.1651,0.1652,0.1653,0.1654,41119,79493,148381,266013,370265,40576,49517,233370,43668,81789,18031,231751,259536,280815,271157,237515,55110,254196,55723,37344
168,0.1646,0.1645,0.1644,0.1643,0.1642,0.1641,0.164,0.1639,0.1638,0.1637,0.1647,0.1648,0.1649,0.165,0.1651,0.1652,0.1653,0.1654,0.1655,0.1656,18664,65873,69433,127503,262087,47735,216453,34779,46880,214468,59928,187968,329718,412559,30156,297593,42421,37344,40690,37765
169,0.1644,0.1643,0.1642,0.1641,0.164,0.1639,0.1638,0.1637,0.1636,0.1635,0.1645,0.1646,0.1647,0.1648,0.1649,0.165,0.1651,0.1652,0.1653,0.1654,23769,83559,175719,116211,213317,35817,62611,143865,198613,283219,34007,126804,166160,208620,354207,398647,39894,290605,44471,22286
170,0.1644,0.1643,0.1642,0.1641,0.164,0.1639,0.1638,0.1637,0.1636,0.1635,0.1645,0.1646,0.1647,0.1648,0.1649,0.165,0.1651,0.1652,0.1653,0.1654,44973,57760,80665,166631,214238,44069,43614,145848,198613,282471,15222,80512,201638,201463,355844,401288,39894,289369,29292,22286
171,0.1645,0.1644,0.1643,0.1642,0.1641,0.164,0.1639,0.1638,0.1637,0.1636,0.1646,0.1647,0.1648,0.1649,0.165,0.1651,0.1652,0.1653,0.1654,0.1655,18896,96264,98235,147697,212369,46600,30628,147002,51710,184275,45268,137753,224723,252994,577221,46158,296278,59564,22013,40963
172,0.1644,0.1643,0.1642,0.1641,0.164,0.1639,0.1638,0.1637,0.1636,0.1635,0.1645,0.1646,0.1647,0.1648,0.1649,0.165,0.1651,0.1652,0.1653,0.1654,25436,79050,168066,106682,215894,39080,145020,53693,184275,282140,29386,107518,176977,226780,356994,403515,39894,296278,59564,6834
173,0.1645,0.1644,0.1643,0.1642,0.1641,0.164,0.1639,0.1638,0.1637,0.1636,0.1646,0.1647,0.1648,0.1649,0.165,0.1651,0.1652,0.1653,0.1654,0.1655,28824,75902,133094,110779,205612,44823,30628,45323,37283,29534,17474,99667,229977,220227,225344,44839,87030,64209,6834,40963
174,0.1646,0.1645,0.1644,0.1643,0.1642,0.1641,0.164,0.1639,0.1638,0.1637,0.1647,0.1648,0.1649,0.165,0.1651,0.1652,0.1653,0.1654,0.1655,0.1656,16185,73497,81276,161835,217110,61732,41243,35052,38915,22064,39775,191009,172067,146862,212558,87029,57514,22005,40963,37702
175,0.1646,0.1645,0.1644,0.1643,0.1642,0.1641,0.164,0.1639,0.1638,0.1637,0.1647,0.1648,0.1649,0.165,0.1651,0.1652,0.1653,0.1654,0.1655,0.1656,16777,54840,87107,115160,51561,48558,40543,37033,88111,22064,49220,187536,168835,93442,48001,88995,57514,22005,40974,37702
176,0.1644,0.1643,0.1642,0.1641,0.164,0.1639,0.1638,0.1637,0.1636,0.1635,0.1645,0.1646,0.1647,0.1648,0.1649,0.165,0.1651,0.1652,0.1653,0.1654,1736,42392,78993,108475,53394,39182,88111,57386,44145,11961,52642,129977,156767,176547,134494,35337,39621,78795,28013,22013
177,0.1645,0.1644,0.1643,0.1642,0.1641,0.164,0.1639,0.1638,0.1637,0.1636,0.1646,0.1647,0.1648,0.1649,0.165,0.1651,0.1652,0.1653,0.1654,0.1655,19839,53783,61453,123620,312544,52767,30901,92537,52957,44753,21087,113961,184705,175969,49993,42624,85431,28013,22013,40983
178,0.1645,0.1644,0.1643,0.1642,0.1641,0.164,0.1639,0.1638,0.1637,0.1636,0.1646,0.1647,0.1648,0.1649,0.165,0.1651,0.1652,0.1653,0.1654,0.1655,34997,78388,53611,45767,44777,154780,37033,76474,32912,51037,22771,82502,173081,204347,88328,51005,87956,64921,21995,25813
179,0.1645,0.1644,0.1643,0.1642,0.1641,0.164,0.1639,0.1638,0.1637,0.1636,0.1646,0.1647,0.1648,0.1649,0.165,0.1651,0.1652,0.1653,0.1654,0.1655,33298,91403,91235,220104,207430,307618,239926,108965,234634,35818,26593,157900,231746,222437,210380,207974,287676,58285,222476,25813
180,0.1645,0.1644,0.1643,0.1642,0.1641,0.164,0.1639,0.1638,0.1637,0.1636,0.1646,0.1647,0.1648,0.1649,0.165,0.1651,0.1652,0.1653,0.1654,0.1655,29052,87242,90115,222343,207430,307618,239926,108965,234634,35818,25185,159133,210557,224261,210380,208187,287676,58285,222476,40983
181,0.1645,0.1644,0.1643,0.1642,0.1641,0.164,0.1639,0.1638,0.1637,0.1636,0.1646,0.1647,0.1648,0.1649,0.165,0.1651,0.1652,0.1653,0.1654,0.1655,42863,87587,78330,166888,207430,46678,38676,105339,27750,35818,6554,122845,228175,184886,219597,262235,287403,51151,222476,40983
182,0.1646,0.1645,0.1644,0.1643,0.1642,0.1641,0.164,0.1639,0.1638,0.1637,0.1647,0.1648,0.1649,0.165,0.1651,0.1652,0.1653,0.1654,0.1655,0.1656,42606,90854,141774,109718,213248,34190,47821,37022,103357,12267,19681,88466,222676,217222,247213,46171,269061,430480,80525,7501
183,0.1646,0.1645,0.1644,0.1643,0.1642,0.1641,0.164,0.1639,0.1638,0.1637,0.1647,0.1648,0.1649,0.165,0.1651,0.1652,0.1653,0.1654,0.1655,0.1656,16979,82567,90662,165730,208580,64707,43400,41173,103357,27759,50335,131874,243854,383038,435185,40905,58060,229908,65355,22662
184,0.1645,0.1644,0.1643,0.1642,0.1641,0.164,0.1639,0.1638,0.1637,0.1636,0.1646,0.1647,0.1648,0.1649,0.165,0.1651,0.1652,0.1653,0.1654,0.1655,27710,101810,158534,131489,314143,213016,245793,305687,27152,35818,26305,106893,186261,220631,476855,253770,88180,51151,229908,40981
185,0.1646,0.1645,0.1644,0.1643,0.1642,0.1641,0.164,0.1639,0.1638,0.1637,0.1647,0.1648,0.1649,0.165,0.1651,0.1652,0.1653,0.1654,0.1655,0.1656,15658,82449,124603,157860,208823,144147,197833,242169,305687,12540,42521,141125,276429,355406,422555,86214,57787,229908,40981,7501
186,0.1645,0.1644,0.1643,0.1642,0.1641,0.164,0.1639,0.1638,0.1637,0.1636,0.1646,0.1647,0.1648,0.1649,0.165,0.1651,0.1652,0.1653,0.1654,0.1655,28037,91138,113256,136807,311876,200442,241896,290388,12540,51037,18679,66123,162486,263969,306210,50254,198549,261346,229908,87574
187,0.1645,0.1644,0.1643,0.1642,0.1641,0.164,0.1639,0.1638,0.1637,0.1636,0.1646,0.1647,0.1648,0.1649,0.165,0.1651,0.1652,0.1653,0.1654,0.1655,48351,110273,135279,166928,301055,198106,241380,241192,27486,29807,128,59969,138766,181272,133727,208432,38939,261346,222476,19116
188,0.1644,0.1643,0.1642,0.1641,0.164,0.1639,0.1638,0.1637,0.1636,0.1635,0.1645,0.1646,0.1647,0.1648,0.1649,0.165,0.1651,0.1652,0.1653,0.1654,17545,47942,125898,235669,198823,251182,241192,26879,29199,11688,44903,164320,132249,157673,130308,47342,203115,38212,224165,222476
189,0.1642,0.1641,0.164,0.1639,0.1638,0.1637,0.1636,0.1635,0.1634,0.1633,0.1643,0.1644,0.1645,0.1646,0.1647,0.1648,0.1649,0.165,0.1651,0.1652,45293,49518,91007,163795,218517,27152,266232,11445,65064,50094,16104,86486,174950,187904,249202,70908,124624,50073,199875,16868
190,0.1641,0.164,0.1639,0.1638,0.1637,0.1636,0.1635,0.1634,0.1633,0.1632,0.1642,0.1643,0.1644,0.1645,0.1646,0.1647,0.1648,0.1649,0.165,0.1651,32950,137609,220135,200539,257811,67900,381880,255789,53049,88338,34098,118477,169238,208864,227098,54441,56745,344402,236510,38408
191,0.164,0.1639,0.1638,0.1637,0.1636,0.1635,0.1634,0.1633,0.1632,0.1631,0.1641,0.1642,0.1643,0.1644,0.1645,0.1646,0.1647,0.1648,0.1649,0.165,18132,79560,192927,193551,328872,397077,256063,51240,88338,33194,21510,84059,171675,171326,292779,46889,51601,57931,342434,242603
192,0.1641,0.164,0.1639,0.1638,0.1637,0.1636,0.1635,0.1634,0.1633,0.1632,0.1642,0.1643,0.1644,0.1645,0.1646,0.1647,0.1648,0.1649,0.165,0.1651,38978,92418,116615,258485,356968,70356,382154,257774,51514,88064,27748,134004,172396,226585,218408,56117,55962,330295,424876,38682
193,0.1641,0.164,0.1639,0.1638,0.1637,0.1636,0.1635,0.1634,0.1633,0.1632,0.1642,0.1643,0.1644,0.1645,0.1646,0.1647,0.1648,0.1649,0.165,0.1651,82910,79404,132102,253545,351100,55498,434361,255953,36779,38807,195,115089,181995,216225,278310,58902,52979,278536,426429,38682
194,0.1642,0.1641,0.164,0.1639,0.1638,0.1637,0.1636,0.1635,0.1634,0.1633,0.1643,0.1644,0.1645,0.1646,0.1647,0.1648,0.1649,0.165,0.1651,0.1652,46594,108109,156664,209080,454909,83788,53830,282090,255953,36779,15625,176659,220605,201954,223428,58225,278536,426703,38408,33726
195,0.1643,0.1642,0.1641,0.164,0.1639,0.1638,0.1637,0.1636,0.1635,0.1634,0.1644,0.1645,0.1646,0.1647,0.1648,0.1649,0.165,0.1651,0.1652,0.1653,13165,79945,129325,191417,303512,286848,80335,47414,282090,240872,30040,151339,236893,212652,223201,282379,440353,38408,27673,46621
196,0.1645,0.1644,0.1643,0.1642,0.1641,0.164,0.1639,0.1638,0.1637,0.1636,0.1646,0.1647,0.1648,0.1649,0.165,0.1651,0.1652,0.1653,0.1654,0.1655,27072,83303,77033,93025,215850,67378,41362,122113,76179,38823,39140,167444,156137,88893,35274,51884,82580,64185,6834,55702
197,0.1643,0.1642,0.1641,0.164,0.1639,0.1638,0.1637,0.1636,0.1635,0.1634,0.1644,0.1645,0.1646,0.1647,0.1648,0.1649,0.165,0.1651,0.1652,0.1653,31705,81718,113504,169903,206548,136837,334825,274069,77786,240426,29807,88920,175681,280427,305653,48045,185274,47693,231823,48817
198,0.1644,0.1643,0.1642,0.1641,0.164,0.1639,0.1638,0.1637,0.1636,0.1635,0.1645,0.1646,0.1647,0.1648,0.1649,0.165,0.1651,0.1652,0.1653,0.1654,42991,102683,171667,113412,220904,40134,135108,332379,259027,77513,13722,109246,240416,273515,421983,190537,254538,27664,48544,6834
199,0.1643,0.1642,0.1641,0.164,0.1639,0.1638,0.1637,0.1636,0.1635,0.1634,0.1644,0.1645,0.1646,0.1647,0.1648,0.1649,0.165,0.1651,0.1652,0.1653,28796,77973,40581,130609,309773,141790,230073,259027,62275,225188,15412,83492,133348,233257,331095,96829,191496,258216,27937,233845
200,0.1644,0.1643,0.1642,0.1641,0.164,0.1639,0.1638,0.1637,0.1636,0.1635,0.1645,0.1646,0.1647,0.1648,0.1649,0.165,0.1651,0.1652,0.1653,0.1654,32567,59251,110515,167411,274582,140807,137090,225644,259027,77511,25105,122412,232992,279222,208261,194738,257343,43040,233845,22013
201,0.1644,0.1643,0.1642,0.1641,0.164,0.1639,0.1638,0.1637,0.1636,0.1635,0.1645,0.1646,0.1647,0.1648,0.1649,0.165,0.1651,0.1652,0.1653,0.1654,25293,99515,193900,194863,218560,154174,53893,176891,268744,77511,32390,111604,218113,251334,261845,194137,257943,49676,227152,22015
202,0.1643,0.1642,0.1641,0.164,0.1639,0.1638,0.1637,0.1636,0.1635,0.1634,0.1644,0.1645,0.1646,0.1647,0.1648,0.1649,0.165,0.1651,0.1652,0.1653,61693,128593,217931,142060,315480,81313,176891,272600,77511,228791,12781,84800,204221,246750,320358,51941,191538,249612,43040,227152
203,0.1643,0.1642,0.1641,0.164,0.1639,0.1638,0.1637,0.1636,0.1635,0.1634,0.1644,0.1645,0.1646,0.1647,0.1648,0.1649,0.165,0.1651,0.1652,0.1653,44962,125702,195083,186095,310566,55537,179147,272327,62275,244301,11803,74449,156221,225706,364479,47440,192139,249012,26418,247208
204,0.1644,0.1643,0.1642,0.1641,0.164,0.1639,0.1638,0.1637,0.1636,0.1635,0.1645,0.1646,0.1647,0.1648,0.1649,0.165,0.1651,0.1652,0.1653,0.1654,36327,79585,148999,260103,245695,170194,53893,176891,272600,62275,8520,106323,212064,306726,209141,193308,257333,26418,247208,22015
205,0.1646,0.1645,0.1644,0.1643,0.1642,0.1641,0.164,0.1639,0.1638,0.1637,0.1647,0.1648,0.1649,0.165,0.1651,0.1652,0.1653,0.1654,0.1655,0.1656,71110,76132,104392,111238,278159,146948,81682,137733,41505,177852,196,124882,229253,163858,291582,38675,452017,22015,25665,89807
206,0.1646,0.1645,0.1644,0.1643,0.1642,0.1641,0.164,0.1639,0.1638,0.1637,0.1647,0.1648,0.1649,0.165,0.1651,0.1652,0.1653,0.1654,0.1655,0.1656,28038,65650,105591,161535,225220,200295,183734,180372,39189,12630,23729,105334,211725,228519,276916,205823,244744,37090,219597,77787
207,0.1648,0.1647,0.1646,0.1645,0.1644,0.1643,0.1642,0.1641,0.164,0.1639,0.1649,0.165,0.1651,0.1652,0.1653,0.1654,0.1655,0.1656,0.1657,0.1658,29656,57964,98647,165490,218582,48876,55781,138185,171288,197068,27782,140454,287736,272125,424934,42628,247606,22896,53281,37124
208,0.1648,0.1647,0.1646,0.1645,0.1644,0.1643,0.1642,0.1641,0.164,0.1639,0.1649,0.165,0.1651,0.1652,0.1653,0.1654,0.1655,0.1656,0.1657,0.1658,196,100498,103983,170312,224066,49475,55508,139892,168975,197674,58424,168399,245220,199082,582208,44592,243333,22896,41260,37124
209,0.1646,0.1645,0.1644,0.1643,0.1642,0.1641,0.164,0.1639,0.1638,0.1637,0.1647,0.1648,0.1649,0.165,0.1651,0.1652,0.1653,0.1654,0.1655,0.1656,32983,96601,108743,103006,234434,240499,68371,184991,432009,35736,32315,83829,152578,188674,341603,87835,412430,39327,235127,7462
210,0.1645,0.1644,0.1643,0.1642,0.1641,0.164,0.1639,0.1638,0.1637,0.1636,0.1646,0.1647,0.1648,0.1649,0.165,0.1651,0.1652,0.1653,0.1654,0.1655,26363,99614,123410,180677,414494,79908,189283,465503,29281,60100,30699,92858,139337,221740,484771,146010,32961,253357,37363,230645
211,0.1644,0.1643,0.1642,0.1641,0.164,0.1639,0.1638,0.1637,0.1636,0.1635,0.1645,0.1646,0.1647,0.1648,0.1649,0.165,0.1651,0.1652,0.1653,0.1654,17584,67502,171967,283935,250860,219245,465230,28674,59767,123794,41479,77813,148696,180267,254701,285774,146231,24728,241417,22013
212,0.1644,0.1643,0.1642,0.1641,0.164,0.1639,0.1638,0.1637,0.1636,0.1635,0.1645,0.1646,0.1647,0.1648,0.1649,0.165,0.1651,0.1652,0.1653,0.1654,24346,67792,94832,168794,293783,334443,273588,28674,59767,319109,50841,110934,147410,154889,245595,288605,146325,22762,227747,22013
213,0.1644,0.1643,0.1642,0.1641,0.164,0.1639,0.1638,0.1637,0.1636,0.1635,0.1645,0.1646,0.1647,0.1648,0.1649,0.165,0.1651,0.1652,0.1653,0.1654,17455,81009,127331,158688,472042,52895,293433,28674,59767,319109,52103,83721,169579,157215,227178,288236,145035,22762,242927,6834
214,0.1644,0.1643,0.1642,0.1641,0.164,0.1639,0.1638,0.1637,0.1636,0.1635,0.1645,0.1646,0.1647,0.1648,0.1649,0.165,0.1651,0.1652,0.1653,0.1654,22931,86671,120490,155391,475664,55327,273588,28674,59767,305093,35310,96372,165414,197519,242124,236504,145035,22762,242927,6834
215,0.1646,0.1645,0.1644,0.1643,0.1642,0.1641,0.164,0.1639,0.1638,0.1637,0.1647,0.1648,0.1649,0.165,0.1651,0.1652,0.1653,0.1654,0.1655,0.1656,26538,94756,162848,195771,270231,145977,206425,30999,264882,19832,30715,104133,215500,366400,317898,33550,247801,37089,241417,37663
216,0.1648,0.1647,0.1646,0.1645,0.1644,0.1643,0.1642,0.1641,0.164,0.1639,0.1649,0.165,0.1651,0.1652,0.1653,0.1654,0.1655,0.1656,0.1657,0.1658,35066,116691,93337,114651,313707,143995,62622,130861,195342,12451,23367,151466,309952,303471,430780,15868,239356,37663,112063,22329
217,0.165,0.1649,0.1648,0.1647,0.1646,0.1645,0.1644,0.1643,0.1642,0.1641,0.1651,0.1652,0.1653,0.1654,0.1655,0.1656,0.1657,0.1658,0.1659,0.166,18467,93899,137519,151138,221611,47392,101076,123892,25786,131739,36584,120559,227023,163812,429130,218657,254350,30978,47215,21948
218,0.1649,0.1648,0.1647,0.1646,0.1645,0.1644,0.1643,0.1642,0.1641,0.164,0.165,0.1651,0.1652,0.1653,0.1654,0.1655,0.1656,0.1657,0.1658,0.1659,40413,148033,99378,171076,224346,93509,130865,160971,27187,183121,27414,73809,141554,219053,280538,255878,235269,250562,30706,32102
