timestamp,bid_price_0,bid_price_1,bid_price_2,bid_price_3,bid_price_4,bid_price_5,bid_price_6,bid_price_7,bid_price_8,bid_price_9,ask_price_0,ask_price_1,ask_price_2,ask_price_3,ask_price_4,ask_price_5,ask_price_6,ask_price_7,ask_price_8,ask_price_9,bid_size_0,bid_size_1,bid_size_2,bid_size_3,bid_size_4,bid_size_5,bid_size_6,bid_size_7,bid_size_8,bid_size_9,ask_size_0,ask_size_1,ask_size_2,ask_size_3,ask_size_4,ask_size_5,ask_size_6,ask_size_7,ask_size_8,ask_size_9
0,0.1649,0.1648,0.1647,0.1646,0.1645,0.1644,0.1643,0.1642,0.1641,0.164,0.165,0.1651,0.1652,0.1653,0.1654,0.1655,0.1656,0.1657,0.1658,0.1659,57968,87981,98806,248130,50755,142792,201006,229111,238804,52481,27278,85915,134588,178411,175825,669403,80871,38259,231010,66273
1,0.1648,0.1647,0.1646,0.1645,0.1644,0.1643,0.1642,0.1641,0.164,0.1639,0.1649,0.165,0.1651,0.1652,0.1653,0.1654,0.1655,0.1656,0.1657,0.1658,44585,69978,91895,220899,203322,316482,241328,240784,45421,96953,27587,102490,143550,158708,457452,61837,325533,73155,28963,232373
2,0.1647,0.1646,0.1645,0.1644,0.1643,0.1642,0.1641,0.164,0.1639,0.1638,0.1648,0.1649,0.165,0.1651,0.1652,0.1653,0.1654,0.1655,0.1656,0.1657,47056,93620,160026,287787,369812,248326,238804,47402,96347,41232,14038,106893,169832,156113,231949,279723,59117,322713,75116,44390
3,0.1649,0.1648,0.1647,0.1646,0.1645,0.1644,0.1643,0.1642,0.1641,0.164,0.165,0.1651,0.1652,0.1653,0.1654,0.1655,0.1656,0.1657,0.1658,0.1659,23386,85162,91544,185398,273842,143768,203385,233023,238804,17517,37917,171433,182106,330062,235910,326266,75985,37752,215543,85623
4,0.1649,0.1648,0.1647,0.1646,0.1645,0.1644,0.1643,0.1642,0.1641,0.164,0.165,0.1651,0.1652,0.1653,0.1654,0.1655,0.1656,0.1657,0.1658,0.1659,35768,90783,120286,156219,225050,142823,202385,234730,239084,30720,30808,175184,279883,187463,366616,268942,44240,37752,230405,87580
5,0.1648,0.1647,0.1646,0.1645,0.1644,0.1643,0.1642,0.1641,0.164,0.1639,0.1649,0.165,0.1651,0.1652,0.1653,0.1654,0.1655,0.1656,0.1657,0.1658,30199,65131,96957,135962,351922,270765,248140,241064,38803,87672,39708,137620,205672,230507,294393,400044,50159,36847,44302,217229
6,0.1648,0.1647,0.1646,0.1645,0.1644,0.1643,0.1642,0.1641,0.164,0.1639,0.1649,0.165,0.1651,0.1652,0.1653,0.1654,0.1655,0.1656,0.1657,0.1658,47811,83816,83741,131968,351926,206511,241154,239792,38803,87672,20163,106075,240463,195264,308680,400063,47436,37119,28876,232374
7,0.1649,0.1648,0.1647,0.1646,0.1645,0.1644,0.1643,0.1642,0.1641,0.164,0.165,0.1651,0.1652,0.1653,0.1654,0.1655,0.1656,0.1657,0.1658,0.1659,46379,88979,133056,166147,219372,135277,203658,241067,239084,39409,22797,207401,252271,176784,570358,52232,41418,52801,215270,85940
8,0.1651,0.165,0.1649,0.1648,0.1647,0.1646,0.1645,0.1644,0.1643,0.1642,0.1652,0.1653,0.1654,0.1655,0.1656,0.1657,0.1658,0.1659,0.166,0.1661,19822,66649,120122,173916,50215,34136,42114,140679,208443,219094,54951,272540,240792,437346,48264,57901,225898,81855,39658,55054
9,0.1649,0.1648,0.1647,0.1646,0.1645,0.1644,0.1643,0.1642,0.1641,0.164,0.165,0.1651,0.1652,0.1653,0.1654,0.1655,0.1656,0.1657,0.1658,0.1659,19391,76405,117984,145250,211125,143099,212856,249125,239076,45746,47946,164194,219912,437057,223285,266858,41821,52801,221692,88525
10,0.1648,0.1647,0.1646,0.1645,0.1644,0.1643,0.1642,0.1641,0.164,0.1639,0.1649,0.165,0.1651,0.1652,0.1653,0.1654,0.1655,0.1656,0.1657,0.1658,26128,76714,110017,179642,304097,214986,260117,241056,30114,74223,40003,141811,160685,163957,542197,38816,259662,37914,46084,236240
11,0.1648,0.1647,0.1646,0.1645,0.1644,0.1643,0.1642,0.1641,0.164,0.1639,0.1649,0.165,0.1651,0.1652,0.1653,0.1654,0.1655,0.1656,0.1657,0.1658,43803,93274,99388,179210,303454,218619,257545,240784,30387,74223,19887,122671,181989,153221,573989,38865,260259,37318,46084,236240
12,0.1648,0.1647,0.1646,0.1645,0.1644,0.1643,0.1642,0.1641,0.164,0.1639,0.1649,0.165,0.1651,0.1652,0.1653,0.1654,0.1655,0.1656,0.1657,0.1658,47012,97134,123751,178257,300752,217889,257545,240784,39544,89416,52583,110149,179423,169732,563817,38850,257064,37119,30931,236240
13,0.1647,0.1646,0.1645,0.1644,0.1643,0.1642,0.1641,0.164,0.1639,0.1638,0.1648,0.1649,0.165,0.1651,0.1652,0.1653,0.1654,0.1655,0.1656,0.1657,28726,71898,132670,293087,373971,265479,240784,30387,89416,56346,33074,107526,128376,207255,247509,330836,35735,254094,37119,30931
14,0.1645,0.1644,0.1643,0.1642,0.1641,0.164,0.1639,0.1638,0.1637,0.1636,0.1646,0.1647,0.1648,0.1649,0.165,0.1651,0.1652,0.1653,0.1654,0.1655,37260,143454,409326,288591,218830,45528,242662,43966,26360,34805,24251,112912,181755,154710,245140,78123,41060,271684,30268,287985
15,0.1644,0.1643,0.1642,0.1641,0.164,0.1639,0.1638,0.1637,0.1636,0.1635,0.1645,0.1646,0.1647,0.1648,0.1649,0.165,0.1651,0.1652,0.1653,0.1654,14436,90594,181448,300083,465499,54945,48392,225476,27903,111203,70120,117161,180744,189152,256946,50092,62251,244745,255116,236741
16,0.1643,0.1642,0.1641,0.164,0.1639,0.1638,0.1637,0.1636,0.1635,0.1634,0.1644,0.1645,0.1646,0.1647,0.1648,0.1649,0.165,0.1651,0.1652,0.1653,31453,69609,140681,254763,219945,211859,250844,27922,295601,17577,3720,82602,136911,166837,313732,89643,50275,116182,35445,201208
17,0.1645,0.1644,0.1643,0.1642,0.1641,0.164,0.1639,0.1638,0.1637,0.1636,0.1646,0.1647,0.1648,0.1649,0.165,0.1651,0.1652,0.1653,0.1654,0.1655,19414,45256,100654,219244,274530,248133,258063,53728,46224,27922,35385,160911,193404,284086,56852,117617,107100,222664,443926,36348
18,0.1642,0.1641,0.164,0.1639,0.1638,0.1637,0.1636,0.1635,0.1634,0.1633,0.1643,0.1644,0.1645,0.1646,0.1647,0.1648,0.1649,0.165,0.1651,0.1652,64,66679,216819,275275,44750,55533,245319,249027,41092,62314,90486,130959,133200,123576,68399,112175,69697,196080,309480,81147
19,0.1641,0.164,0.1639,0.1638,0.1637,0.1636,0.1635,0.1634,0.1633,0.1632,0.1642,0.1643,0.1644,0.1645,0.1646,0.1647,0.1648,0.1649,0.165,0.1651,20438,90631,194957,364030,270557,260044,44897,41092,246171,73484,28987,111353,144571,147655,264911,56831,93878,169069,198047,257483
20,0.1646,0.1645,0.1644,0.1643,0.1642,0.1641,0.164,0.1639,0.1638,0.1637,0.1647,0.1648,0.1649,0.165,0.1651,0.1652,0.1653,0.1654,0.1655,0.1656,21309,44619,62703,107787,150189,283977,53699,50246,287443,49851,74206,180182,144278,314381,412584,84526,59163,249673,42740,158336
21,0.1646,0.1645,0.1644,0.1643,0.1642,0.1641,0.164,0.1639,0.1638,0.1637,0.1647,0.1648,0.1649,0.165,0.1651,0.1652,0.1653,0.1654,0.1655,0.1656,24889,74260,107111,141857,262831,66013,55407,145809,185424,26633,32735,209858,169848,179953,237530,188947,267864,246381,27599,206019
22,0.1647,0.1646,0.1645,0.1644,0.1643,0.1642,0.1641,0.164,0.1639,0.1638,0.1648,0.1649,0.165,0.1651,0.1652,0.1653,0.1654,0.1655,0.1656,0.1657,50733,148501,102870,153618,225309,58626,69817,39744,130371,206663,11057,157665,237048,190412,220746,409732,248534,81866,30208,25608
23,0.1651,0.165,0.1649,0.1648,0.1647,0.1646,0.1645,0.1644,0.1643,0.1642,0.1652,0.1653,0.1654,0.1655,0.1656,0.1657,0.1658,0.1659,0.166,0.1661,26622,58753,85975,132304,119029,83922,74249,41749,52472,12514,55340,207838,130462,182083,194446,272166,279028,46036,7458,8835
24,0.1651,0.165,0.1649,0.1648,0.1647,0.1646,0.1645,0.1644,0.1643,0.1642,0.1652,0.1653,0.1654,0.1655,0.1656,0.1657,0.1658,0.1659,0.166,0.1661,68067,86102,166801,317457,497045,272757,58411,42035,76827,27405,140,170235,207107,120944,281664,39562,230306,253034,244080,29104
25,0.1652,0.1651,0.165,0.1649,0.1648,0.1647,0.1646,0.1645,0.1644,0.1643,0.1653,0.1654,0.1655,0.1656,0.1657,0.1658,0.1659,0.166,0.1661,0.1662,38189,99163,138477,205521,399626,82305,61382,58535,29110,91783,14827,167916,317447,234955,428298,37140,49583,244352,59520,47550
26,0.1653,0.1652,0.1651,0.165,0.1649,0.1648,0.1647,0.1646,0.1645,0.1644,0.1654,0.1655,0.1656,0.1657,0.1658,0.1659,0.166,0.1661,0.1662,0.1663,51416,99671,160970,142718,298770,278923,72434,45083,50303,131400,115,198960,270396,456733,217040,55886,250147,65858,34429,30480
27,0.1655,0.1654,0.1653,0.1652,0.1651,0.165,0.1649,0.1648,0.1647,0.1646,0.1656,0.1657,0.1658,0.1659,0.166,0.1661,0.1662,0.1663,0.1664,0.1665,51091,71545,135006,163153,286529,51776,101041,161064,48158,45353,13224,151961,298941,248472,410088,33919,274400,25376,53925,61170
28,0.1656,0.1655,0.1654,0.1653,0.1652,0.1651,0.165,0.1649,0.1648,0.1647,0.1657,0.1658,0.1659,0.166,0.1661,0.1662,0.1663,0.1664,0.1665,0.1666,54351,119899,147533,192017,235016,64140,36469,84410,143280,190366,13694,122232,381625,442954,211629,42271,29197,276300,54962,11127
29,0.1658,0.1657,0.1656,0.1655,0.1654,0.1653,0.1652,0.1651,0.165,0.1649,0.1659,0.166,0.1661,0.1662,0.1663,0.1664,0.1665,0.1666,0.1667,0.1668,160,69358,108588,141738,57888,73207,64735,67532,36469,66471,64625,260484,172041,239844,244756,283936,54962,25885,28307,172945
30,0.1659,0.1658,0.1657,0.1656,0.1655,0.1654,0.1653,0.1652,0.1651,0.165,0.166,0.1661,0.1662,0.1663,0.1664,0.1665,0.1666,0.1667,0.1668,0.1669,17330,50128,118350,148258,227142,51458,127076,67015,40842,65576,30377,103691,153537,143642,333905,93606,189265,273305,40474,239878
31,0.1659,0.1658,0.1657,0.1656,0.1655,0.1654,0.1653,0.1652,0.1651,0.165,0.166,0.1661,0.1662,0.1663,0.1664,0.1665,0.1666,0.1667,0.1668,0.1669,52440,78339,155131,61908,226591,57600,81071,112746,284058,284353,16145,70334,153553,190645,357038,32190,189632,116475,456048,33686
32,0.1658,0.1657,0.1656,0.1655,0.1654,0.1653,0.1652,0.1651,0.165,0.1649,0.1659,0.166,0.1661,0.1662,0.1663,0.1664,0.1665,0.1666,0.1667,0.1668,35053,64018,56673,126744,216301,132070,161873,196800,283304,266617,22520,74359,133222,164340,263366,184461,80046,186165,479778,25433
33,0.1655,0.1654,0.1653,0.1652,0.1651,0.165,0.1649,0.1648,0.1647,0.1646,0.1656,0.1657,0.1658,0.1659,0.166,0.1661,0.1662,0.1663,0.1664,0.1665,42356,77211,164617,293398,586759,34713,266014,142357,104523,50733,20384,88994,147137,159154,263605,67533,42103,282252,405099,6949
34,0.1654,0.1653,0.1652,0.1651,0.165,0.1649,0.1648,0.1647,0.1646,0.1645,0.1655,0.1656,0.1657,0.1658,0.1659,0.166,0.1661,0.1662,0.1663,0.1664,43114,195780,454594,122232,404975,255600,36153,103919,44114,48224,18461,88257,159849,162202,248245,57114,47574,40832,248675,414177
35,0.1656,0.1655,0.1654,0.1653,0.1652,0.1651,0.165,0.1649,0.1648,0.1647,0.1657,0.1658,0.1659,0.166,0.1661,0.1662,0.1663,0.1664,0.1665,0.1666,28198,94408,137960,202735,596959,61357,230805,39020,26635,288401,12772,88609,152645,153228,251881,49844,286401,412705,30006,21654
36,0.1656,0.1655,0.1654,0.1653,0.1652,0.1651,0.165,0.1649,0.1648,0.1647,0.1657,0.1658,0.1659,0.166,0.1661,0.1662,0.1663,0.1664,0.1665,0.1666,56947,82436,153630,294132,496232,56486,230805,39020,76327,238559,11816,112829,120149,164572,252314,99651,231023,365420,83825,19585
37,0.1657,0.1656,0.1655,0.1654,0.1653,0.1652,0.1651,0.165,0.1649,0.1648,0.1658,0.1659,0.166,0.1661,0.1662,0.1663,0.1664,0.1665,0.1666,0.1667,14606,136801,103910,192513,228928,257746,207776,230805,39020,97436,46422,145543,127536,176641,264470,231614,368542,81871,21538,234754
38,0.1657,0.1656,0.1655,0.1654,0.1653,0.1652,0.1651,0.165,0.1649,0.1648,0.1658,0.1659,0.166,0.1661,0.1662,0.1663,0.1664,0.1665,0.1666,0.1667,40460,93353,107297,200984,225737,249490,204972,230805,39291,112274,14663,104872,126222,203354,279766,239145,368813,82142,21267,234754
39,0.1656,0.1655,0.1654,0.1653,0.1652,0.1651,0.165,0.1649,0.1648,0.1647,0.1657,0.1658,0.1659,0.166,0.1661,0.1662,0.1663,0.1664,0.1665,0.1666,62545,168813,132774,260258,480889,252193,28168,23858,97436,238559,228,83151,121346,154731,263419,105746,221417,368813,81871,21267
40,0.1657,0.1656,0.1655,0.1654,0.1653,0.1652,0.1651,0.165,0.1649,0.1648,0.1658,0.1659,0.166,0.1661,0.1662,0.1663,0.1664,0.1665,0.1666,0.1667,27017,101952,146415,128852,269975,255380,209635,230805,38967,103878,29216,251417,135142,191762,272446,209356,248055,83825,19116,235223
41,0.1657,0.1656,0.1655,0.1654,0.1653,0.1652,0.1651,0.165,0.1649,0.1648,0.1658,0.1659,0.166,0.1661,0.1662,0.1663,0.1664,0.1665,0.1666,0.1667,22681,81090,186907,228662,261606,159048,53948,230805,47502,103887,51113,267434,107841,124124,107954,204524,244343,75965,36130,235223
42,0.1656,0.1655,0.1654,0.1653,0.1652,0.1651,0.165,0.1649,0.1648,0.1647,0.1657,0.1658,0.1659,0.166,0.1661,0.1662,0.1663,0.1664,0.1665,0.1666,18974,99324,128528,278213,481002,59835,230805,47502,82778,243960,32005,160684,266520,160651,239185,100071,206774,244343,77919,34186
43,0.1655,0.1654,0.1653,0.1652,0.1651,0.165,0.1649,0.1648,0.1647,0.1646,0.1656,0.1657,0.1658,0.1659,0.166,0.1661,0.1662,0.1663,0.1664,0.1665,90,72196,179338,347260,375218,246412,54143,32410,223441,14345,53397,154560,162231,307046,210294,47666,92665,405607,246298,82271
44,0.1654,0.1653,0.1652,0.1651,0.165,0.1649,0.1648,0.1647,0.1646,0.1645,0.1655,0.1656,0.1657,0.1658,0.1659,0.166,0.1661,0.1662,0.1663,0.1664,32341,122843,197208,164054,366725,258340,36315,255756,28877,109258,17933,128532,145507,191115,379389,43665,49156,141091,406921,248047
45,0.1655,0.1654,0.1653,0.1652,0.1651,0.165,0.1649,0.1648,0.1647,0.1646,0.1656,0.1657,0.1658,0.1659,0.166,0.1661,0.1662,0.1663,0.1664,0.1665,12774,93822,169640,214006,266124,203169,255807,36315,253782,14345,46411,142320,203082,282056,213220,49200,139134,406921,232688,34358
46,0.1648,0.1647,0.1646,0.1645,0.1644,0.1643,0.1642,0.1641,0.164,0.1639,0.1649,0.165,0.1651,0.1652,0.1653,0.1654,0.1655,0.1656,0.1657,0.1658,49885,75202,102140,75608,94344,314851,78812,241732,233517,66679,11691,82275,129817,155301,284912,76016,59516,43966,48303,16919
47,0.1646,0.1645,0.1644,0.1643,0.1642,0.1641,0.164,0.1639,0.1638,0.1637,0.1647,0.1648,0.1649,0.165,0.1651,0.1652,0.1653,0.1654,0.1655,0.1656,18975,64206,86795,68574,48809,55695,107176,167818,233501,261307,33754,86911,131519,111355,251606,49536,78718,62475,51791,81965
48,0.1644,0.1643,0.1642,0.1641,0.164,0.1639,0.1638,0.1637,0.1636,0.1635,0.1645,0.1646,0.1647,0.1648,0.1649,0.165,0.1651,0.1652,0.1653,0.1654,25663,68201,93747,54602,30723,67487,83770,212015,145306,54505,24299,84138,130382,98315,75643,44553,60912,48684,35240,38092
49,0.1643,0.1642,0.1641,0.164,0.1639,0.1638,0.1637,0.1636,0.1635,0.1634,0.1644,0.1645,0.1646,0.1647,0.1648,0.1649,0.165,0.1651,0.1652,0.1653,16878,68098,67786,165246,216110,105664,211942,249793,155644,77560,41041,144059,92668,161798,239881,52796,53327,44953,64230,51416
50,0.1644,0.1643,0.1642,0.1641,0.164,0.1639,0.1638,0.1637,0.1636,0.1635,0.1645,0.1646,0.1647,0.1648,0.1649,0.165,0.1651,0.1652,0.1653,0.1654,43289,98032,124831,156302,465778,102495,49047,41074,251504,39520,15419,238212,144687,125667,264846,57105,49568,217027,102324,7107
51,0.1644,0.1643,0.1642,0.1641,0.164,0.1639,0.1638,0.1637,0.1636,0.1635,0.1645,0.1646,0.1647,0.1648,0.1649,0.165,0.1651,0.1652,0.1653,0.1654,46479,66891,159412,416509,262673,54012,240395,295859,27638,39520,46102,175881,283631,123948,247265,90988,50568,459789,41117,7707
52,0.1642,0.1641,0.164,0.1639,0.1638,0.1637,0.1636,0.1635,0.1634,0.1633,0.1643,0.1644,0.1645,0.1646,0.1647,0.1648,0.1649,0.165,0.1651,0.1652,44161,108874,178003,213115,472837,269181,231290,69475,62965,60473,31683,79764,171802,202226,431145,235324,199491,37158,45554,68981
53,0.1644,0.1643,0.1642,0.1641,0.164,0.1639,0.1638,0.1637,0.1636,0.1635,0.1645,0.1646,0.1647,0.1648,0.1649,0.165,0.1651,0.1652,0.1653,0.1654,19842,97934,142578,124671,281798,111261,98425,302134,37463,33119,37127,167186,265487,119296,220296,38104,49586,97907,56367,22286
54,0.1643,0.1642,0.1641,0.164,0.1639,0.1638,0.1637,0.1636,0.1635,0.1634,0.1644,0.1645,0.1646,0.1647,0.1648,0.1649,0.165,0.1651,0.1652,0.1653,50005,88643,137281,329378,428464,253990,46684,37463,31134,277926,17137,87073,194294,301318,204765,103513,396705,51552,304416,41178
55,0.1643,0.1642,0.1641,0.164,0.1639,0.1638,0.1637,0.1636,0.1635,0.1634,0.1644,0.1645,0.1646,0.1647,0.1648,0.1649,0.165,0.1651,0.1652,0.1653,37081,114085,205372,216269,436312,239381,44701,39447,31134,277926,23300,96258,168068,301101,224464,106047,398672,58343,304415,41178
56,0.1643,0.1642,0.1641,0.164,0.1639,0.1638,0.1637,0.1636,0.1635,0.1634,0.1644,0.1645,0.1646,0.1647,0.1648,0.1649,0.165,0.1651,0.1652,0.1653,48441,103889,141690,183475,425514,50579,205817,242084,61089,262080,20493,91411,188591,299957,211944,103658,399725,68876,289313,56367
57,0.1643,0.1642,0.1641,0.164,0.1639,0.1638,0.1637,0.1636,0.1635,0.1634,0.1644,0.1645,0.1646,0.1647,0.1648,0.1649,0.165,0.1651,0.1652,0.1653,45560,99465,135043,178242,274257,46794,49130,39447,31365,78203,23046,91651,188430,293025,233998,103658,191624,68876,498414,56367
58,0.1645,0.1644,0.1643,0.1642,0.1641,0.164,0.1639,0.1638,0.1637,0.1636,0.1646,0.1647,0.1648,0.1649,0.165,0.1651,0.1652,0.1653,0.1654,0.1655,24430,95265,123217,174136,249896,116558,225721,191933,294224,218653,36532,266025,111011,159056,211453,130749,649518,56967,35701,19425
59,0.1643,0.1642,0.1641,0.164,0.1639,0.1638,0.1637,0.1636,0.1635,0.1634,0.1644,0.1645,0.1646,0.1647,0.1648,0.1649,0.165,0.1651,0.1652,0.1653,9416,62560,89669,197190,426218,202562,297851,248589,45755,34695,67730,90397,98784,263014,260266,199254,36868,70842,497814,57240
60,0.1643,0.1642,0.1641,0.164,0.1639,0.1638,0.1637,0.1636,0.1635,0.1634,0.1644,0.1645,0.1646,0.1647,0.1648,0.1649,0.165,0.1651,0.1652,0.1653,22890,82407,179218,322638,274410,211730,251003,52496,45755,263124,34335,142780,178867,240694,464194,202626,35762,70386,288714,41451
61,0.1642,0.1641,0.164,0.1639,0.1638,0.1637,0.1636,0.1635,0.1634,0.1633,0.1643,0.1644,0.1645,0.1646,0.1647,0.1648,0.1649,0.165,0.1651,0.1652,40964,101101,151458,296275,312209,211843,256133,45755,277796,44123,20019,144793,261782,136215,239924,287311,246599,33158,44401,241326
62,0.1642,0.1641,0.164,0.1639,0.1638,0.1637,0.1636,0.1635,0.1634,0.1633,0.1643,0.1644,0.1645,0.1646,0.1647,0.1648,0.1649,0.165,0.1651,0.1652,39580,89427,153509,315695,259632,221870,251503,45482,278036,50021,34785,115876,267461,136688,268826,289825,247599,38140,69020,226128
63,0.164,0.1639,0.1638,0.1637,0.1636,0.1635,0.1634,0.1633,0.1632,0.1631,0.1641,0.1642,0.1643,0.1644,0.1645,0.1646,0.1647,0.1648,0.1649,0.165,18727,115275,266372,350586,263398,261722,29731,35069,241784,42282,69245,135380,142419,147423,363645,30544,50156,311681,194133,32868
64,0.1639,0.1638,0.1637,0.1636,0.1635,0.1634,0.1633,0.1632,0.1631,0.163,0.164,0.1641,0.1642,0.1643,0.1644,0.1645,0.1646,0.1647,0.1648,0.1649,23498,126155,463362,175461,419891,66959,38275,291220,11338,54652,31018,103573,169496,166892,218074,162453,79102,207216,307310,33937
65,0.1637,0.1636,0.1635,0.1634,0.1633,0.1632,0.1631,0.163,0.1629,0.1628,0.1638,0.1639,0.164,0.1641,0.1642,0.1643,0.1644,0.1645,0.1646,0.1647,17365,93948,392181,309533,260143,59124,41702,254132,94977,67692,25396,117487,144336,161251,254034,54168,29244,201316,62912,213276
66,0.1638,0.1637,0.1636,0.1635,0.1634,0.1633,0.1632,0.1631,0.163,0.1629,0.1639,0.164,0.1641,0.1642,0.1643,0.1644,0.1645,0.1646,0.1647,0.1648,20428,74770,172100,417991,262086,251469,45615,226116,46859,64289,28216,127187,134901,178935,213193,28639,541011,93920,55222,215096
67,0.1638,0.1637,0.1636,0.1635,0.1634,0.1633,0.1632,0.1631,0.163,0.1629,0.1639,0.164,0.1641,0.1642,0.1643,0.1644,0.1645,0.1646,0.1647,0.1648,40864,126015,214947,195785,365683,254507,39451,228104,44668,64655,15526,87304,172877,164442,241974,31859,593282,41649,54948,215096
68,0.1638,0.1637,0.1636,0.1635,0.1634,0.1633,0.1632,0.1631,0.163,0.1629,0.1639,0.164,0.1641,0.1642,0.1643,0.1644,0.1645,0.1646,0.1647,0.1648,37610,117230,176087,305058,363973,254559,39451,228104,50559,79949,15791,95995,150638,185171,224424,84432,541011,50187,55012,230605
69,0.1638,0.1637,0.1636,0.1635,0.1634,0.1633,0.1632,0.1631,0.163,0.1629,0.1639,0.164,0.1641,0.1642,0.1643,0.1644,0.1645,0.1646,0.1647,0.1648,13413,104818,174772,244126,367235,257451,38451,228104,50559,79785,67492,123866,165110,184009,217038,80910,540040,49583,55616,215370
70,0.1637,0.1636,0.1635,0.1634,0.1633,0.1632,0.1631,0.163,0.1629,0.1628,0.1638,0.1639,0.164,0.1641,0.1642,0.1643,0.1644,0.1645,0.1646,0.1647,23594,154988,119641,282347,367085,255818,228104,50559,79175,35166,39592,153195,132399,191746,250522,195479,81127,360094,34424,55011
71,0.1636,0.1635,0.1634,0.1633,0.1632,0.1631,0.163,0.1629,0.1628,0.1627,0.1637,0.1638,0.1639,0.164,0.1641,0.1642,0.1643,0.1644,0.1645,0.1646,23026,126161,225948,339428,422077,246704,52822,79175,35166,72005,34290,99795,187620,176495,276553,58551,452327,236358,106156,34424
72,0.1636,0.1635,0.1634,0.1633,0.1632,0.1631,0.163,0.1629,0.1628,0.1627,0.1637,0.1638,0.1639,0.164,0.1641,0.1642,0.1643,0.1644,0.1645,0.1646,22172,78618,123034,104986,221373,188885,211484,283528,65419,233128,28577,162789,169952,182366,277319,30524,451110,236964,88092,30627
73,0.1636,0.1635,0.1634,0.1633,0.1632,0.1631,0.163,0.1629,0.1628,0.1627,0.1637,0.1638,0.1639,0.164,0.1641,0.1642,0.1643,0.1644,0.1645,0.1646,294,98697,149843,276070,384619,40705,248095,80689,65419,223487,68055,124402,145816,146198,264221,79397,400538,234992,88092,22088
74,0.1639,0.1638,0.1637,0.1636,0.1635,0.1634,0.1633,0.1632,0.1631,0.163,0.164,0.1641,0.1642,0.1643,0.1644,0.1645,0.1646,0.1647,0.1648,0.1649,36507,104712,116014,191325,210314,88394,137528,201648,26393,232292,23307,211828,226693,436089,203705,92767,28724,263871,24858,55919
75,0.1639,0.1638,0.1637,0.1636,0.1635,0.1634,0.1633,0.1632,0.1631,0.163,0.164,0.1641,0.1642,0.1643,0.1644,0.1645,0.1646,0.1647,0.1648,0.1649,18432,115932,163611,269691,210047,76021,54868,301262,26613,232627,41768,203251,273420,178062,571110,42226,31695,57397,57111,41089
76,0.1638,0.1637,0.1636,0.1635,0.1634,0.1633,0.1632,0.1631,0.163,0.1629,0.1639,0.164,0.1641,0.1642,0.1643,0.1644,0.1645,0.1646,0.1647,0.1648,49080,107863,154359,149611,241087,154753,203959,26887,232018,85668,11048,130436,198419,247863,290535,390969,43716,231136,26410,55621
77,0.1638,0.1637,0.1636,0.1635,0.1634,0.1633,0.1632,0.1631,0.163,0.1629,0.1639,0.164,0.1641,0.1642,0.1643,0.1644,0.1645,0.1646,0.1647,0.1648,12986,81121,152147,169675,232602,155750,201971,28327,247302,79583,38540,140063,216756,248972,282123,387681,92100,229165,26136,24859
78,0.1638,0.1637,0.1636,0.1635,0.1634,0.1633,0.1632,0.1631,0.163,0.1629,0.1639,0.164,0.1641,0.1642,0.1643,0.1644,0.1645,0.1646,0.1647,0.1648,35528,80748,147494,124324,273392,147832,210265,28601,247302,30075,25444,126803,211963,227966,290854,393111,45293,274739,32689,24859
79,0.1638,0.1637,0.1636,0.1635,0.1634,0.1633,0.1632,0.1631,0.163,0.1629,0.1639,0.164,0.1641,0.1642,0.1643,0.1644,0.1645,0.1646,0.1647,0.1648,48525,97747,95967,128793,286864,138906,202245,280201,29990,29911,15504,91700,217537,222517,528556,184296,45688,297128,41371,9897
80,0.1638,0.1637,0.1636,0.1635,0.1634,0.1633,0.1632,0.1631,0.163,0.1629,0.1639,0.164,0.1641,0.1642,0.1643,0.1644,0.1645,0.1646,0.1647,0.1648,23104,100315,160839,254734,436817,55337,244752,77564,259925,35500,26002,135386,205644,232618,278577,390955,44688,290492,26136,25132
81,0.1637,0.1636,0.1635,0.1634,0.1633,0.1632,0.1631,0.163,0.1629,0.1628,0.1638,0.1639,0.164,0.1641,0.1642,0.1643,0.1644,0.1645,0.1646,0.1647,59172,91247,138895,285797,365418,267385,282726,60202,35500,38786,21339,109653,156377,201641,349847,109651,391492,45292,293578,26136
82,0.1636,0.1635,0.1634,0.1633,0.1632,0.1631,0.163,0.1629,0.1628,0.1627,0.1637,0.1638,0.1639,0.164,0.1641,0.1642,0.1643,0.1644,0.1645,0.1646,12505,67031,189177,343361,480607,47415,67956,34890,283835,39077,66420,147768,131781,170121,253594,151738,517917,10940,251225,14826
83,0.1636,0.1635,0.1634,0.1633,0.1632,0.1631,0.163,0.1629,0.1628,0.1627,0.1637,0.1638,0.1639,0.164,0.1641,0.1642,0.1643,0.1644,0.1645,0.1646,11121,88528,142215,286162,377702,258608,54601,240808,82376,39077,73184,130477,157751,142277,254329,359696,308731,220063,27026,31355
84,0.1637,0.1636,0.1635,0.1634,0.1633,0.1632,0.1631,0.163,0.1629,0.1628,0.1638,0.1639,0.164,0.1641,0.1642,0.1643,0.1644,0.1645,0.1646,0.1647,30883,98793,127633,221299,309685,214904,233501,51062,241082,82376,22768,106855,154434,204129,539549,312563,257743,35851,31355,28857
85,0.1639,0.1638,0.1637,0.1636,0.1635,0.1634,0.1633,0.1632,0.1631,0.163,0.164,0.1641,0.1642,0.1643,0.1644,0.1645,0.1646,0.1647,0.1648,0.1649,22137,68811,93949,155346,93791,69365,35317,144573,442100,32144,43174,279272,169637,516778,50376,47430,295155,53492,25918,187855
86,0.1639,0.1638,0.1637,0.1636,0.1635,0.1634,0.1633,0.1632,0.1631,0.163,0.164,0.1641,0.1642,0.1643,0.1644,0.1645,0.1646,0.1647,0.1648,0.1649,1413,65593,113374,250101,40837,71169,139836,194633,287906,29991,55360,211894,222075,181032,205986,248622,76524,53765,236765,40662
87,0.1636,0.1635,0.1634,0.1633,0.1632,0.1631,0.163,0.1629,0.1628,0.1627,0.1637,0.1638,0.1639,0.164,0.1641,0.1642,0.1643,0.1644,0.1645,0.1646,54131,85304,165979,279675,370745,246603,66672,235282,81039,60493,15670,85194,168194,182141,265469,401493,254469,243536,44733,23088
88,0.1638,0.1637,0.1636,0.1635,0.1634,0.1633,0.1632,0.1631,0.163,0.1629,0.1639,0.164,0.1641,0.1642,0.1643,0.1644,0.1645,0.1646,0.1647,0.1648,22815,58088,97765,151677,358372,160313,204559,238647,60403,271343,36031,142813,200322,409983,427708,34661,90041,233935,37667,26201
89,0.1637,0.1636,0.1635,0.1634,0.1633,0.1632,0.1631,0.163,0.1629,0.1628,0.1638,0.1639,0.164,0.1641,0.1642,0.1643,0.1644,0.1645,0.1646,0.1647,54916,105887,130102,247686,332661,198362,238373,62392,284647,50329,11287,91777,174010,190372,546814,263479,35935,90041,233935,37667
90,0.1639,0.1638,0.1637,0.1636,0.1635,0.1634,0.1633,0.1632,0.1631,0.163,0.164,0.1641,0.1642,0.1643,0.1644,0.1645,0.1646,0.1647,0.1648,0.1649,29882,89741,150084,183828,217434,110407,185073,192919,238384,32346,22525,209778,298792,267029,416395,90436,241175,46555,10966,55762
91,0.1639,0.1638,0.1637,0.1636,0.1635,0.1634,0.1633,0.1632,0.1631,0.163,0.164,0.1641,0.1642,0.1643,0.1644,0.1645,0.1646,0.1647,0.1648,0.1649,24832,101008,148953,266470,217674,115133,171249,194907,238384,45915,25078,206325,271960,307201,413859,92408,241175,46555,10966,55762
92,0.1639,0.1638,0.1637,0.1636,0.1635,0.1634,0.1633,0.1632,0.1631,0.163,0.164,0.1641,0.1642,0.1643,0.1644,0.1645,0.1646,0.1647,0.1648,0.1649,46244,86685,154213,251758,220885,104455,50378,296312,242159,94804,15528,149317,266944,150695,277078,206675,235988,90636,252179,25432
93,0.164,0.1639,0.1638,0.1637,0.1636,0.1635,0.1634,0.1633,0.1632,0.1631,0.1641,0.1642,0.1643,0.1644,0.1645,0.1646,0.1647,0.1648,0.1649,0.165,13117,70763,132828,151197,132672,57624,101090,154043,192645,227085,46404,268282,128610,189858,207532,238233,90231,251905,40648,37505
94,0.164,0.1639,0.1638,0.1637,0.1636,0.1635,0.1634,0.1633,0.1632,0.1631,0.1641,0.1642,0.1643,0.1644,0.1645,0.1646,0.1647,0.1648,0.1649,0.165,53395,93252,104066,187657,307611,45436,196348,97526,193528,227085,17964,118064,249617,161807,249798,90597,249416,459181,42138,37505
95,0.1641,0.164,0.1639,0.1638,0.1637,0.1636,0.1635,0.1634,0.1633,0.1632,0.1642,0.1643,0.1644,0.1645,0.1646,0.1647,0.1648,0.1649,0.165,0.1651,27004,100056,110998,200115,208743,160653,43686,191911,250172,39060,24915,230404,135538,184811,270874,253277,459181,35822,37469,65709
96,0.164,0.1639,0.1638,0.1637,0.1636,0.1635,0.1634,0.1633,0.1632,0.1631,0.1641,0.1642,0.1643,0.1644,0.1645,0.1646,0.1647,0.1648,0.1649,0.165,15176,96313,155875,186524,307700,165036,96655,250172,38786,221312,90631,145186,226138,159370,246899,87565,245428,454430,35822,20539
97,0.1639,0.1638,0.1637,0.1636,0.1635,0.1634,0.1633,0.1632,0.1631,0.163,0.164,0.1641,0.1642,0.1643,0.1644,0.1645,0.1646,0.1647,0.1648,0.1649,36760,110089,142617,266232,316680,54389,244378,38177,217701,50700,87817,113363,164589,257052,252270,50386,86988,242458,454430,26944
98,0.1638,0.1637,0.1636,0.1635,0.1634,0.1633,0.1632,0.1631,0.163,0.1629,0.1639,0.164,0.1641,0.1642,0.1643,0.1644,0.1645,0.1646,0.1647,0.1648,60959,118463,227183,229125,231777,199995,38341,217701,99991,256822,89468,76786,151622,152541,417924,436646,49087,27005,84274,234630
99,0.1636,0.1635,0.1634,0.1633,0.1632,0.1631,0.163,0.1629,0.1628,0.1627,0.1637,0.1638,0.1639,0.164,0.1641,0.1642,0.1643,0.1644,0.1645,0.1646,47177,103881,238616,302172,226641,242651,99381,250689,65879,56060,87140,87281,165897,174591,266690,56709,196185,468635,41406,8309
100,0.1635,0.1634,0.1633,0.1632,0.1631,0.163,0.1629,0.1628,0.1627,0.1626,0.1636,0.1637,0.1638,0.1639,0.164,0.1641,0.1642,0.1643,0.1644,0.1645,23827,202453,130480,339237,413320,97644,250690,65270,88082,28794,101602,98000,150468,190381,231597,65545,46040,197141,468361,30816
101,0.1637,0.1636,0.1635,0.1634,0.1633,0.1632,0.1631,0.163,0.1629,0.1628,0.1638,0.1639,0.164,0.1641,0.1642,0.1643,0.1644,0.1645,0.1646,0.1647,29739,69882,155458,239056,272070,212821,240743,54306,256415,52462,41586,133904,127260,172112,220995,203777,473760,54885,23563,44194
102,0.1636,0.1635,0.1634,0.1633,0.1632,0.1631,0.163,0.1629,0.1628,0.1627,0.1637,0.1638,0.1639,0.164,0.1641,0.1642,0.1643,0.1644,0.1645,0.1646,43525,92859,143785,269592,377110,247539,56295,241016,50471,79635,15850,105055,157141,159447,257886,53065,206751,473154,54884,8914
103,0.1636,0.1635,0.1634,0.1633,0.1632,0.1631,0.163,0.1629,0.1628,0.1627,0.1637,0.1638,0.1639,0.164,0.1641,0.1642,0.1643,0.1644,0.1645,0.1646,59741,126166,212012,168813,367924,244352,56295,241016,29374,38801,1363,101090,157527,167303,297560,200191,156255,474511,24189,23563
104,0.1637,0.1636,0.1635,0.1634,0.1633,0.1632,0.1631,0.163,0.1629,0.1628,0.1638,0.1639,0.164,0.1641,0.1642,0.1643,0.1644,0.1645,0.1646,0.1647,52082,134864,212585,201064,322789,204304,233756,56185,241016,14683,21103,168941,242255,227623,388526,62430,445202,54883,23563,44468
105,0.1637,0.1636,0.1635,0.1634,0.1633,0.1632,0.1631,0.163,0.1629,0.1628,0.1638,0.1639,0.164,0.1641,0.1642,0.1643,0.1644,0.1645,0.1646,0.1647,14059,98939,147012,274665,215891,309451,234744,54196,225723,29977,32118,144864,196870,257955,420941,51441,237600,61128,234410,29224
106,0.1637,0.1636,0.1635,0.1634,0.1633,0.1632,0.1631,0.163,0.1629,0.1628,0.1638,0.1639,0.164,0.1641,0.1642,0.1643,0.1644,0.1645,0.1646,0.1647,11527,83866,162257,226913,212256,50669,30221,58644,13531,29977,48756,156683,212750,244860,213257,52046,32061,54883,14344,44468
107,0.1637,0.1636,0.1635,0.1634,0.1633,0.1632,0.1631,0.163,0.1629,0.1628,0.1638,0.1639,0.164,0.1641,0.1642,0.1643,0.1644,0.1645,0.1646,0.1647,23534,90420,166424,302756,317570,213159,242092,60069,219723,29977,21277,139332,228600,290596,379585,260143,32061,265456,29588,44468
108,0.1637,0.1636,0.1635,0.1634,0.1633,0.1632,0.1631,0.163,0.1629,0.1628,0.1638,0.1639,0.164,0.1641,0.1642,0.1643,0.1644,0.1645,0.1646,0.1647,24636,102531,129744,296079,317570,201850,237201,60069,219723,29977,22928,134803,223590,288428,388338,259870,30089,267701,29588,44468
109,0.1638,0.1637,0.1636,0.1635,0.1634,0.1633,0.1632,0.1631,0.163,0.1629,0.1639,0.164,0.1641,0.1642,0.1643,0.1644,0.1645,0.1646,0.1647,0.1648,33626,107034,150721,164943,337224,153832,200349,232756,60069,235291,19282,175182,310801,297236,430658,34030,274337,29588,44468,40566
110,0.1638,0.1637,0.1636,0.1635,0.1634,0.1633,0.1632,0.1631,0.163,0.1629,0.1639,0.164,0.1641,0.1642,0.1643,0.1644,0.1645,0.1646,0.1647,0.1648,49247,81173,168947,171084,335315,157820,200349,232756,60343,283984,13077,163168,321027,307693,431520,39377,272366,75865,44194,40840
111,0.1641,0.164,0.1639,0.1638,0.1637,0.1636,0.1635,0.1634,0.1633,0.1632,0.1642,0.1643,0.1644,0.1645,0.1646,0.1647,0.1648,0.1649,0.165,0.1651,24682,85767,135487,192756,221854,83287,84520,161798,146658,244403,26278,245916,138490,216492,403458,251938,47885,260428,37195,56605
112,0.1642,0.1641,0.164,0.1639,0.1638,0.1637,0.1636,0.1635,0.1634,0.1633,0.1643,0.1644,0.1645,0.1646,0.1647,0.1648,0.1649,0.165,0.1651,0.1652,24930,60854,126761,198438,72567,61886,69849,61106,161524,143603,53620,278018,191944,289210,256821,49387,310930,37195,56605,46275
113,0.1642,0.1641,0.164,0.1639,0.1638,0.1637,0.1636,0.1635,0.1634,0.1633,0.1643,0.1644,0.1645,0.1646,0.1647,0.1648,0.1649,0.165,0.1651,0.1652,35771,97393,149838,178772,231385,60102,63650,164152,163132,40923,21435,171909,251668,119556,224781,230053,306016,43831,267178,31166
114,0.1645,0.1644,0.1643,0.1642,0.1641,0.164,0.1639,0.1638,0.1637,0.1636,0.1646,0.1647,0.1648,0.1649,0.165,0.1651,0.1652,0.1653,0.1654,0.1655,50626,104541,110127,185791,230037,66647,64075,51816,40237,34726,495,176819,179305,186137,616016,65275,87914,248198,22003,64075
115,0.1646,0.1645,0.1644,0.1643,0.1642,0.1641,0.164,0.1639,0.1638,0.1637,0.1647,0.1648,0.1649,0.165,0.1651,0.1652,0.1653,0.1654,0.1655,0.1656,32838,118148,228568,304358,385440,258662,48345,44210,51823,41447,23046,181891,237914,134164,207973,254726,247029,27272,320773,19242
116,0.1645,0.1644,0.1643,0.1642,0.1641,0.164,0.1639,0.1638,0.1637,0.1636,0.1646,0.1647,0.1648,0.1649,0.165,0.1651,0.1652,0.1653,0.1654,0.1655,13350,66331,134546,344312,213943,415328,46926,51216,39780,25096,39223,155331,176721,247852,221079,30190,300279,241738,6834,259874
117,0.1645,0.1644,0.1643,0.1642,0.1641,0.164,0.1639,0.1638,0.1637,0.1636,0.1646,0.1647,0.1648,0.1649,0.165,0.1651,0.1652,0.1653,0.1654,0.1655,47789,122425,169013,242633,213943,49040,47984,154877,194582,227904,764,100565,204475,271382,245422,33669,291149,243702,6834,259874
118,0.1647,0.1646,0.1645,0.1644,0.1643,0.1642,0.1641,0.164,0.1639,0.1638,0.1648,0.1649,0.165,0.1651,0.1652,0.1653,0.1654,0.1655,0.1656,0.1657,29469,86328,138464,268665,223606,121062,47981,49609,150496,85785,34182,248072,90481,188863,415726,248506,41474,303993,19242,49628
119,0.1647,0.1646,0.1645,0.1644,0.1643,0.1642,0.1641,0.164,0.1639,0.1638,0.1648,0.1649,0.165,0.1651,0.1652,0.1653,0.1654,0.1655,0.1656,0.1657,19731,78545,144997,221898,56837,123626,49817,148848,203285,85785,56561,253555,91407,164265,261096,245165,41474,293319,18969,56230
120,0.1647,0.1646,0.1645,0.1644,0.1643,0.1642,0.1641,0.164,0.1639,0.1638,0.1648,0.1649,0.165,0.1651,0.1652,0.1653,0.1654,0.1655,0.1656,0.1657,51991,103131,137267,262313,226304,123741,43092,149904,404762,85785,16335,219433,157200,172078,435796,250388,41474,293319,18969,56230
121,0.165,0.1649,0.1648,0.1647,0.1646,0.1645,0.1644,0.1643,0.1642,0.1641,0.1651,0.1652,0.1653,0.1654,0.1655,0.1656,0.1657,0.1658,0.1659,0.166,25775,83028,125605,141029,284294,58131,139496,39636,98288,173968,48961,211629,111272,137821,212759,87211,633011,54040,62101,33550
122,0.1649,0.1648,0.1647,0.1646,0.1645,0.1644,0.1643,0.1642,0.1641,0.164,0.165,0.1651,0.1652,0.1653,0.1654,0.1655,0.1656,0.1657,0.1658,0.1659,3984,73129,126845,199973,225688,141165,43850,199967,244962,252661,40627,124953,210791,290968,369554,45709,36360,468992,69135,47089
123,0.1648,0.1647,0.1646,0.1645,0.1644,0.1643,0.1642,0.1641,0.164,0.1639,0.1649,0.165,0.1651,0.1652,0.1653,0.1654,0.1655,0.1656,0.1657,0.1658,22742,88657,137542,212999,308969,165529,98560,243240,252055,30548,19575,134557,152586,208468,372012,381036,47072,35559,233677,67496
124,0.1648,0.1647,0.1646,0.1645,0.1644,0.1643,0.1642,0.1641,0.164,0.1639,0.1649,0.165,0.1651,0.1652,0.1653,0.1654,0.1655,0.1656,0.1657,0.1658,35281,89659,164451,199197,309640,151855,98560,242184,236865,30548,20747,94036,141609,223370,399773,381633,47071,35559,263876,52353
125,0.165,0.1649,0.1648,0.1647,0.1646,0.1645,0.1644,0.1643,0.1642,0.1641,0.1651,0.1652,0.1653,0.1654,0.1655,0.1656,0.1657,0.1658,0.1659,0.166,38919,81405,108291,184027,237986,76586,140517,146881,256854,86143,15805,176052,228043,182039,425153,244177,272474,18674,47089,33276
126,0.1652,0.1651,0.165,0.1649,0.1648,0.1647,0.1646,0.1645,0.1644,0.1643,0.1653,0.1654,0.1655,0.1656,0.1657,0.1658,0.1659,0.166,0.1661,0.1662,26680,84472,151624,123137,275700,53019,53490,53094,174905,132541,22532,195372,171543,199842,203754,237004,462067,35038,56147,163573
127,0.1654,0.1653,0.1652,0.1651,0.165,0.1649,0.1648,0.1647,0.1646,0.1645,0.1655,0.1656,0.1657,0.1658,0.1659,0.166,0.1661,0.1662,0.1663,0.1664,49633,85863,122327,118060,219720,116919,49039,41914,49084,52855,10656,117006,252800,222034,381102,242619,101044,32744,27623,217681
128,0.1654,0.1653,0.1652,0.1651,0.165,0.1649,0.1648,0.1647,0.1646,0.1645,0.1655,0.1656,0.1657,0.1658,0.1659,0.166,0.1661,0.1662,0.1663,0.1664,17026,90672,121906,206357,222375,82044,47987,44086,150492,200684,33494,185110,322574,460947,224605,26876,100315,28893,21587,232769
129,0.1651,0.165,0.1649,0.1648,0.1647,0.1646,0.1645,0.1644,0.1643,0.1642,0.1652,0.1653,0.1654,0.1655,0.1656,0.1657,0.1658,0.1659,0.166,0.1661,29134,101521,176629,207103,218480,69480,181855,450429,27911,266644,24028,118925,123990,219527,461229,313817,66173,48791,233181,65777
130,0.1651,0.165,0.1649,0.1648,0.1647,0.1646,0.1645,0.1644,0.1643,0.1642,0.1652,0.1653,0.1654,0.1655,0.1656,0.1657,0.1658,0.1659,0.166,0.1661,11045,92607,113196,204294,319901,208071,84584,295689,12152,266916,30967,145990,142293,224964,448882,278413,66173,48519,233181,87535
131,0.1651,0.165,0.1649,0.1648,0.1647,0.1646,0.1645,0.1644,0.1643,0.1642,0.1652,0.1653,0.1654,0.1655,0.1656,0.1657,0.1658,0.1659,0.166,0.1661,20184,59161,107343,158461,371646,212706,79904,295689,12424,266644,30313,119014,170844,177273,292510,277318,318949,46832,227148,41442
132,0.1652,0.1651,0.165,0.1649,0.1648,0.1647,0.1646,0.1645,0.1644,0.1643,0.1653,0.1654,0.1655,0.1656,0.1657,0.1658,0.1659,0.166,0.1661,0.1662,22986,97493,142266,187601,242442,192575,202228,80176,295689,12757,25502,107261,157733,246411,454215,322131,46560,253611,41442,26738
133,0.1651,0.165,0.1649,0.1648,0.1647,0.1646,0.1645,0.1644,0.1643,0.1642,0.1652,0.1653,0.1654,0.1655,0.1656,0.1657,0.1658,0.1659,0.166,0.1661,47449,106298,153353,254209,374506,257268,61515,91177,12350,266916,6191,93565,147468,158220,279740,271903,281019,42738,238580,41442
134,0.1652,0.1651,0.165,0.1649,0.1648,0.1647,0.1646,0.1645,0.1644,0.1643,0.1653,0.1654,0.1655,0.1656,0.1657,0.1658,0.1659,0.166,0.1661,0.1662,36133,80854,154554,169965,330310,206553,250295,61515,91648,12757,21881,104050,187326,222192,414314,283980,53129,238381,41641,11661
135,0.1651,0.165,0.1649,0.1648,0.1647,0.1646,0.1645,0.1644,0.1643,0.1642,0.1652,0.1653,0.1654,0.1655,0.1656,0.1657,0.1658,0.1659,0.166,0.1661,47628,98920,160280,272832,214629,209219,269481,91376,12152,266916,13169,110149,193231,180417,282354,248801,281019,50388,238381,26327
136,0.1652,0.1651,0.165,0.1649,0.1648,0.1647,0.1646,0.1645,0.1644,0.1643,0.1653,0.1654,0.1655,0.1656,0.1657,0.1658,0.1659,0.166,0.1661,0.1662,19187,104893,142711,178195,227615,161867,206633,267432,78008,28184,20879,142019,198549,220841,465375,193011,51369,238381,72505,26767
137,0.165,0.1649,0.1648,0.1647,0.1646,0.1645,0.1644,0.1643,0.1642,0.1641,0.1651,0.1652,0.1653,0.1654,0.1655,0.1656,0.1657,0.1658,0.1659,0.166,35602,87259,182657,261944,375417,269714,91226,27307,250394,50377,18016,78610,200880,194995,296581,99682,255629,233250,46692,223266
138,0.1649,0.1648,0.1647,0.1646,0.1645,0.1644,0.1643,0.1642,0.1641,0.164,0.165,0.1651,0.1652,0.1653,0.1654,0.1655,0.1656,0.1657,0.1658,0.1659,19330,93252,244326,290931,427707,52424,29557,280220,98847,64584,15224,103855,132390,189523,258983,117775,96073,251106,211261,51111
139,0.1649,0.1648,0.1647,0.1646,0.1645,0.1644,0.1643,0.1642,0.1641,0.164,0.165,0.1651,0.1652,0.1653,0.1654,0.1655,0.1656,0.1657,0.1658,0.1659,31627,112783,239525,290371,427933,48957,27579,282199,68711,49550,17544,89744,136035,176564,277606,119738,95540,257627,241443,32222
140,0.1649,0.1648,0.1647,0.1646,0.1645,0.1644,0.1643,0.1642,0.1641,0.164,0.165,0.1651,0.1652,0.1653,0.1654,0.1655,0.1656,0.1657,0.1658,0.1659,17290,84130,137711,420317,421095,52239,27579,282199,68983,49278,21597,110669,148476,195971,248265,120533,94745,257627,211261,47356
141,0.1649,0.1648,0.1647,0.1646,0.1645,0.1644,0.1643,0.1642,0.1641,0.164,0.165,0.1651,0.1652,0.1653,0.1654,0.1655,0.1656,0.1657,0.1658,0.1659,16912,83479,200166,229117,420815,254951,32880,269159,74840,63258,31750,124198,120286,188663,237553,277459,95896,266216,68822,47356
142,0.1648,0.1647,0.1646,0.1645,0.1644,0.1643,0.1642,0.1641,0.164,0.1639,0.1649,0.165,0.1651,0.1652,0.1653,0.1654,0.1655,0.1656,0.1657,0.1658,138,97928,261775,280647,415406,46300,267180,76820,42649,14077,68463,115487,129249,167742,250803,58758,271878,89260,251160,68823
143,0.1647,0.1646,0.1645,0.1644,0.1643,0.1642,0.1641,0.164,0.1639,0.1638,0.1648,0.1649,0.165,0.1651,0.1652,0.1653,0.1654,0.1655,0.1656,0.1657,22698,111941,237128,285710,211621,277944,80721,42377,220269,69464,27030,125625,117426,159770,228005,79922,56368,317111,299835,246039
144,0.1648,0.1647,0.1646,0.1645,0.1644,0.1643,0.1642,0.1641,0.164,0.1639,0.1649,0.165,0.1651,0.1652,0.1653,0.1654,0.1655,0.1656,0.1657,0.1658,34152,87434,142961,239930,418654,47175,265501,75113,42377,235743,19365,132958,142171,180630,298575,53489,299260,245712,246039,22086
145,0.1648,0.1647,0.1646,0.1645,0.1644,0.1643,0.1642,0.1641,0.164,0.1639,0.1649,0.165,0.1651,0.1652,0.1653,0.1654,0.1655,0.1656,0.1657,0.1658,36865,91209,184064,278945,367985,43488,261875,74840,27801,235743,10961,95155,164683,158617,254892,106061,300857,251140,269873,6942
146,0.1647,0.1646,0.1645,0.1644,0.1643,0.1642,0.1641,0.164,0.1639,0.1638,0.1648,0.1649,0.165,0.1651,0.1652,0.1653,0.1654,0.1655,0.1656,0.1657,30447,93180,185008,364302,213470,308321,75113,27195,235743,54143,19902,121648,194210,174005,218510,88441,290144,243835,251140,35012
147,0.1646,0.1645,0.1644,0.1643,0.1642,0.1641,0.164,0.1639,0.1638,0.1637,0.1647,0.1648,0.1649,0.165,0.1651,0.1652,0.1653,0.1654,0.1655,0.1656,11845,86077,155794,262644,362353,240735,57681,235064,112129,45404,54453,146025,157819,211935,293794,190786,46120,230441,80782,244758
148,0.1646,0.1645,0.1644,0.1643,0.1642,0.1641,0.164,0.1639,0.1638,0.1637,0.1647,0.1648,0.1649,0.165,0.1651,0.1652,0.1653,0.1654,0.1655,0.1656,18714,80686,178698,216002,256989,189890,64082,437599,99382,54095,49969,151873,161693,202330,294086,190597,45120,230441,65894,244349
149,0.1645,0.1644,0.1643,0.1642,0.1641,0.164,0.1639,0.1638,0.1637,0.1636,0.1646,0.1647,0.1648,0.1649,0.165,0.1651,0.1652,0.1653,0.1654,0.1655,23676,121759,221816,178898,359264,96279,441797,88411,19957,41495,16689,93153,161676,188881,303169,72115,240546,45710,230168,72196
150,0.1645,0.1644,0.1643,0.1642,0.1641,0.164,0.1639,0.1638,0.1637,0.1636,0.1646,0.1647,0.1648,0.1649,0.165,0.1651,0.1652,0.1653,0.1654,0.1655,19000,106451,194453,128408,262732,236476,237785,88411,49875,256654,21799,125588,146628,205849,263691,69732,288035,39387,215050,40861
151,0.1646,0.1645,0.1644,0.1643,0.1642,0.1641,0.164,0.1639,0.1638,0.1637,0.1647,0.1648,0.1649,0.165,0.1651,0.1652,0.1653,0.1654,0.1655,0.1656,15359,89348,125137,192384,321801,55763,201481,235605,88411,19958,31061,127549,202769,256128,443364,239258,46023,37089,46497,234510
152,0.1645,0.1644,0.1643,0.1642,0.1641,0.164,0.1639,0.1638,0.1637,0.1636,0.1646,0.1647,0.1648,0.1649,0.165,0.1651,0.1652,0.1653,0.1654,0.1655,29854,104020,166480,267238,214615,202349,237586,88411,19958,256654,23661,107305,137359,215964,325303,273792,239258,46023,37089,31327
153,0.1646,0.1645,0.1644,0.1643,0.1642,0.1641,0.164,0.1639,0.1638,0.1637,0.1647,0.1648,0.1649,0.165,0.1651,0.1652,0.1653,0.1654,0.1655,0.1656,35650,97826,137072,207656,318495,46241,196937,237586,88411,11267,8414,91942,226700,242240,452621,245155,46023,37089,31327,234510
154,0.1645,0.1644,0.1643,0.1642,0.1641,0.164,0.1639,0.1638,0.1637,0.1636,0.1646,0.1647,0.1648,0.1649,0.165,0.1651,0.1652,0.1653,0.1654,0.1655,34421,104365,122173,140448,322000,199882,237586,88411,11267,256654,24933,129300,144005,215341,340484,258412,239257,46023,37089,46488
155,0.1644,0.1643,0.1642,0.1641,0.164,0.1639,0.1638,0.1637,0.1636,0.1635,0.1645,0.1646,0.1647,0.1648,0.1649,0.165,0.1651,0.1652,0.1653,0.1654,11608,70864,147186,275343,367180,249744,90393,49778,256048,7970,39720,129256,141440,183068,264859,143392,405181,292344,39387,6834
156,0.1645,0.1644,0.1643,0.1642,0.1641,0.164,0.1639,0.1638,0.1637,0.1636,0.1646,0.1647,0.1648,0.1649,0.165,0.1651,0.1652,0.1653,0.1654,0.1655,36105,76201,106681,220600,321607,49323,41090,195334,252749,255775,10344,175587,120726,216268,445777,252781,310725,38288,23014,55679
157,0.1646,0.1645,0.1644,0.1643,0.1642,0.1641,0.164,0.1639,0.1638,0.1637,0.1647,0.1648,0.1649,0.165,0.1651,0.1652,0.1653,0.1654,0.1655,0.1656,28683,65230,83787,95827,112368,149853,46090,38447,227938,238038,16888,129578,248484,171365,278268,184357,250770,233861,108463,37747
158,0.1644,0.1643,0.1642,0.1641,0.164,0.1639,0.1638,0.1637,0.1636,0.1635,0.1645,0.1646,0.1647,0.1648,0.1649,0.165,0.1651,0.1652,0.1653,0.1654,22375,91080,157571,169697,48769,45979,262265,237359,255775,38824,21824,110674,143770,207812,549231,243596,40920,39317,39505,218681
159,0.1645,0.1644,0.1643,0.1642,0.1641,0.164,0.1639,0.1638,0.1637,0.1636,0.1646,0.1647,0.1648,0.1649,0.165,0.1651,0.1652,0.1653,0.1654,0.1655,44185,83871,104839,246423,318567,208909,42871,103371,238283,255735,14769,102362,215178,302125,227435,250229,242067,39778,233851,31779
160,0.1645,0.1644,0.1643,0.1642,0.1641,0.164,0.1639,0.1638,0.1637,0.1636,0.1646,0.1647,0.1648,0.1649,0.165,0.1651,0.1652,0.1653,0.1654,0.1655,48787,102750,141075,185990,317510,206101,42871,103371,214277,255735,14121,118636,196942,301068,227435,248214,244032,39778,233851,31779
161,0.1646,0.1645,0.1644,0.1643,0.1642,0.1641,0.164,0.1639,0.1638,0.1637,0.1647,0.1648,0.1649,0.165,0.1651,0.1652,0.1653,0.1654,0.1655,0.1656,26942,90138,136705,168854,223124,149478,200831,38174,112032,214439,22059,172653,258254,177080,418847,248325,46414,233851,31779,7501
162,0.1645,0.1644,0.1643,0.1642,0.1641,0.164,0.1639,0.1638,0.1637,0.1636,0.1646,0.1647,0.1648,0.1649,0.165,0.1651,0.1652,0.1653,0.1654,0.1655,42713,95744,183387,150669,319008,198390,40617,96734,229649,255735,11989,117634,260310,232532,226499,254868,245032,44907,233851,46844
163,0.1645,0.1644,0.1643,0.1642,0.1641,0.164,0.1639,0.1638,0.1637,0.1636,0.1646,0.1647,0.1648,0.1649,0.165,0.1651,0.1652,0.1653,0.1654,0.1655,35839,102093,133371,149549,319008,195721,46222,96734,229649,255735,14560,105911,280231,231475,224617,257434,242468,44907,233851,46844
164,0.1645,0.1644,0.1643,0.1642,0.1641,0.164,0.1639,0.1638,0.1637,0.1636,0.1646,0.1647,0.1648,0.1649,0.165,0.1651,0.1652,0.1653,0.1654,0.1655,24592,85644,147665,155258,316470,201637,42871,96734,229042,255735,27082,155122,248484,230618,209888,251506,242741,44634,233851,46844
165,0.1644,0.1643,0.1642,0.1641,0.164,0.1639,0.1638,0.1637,0.1636,0.1635,0.1645,0.1646,0.1647,0.1648,0.1649,0.165,0.1651,0.1652,0.1653,0.1654,43198,84587,128718,271893,368251,55047,101160,228769,256008,7971,17639,79504,180410,249565,488177,30016,249634,77523,24316,233860
166,0.1641,0.164,0.1639,0.1638,0.1637,0.1636,0.1635,0.1634,0.1633,0.1632,0.1642,0.1643,0.1644,0.1645,0.1646,0.1647,0.1648,0.1649,0.165,0.1651,21920,111005,194624,124714,418308,211693,92874,244335,79390,60588,19482,74450,137576,158028,240711,66253,133980,352538,21988,227884
167,0.1639,0.1638,0.1637,0.1636,0.1635,0.1634,0.1633,0.1632,0.1631,0.163,0.164,0.1641,0.1642,0.1643,0.1644,0.1645,0.1646,0.1647,0.1648,0.1649,15221,104432,221669,163550,212641,214512,246897,87896,239170,47315,40872,177344,96129,188198,240725,59976,44230,46053,250943,128627
168,0.1641,0.164,0.1639,0.1638,0.1637,0.1636,0.1635,0.1634,0.1633,0.1632,0.1642,0.1643,0.1644,0.1645,0.1646,0.1647,0.1648,0.1649,0.165,0.1651,56109,113045,177083,176709,207005,196719,38304,38143,242990,109447,7668,141811,175364,171941,254743,59553,258456,120233,218681,260949
169,0.1641,0.164,0.1639,0.1638,0.1637,0.1636,0.1635,0.1634,0.1633,0.1632,0.1642,0.1643,0.1644,0.1645,0.1646,0.1647,0.1648,0.1649,0.165,0.1651,31032,108256,125044,282579,361344,256777,32254,38143,19886,109447,13476,100804,236005,217628,289601,59553,400991,103004,249043,41194
170,0.164,0.1639,0.1638,0.1637,0.1636,0.1635,0.1634,0.1633,0.1632,0.1631,0.1641,0.1642,0.1643,0.1644,0.1645,0.1646,0.1647,0.1648,0.1649,0.165,34039,114133,258188,258725,219024,251869,38143,50079,109447,236884,15762,101333,133526,249323,306915,102074,55462,399991,102402,233922
171,0.164,0.1639,0.1638,0.1637,0.1636,0.1635,0.1634,0.1633,0.1632,0.1631,0.1641,0.1642,0.1643,0.1644,0.1645,0.1646,0.1647,0.1648,0.1649,0.165,36266,85030,181049,254802,367360,47762,246298,54013,88127,236884,9918,95599,177270,242494,290667,100667,52689,393355,105074,233930
172,0.1641,0.164,0.1639,0.1638,0.1637,0.1636,0.1635,0.1634,0.1633,0.1632,0.1642,0.1643,0.1644,0.1645,0.1646,0.1647,0.1648,0.1649,0.165,0.1651,23514,112851,174490,264941,206343,212246,40322,240678,54013,88572,27831,143207,189767,247762,270444,59104,399754,90997,233930,26328
173,0.1644,0.1643,0.1642,0.1641,0.164,0.1639,0.1638,0.1637,0.1636,0.1635,0.1645,0.1646,0.1647,0.1648,0.1649,0.165,0.1651,0.1652,0.1653,0.1654,28837,79493,148381,266013,370265,40576,49517,233370,43668,81789,18031,231751,257566,280815,271157,237515,55110,254196,55723,37344
174,0.1646,0.1645,0.1644,0.1643,0.1642,0.1641,0.164,0.1639,0.1638,0.1637,0.1647,0.1648,0.1649,0.165,0.1651,0.1652,0.1653,0.1654,0.1655,0.1656,18664,65873,69433,127503,262087,47735,216453,34779,46880,214468,59928,187968,329718,412559,30156,297593,42421,37344,40690,37765
175,0.1644,0.1643,0.1642,0.1641,0.164,0.1639,0.1638,0.1637,0.1636,0.1635,0.1645,0.1646,0.1647,0.1648,0.1649,0.165,0.1651,0.1652,0.1653,0.1654,23769,83559,175719,116211,213317,35817,62611,145848,198613,283219,34007,126804,166160,208620,354207,400615,39894,290605,44471,22286
176,0.1644,0.1643,0.1642,0.1641,0.164,0.1639,0.1638,0.1637,0.1636,0.1635,0.1645,0.1646,0.1647,0.1648,0.1649,0.165,0.1651,0.1652,0.1653,0.1654,44973,57760,80665,166631,214238,44069,43614,145848,198613,282471,15222,80512,201638,201463,355844,401288,39894,289369,29292,22286
177,0.1645,0.1644,0.1643,0.1642,0.1641,0.164,0.1639,0.1638,0.1637,0.1636,0.1646,0.1647,0.1648,0.1649,0.165,0.1651,0.1652,0.1653,0.1654,0.1655,18896,96264,98235,147697,212369,46600,30628,147002,51710,184275,45268,137753,224723,252994,577221,46158,296278,59564,22013,40963
178,0.1644,0.1643,0.1642,0.1641,0.164,0.1639,0.1638,0.1637,0.1636,0.1635,0.1645,0.1646,0.1647,0.1648,0.1649,0.165,0.1651,0.1652,0.1653,0.1654,25436,79050,168066,106682,215894,39080,145020,53693,184275,282140,29386,107518,176977,226780,356994,403515,39894,296278,59564,6834
179,0.1645,0.1644,0.1643,0.1642,0.1641,0.164,0.1639,0.1638,0.1637,0.1636,0.1646,0.1647,0.1648,0.1649,0.165,0.1651,0.1652,0.1653,0.1654,0.1655,28824,75902,133094,110779,205612,44823,30628,45323,37283,29534,17474,99667,229977,220227,225344,44839,87030,64209,6834,40963
180,0.1646,0.1645,0.1644,0.1643,0.1642,0.1641,0.164,0.1639,0.1638,0.1637,0.1647,0.1648,0.1649,0.165,0.1651,0.1652,0.1653,0.1654,0.1655,0.1656,16185,73497,81276,161835,217110,61732,41243,35052,38915,22064,39775,191009,172067,146862,212558,87029,57514,22005,40963,37702
181,0.1646,0.1645,0.1644,0.1643,0.1642,0.1641,0.164,0.1639,0.1638,0.1637,0.1647,0.1648,0.1649,0.165,0.1651,0.1652,0.1653,0.1654,0.1655,0.1656,16777,54840,87107,115160,51561,48558,40543,37033,88111,22064,49220,187536,168835,93442,48001,88995,57514,22005,40974,37702
182,0.1644,0.1643,0.1642,0.1641,0.164,0.1639,0.1638,0.1637,0.1636,0.1635,0.1645,0.1646,0.1647,0.1648,0.1649,0.165,0.1651,0.1652,0.1653,0.1654,1736,42392,78993,108475,53394,39182,88111,57386,44145,11961,52642,129977,156767,176547,134494,35337,39621,78795,28013,22013
183,0.1645,0.1644,0.1643,0.1642,0.1641,0.164,0.1639,0.1638,0.1637,0.1636,0.1646,0.1647,0.1648,0.1649,0.165,0.1651,0.1652,0.1653,0.1654,0.1655,19839,53783,61453,123620,312544,52767,30901,92537,52957,44753,21087,113961,184705,175969,49993,42624,85431,28013,22013,40983
184,0.1646,0.1645,0.1644,0.1643,0.1642,0.1641,0.164,0.1639,0.1638,0.1637,0.1647,0.1648,0.1649,0.165,0.1651,0.1652,0.1653,0.1654,0.1655,0.1656,445,63123,78356,53579,45767,44777,152103,35052,76474,34895,49947,157974,195082,99586,51046,85990,64921,21995,40983,37701
185,0.1645,0.1644,0.1643,0.1642,0.1641,0.164,0.1639,0.1638,0.1637,0.1636,0.1646,0.1647,0.1648,0.1649,0.165,0.1651,0.1652,0.1653,0.1654,0.1655,33298,91403,91235,220104,207430,307618,239926,108965,234634,35818,26593,157900,231746,222437,210380,207974,287676,58285,222476,25813
186,0.1645,0.1644,0.1643,0.1642,0.1641,0.164,0.1639,0.1638,0.1637,0.1636,0.1646,0.1647,0.1648,0.1649,0.165,0.1651,0.1652,0.1653,0.1654,0.1655,29052,87242,90115,222343,207430,307618,239926,108965,234634,35818,25185,159133,210557,224261,210380,208187,287676,58285,222476,40983
187,0.1645,0.1644,0.1643,0.1642,0.1641,0.164,0.1639,0.1638,0.1637,0.1636,0.1646,0.1647,0.1648,0.1649,0.165,0.1651,0.1652,0.1653,0.1654,0.1655,46949,87587,79450,165768,207430,46678,38676,105339,27750,35818,6554,122845,228175,184886,219597,262235,287403,51151,222476,40983
188,0.1646,0.1645,0.1644,0.1643,0.1642,0.1641,0.164,0.1639,0.1638,0.1637,0.1647,0.1648,0.1649,0.165,0.1651,0.1652,0.1653,0.1654,0.1655,0.1656,54888,91454,141774,109718,213248,34190,47821,35041,105339,12267,25713,82394,222676,217222,249180,44245,269061,430480,80525,7501
189,0.1646,0.1645,0.1644,0.1643,0.1642,0.1641,0.164,0.1639,0.1638,0.1637,0.1647,0.1648,0.1649,0.165,0.1651,0.1652,0.1653,0.1654,0.1655,0.1656,16979,82567,90662,165730,208580,64707,43400,41173,103357,27759,50335,131874,243854,383038,435185,40905,58060,229908,65355,22662
190,0.1645,0.1644,0.1643,0.1642,0.1641,0.164,0.1639,0.1638,0.1637,0.1636,0.1646,0.1647,0.1648,0.1649,0.165,0.1651,0.1652,0.1653,0.1654,0.1655,27710,101810,158534,131489,314143,213016,245793,305687,27152,35818,26305,106893,186261,220631,476855,255737,86214,51151,229908,40981
191,0.1646,0.1645,0.1644,0.1643,0.1642,0.1641,0.164,0.1639,0.1638,0.1637,0.1647,0.1648,0.1649,0.165,0.1651,0.1652,0.1653,0.1654,0.1655,0.1656,15658,82449,124603,157860,208823,144147,197833,242169,305687,12540,42521,141125,276429,355406,422555,86214,57787,229908,40981,7501
192,0.1645,0.1644,0.1643,0.1642,0.1641,0.164,0.1639,0.1638,0.1637,0.1636,0.1646,0.1647,0.1648,0.1649,0.165,0.1651,0.1652,0.1653,0.1654,0.1655,25264,91138,168345,210297,139499,200442,241896,290388,12540,51037,18911,64288,143524,261822,140272,215875,198549,261346,229908,87574
193,0.1645,0.1644,0.1643,0.1642,0.1641,0.164,0.1639,0.1638,0.1637,0.1636,0.1646,0.1647,0.1648,0.1649,0.165,0.1651,0.1652,0.1653,0.1654,0.1655,48351,110273,135279,166928,301055,198106,241380,241192,27486,29807,128,59969,138766,181272,133727,208432,38939,261346,222476,19116
194,0.1644,0.1643,0.1642,0.1641,0.164,0.1639,0.1638,0.1637,0.1636,0.1635,0.1645,0.1646,0.1647,0.1648,0.1649,0.165,0.1651,0.1652,0.1653,0.1654,17545,47942,125898,235669,198823,251182,241192,26879,29199,11688,44903,164320,132249,157673,130308,47342,203115,38212,224165,222476
195,0.1642,0.1641,0.164,0.1639,0.1638,0.1637,0.1636,0.1635,0.1634,0.1633,0.1643,0.1644,0.1645,0.1646,0.1647,0.1648,0.1649,0.165,0.1651,0.1652,45293,49518,91007,163795,218517,27152,266232,11445,65064,50094,16104,86486,174950,187904,249202,70908,124624,50073,199875,16868
196,0.1641,0.164,0.1639,0.1638,0.1637,0.1636,0.1635,0.1634,0.1633,0.1632,0.1642,0.1643,0.1644,0.1645,0.1646,0.1647,0.1648,0.1649,0.165,0.1651,32950,137609,220135,200539,257811,67900,381880,255789,53049,88338,34098,118477,169238,208864,227098,54441,56745,344402,236510,38408
197,0.164,0.1639,0.1638,0.1637,0.1636,0.1635,0.1634,0.1633,0.1632,0.1631,0.1641,0.1642,0.1643,0.1644,0.1645,0.1646,0.1647,0.1648,0.1649,0.165,18132,79560,192927,193551,328872,397077,256063,51240,88338,33194,21510,84059,171675,171326,292779,46889,51601,57931,342434,242603
198,0.1641,0.164,0.1639,0.1638,0.1637,0.1636,0.1635,0.1634,0.1633,0.1632,0.1642,0.1643,0.1644,0.1645,0.1646,0.1647,0.1648,0.1649,0.165,0.1651,36249,92418,116615,258485,356968,72797,384139,255789,51514,88064,27748,134004,173516,225465,218408,56117,55962,330295,424876,38682
199,0.1641,0.164,0.1639,0.1638,0.1637,0.1636,0.1635,0.1634,0.1633,0.1632,0.1642,0.1643,0.1644,0.1645,0.1646,0.1647,0.1648,0.1649,0.165,0.1651,82910,79404,132102,253545,351100,55498,434361,255953,36779,38807,195,115089,181995,216225,278310,58902,52979,278536,426429,38682
200,0.1642,0.1641,0.164,0.1639,0.1638,0.1637,0.1636,0.1635,0.1634,0.1633,0.1643,0.1644,0.1645,0.1646,0.1647,0.1648,0.1649,0.165,0.1651,0.1652,46594,108109,156664,209080,454909,83788,53830,282090,255953,36779,15625,176659,220605,201954,223428,58225,278536,426703,38408,33726
201,0.1643,0.1642,0.1641,0.164,0.1639,0.1638,0.1637,0.1636,0.1635,0.1634,0.1644,0.1645,0.1646,0.1647,0.1648,0.1649,0.165,0.1651,0.1652,0.1653,13165,79945,129325,191417,303512,286848,80335,49398,282090,240872,30040,151339,239257,212652,225170,280411,440353,38408,27673,46621
202,0.1645,0.1644,0.1643,0.1642,0.1641,0.164,0.1639,0.1638,0.1637,0.1636,0.1646,0.1647,0.1648,0.1649,0.165,0.1651,0.1652,0.1653,0.1654,0.1655,27072,83303,77033,93025,215850,67378,41362,122113,76179,38823,39140,167444,156137,88893,35274,51884,82580,64185,6834,55702
203,0.1643,0.1642,0.1641,0.164,0.1639,0.1638,0.1637,0.1636,0.1635,0.1634,0.1644,0.1645,0.1646,0.1647,0.1648,0.1649,0.165,0.1651,0.1652,0.1653,31705,81718,113504,169903,206548,136837,334825,274069,77786,240426,29807,88920,175681,280427,305653,48045,185274,47693,231823,48817
204,0.1644,0.1643,0.1642,0.1641,0.164,0.1639,0.1638,0.1637,0.1636,0.1635,0.1645,0.1646,0.1647,0.1648,0.1649,0.165,0.1651,0.1652,0.1653,0.1654,42991,102683,171667,113412,220904,40134,135108,332379,259027,77513,13722,109246,240416,273515,421983,190537,254538,27664,48544,6834
205,0.1643,0.1642,0.1641,0.164,0.1639,0.1638,0.1637,0.1636,0.1635,0.1634,0.1644,0.1645,0.1646,0.1647,0.1648,0.1649,0.165,0.1651,0.1652,0.1653,28796,77973,40581,130609,309773,141790,230073,259027,62275,225188,15412,83492,133348,233257,331095,96829,191496,258216,27937,233845
206,0.1644,0.1643,0.1642,0.1641,0.164,0.1639,0.1638,0.1637,0.1636,0.1635,0.1645,0.1646,0.1647,0.1648,0.1649,0.165,0.1651,0.1652,0.1653,0.1654,32567,59251,110515,167411,274582,140807,137090,225644,259027,77511,25105,122412,232992,279222,208261,194738,257343,43040,233845,22013
207,0.1644,0.1643,0.1642,0.1641,0.164,0.1639,0.1638,0.1637,0.1636,0.1635,0.1645,0.1646,0.1647,0.1648,0.1649,0.165,0.1651,0.1652,0.1653,0.1654,25293,99515,193900,194863,218560,154174,53893,176891,268744,77511,32390,111604,218113,251334,261845,194137,257943,49676,227152,22015
208,0.1643,0.1642,0.1641,0.164,0.1639,0.1638,0.1637,0.1636,0.1635,0.1634,0.1644,0.1645,0.1646,0.1647,0.1648,0.1649,0.165,0.1651,0.1652,0.1653,61693,128593,217931,142060,315480,81313,176891,272600,77511,228791,12781,84800,204221,246750,320358,51941,191538,249612,43040,227152
209,0.1643,0.1642,0.1641,0.164,0.1639,0.1638,0.1637,0.1636,0.1635,0.1634,0.1644,0.1645,0.1646,0.1647,0.1648,0.1649,0.165,0.1651,0.1652,0.1653,44962,125702,195083,186095,310566,55537,179147,272327,62275,244301,11803,74449,156221,225706,364479,47440,192139,249012,26418,247208
210,0.1644,0.1643,0.1642,0.1641,0.164,0.1639,0.1638,0.1637,0.1636,0.1635,0.1645,0.1646,0.1647,0.1648,0.1649,0.165,0.1651,0.1652,0.1653,0.1654,36327,79585,148999,260103,245695,170194,53893,176891,272600,62275,8520,106323,212064,306726,209141,193308,257333,26418,247208,22015
211,0.1646,0.1645,0.1644,0.1643,0.1642,0.1641,0.164,0.1639,0.1638,0.1637,0.1647,0.1648,0.1649,0.165,0.1651,0.1652,0.1653,0.1654,0.1655,0.1656,71110,76132,104392,111238,278159,146948,81682,137733,41505,177852,196,124882,229253,163858,291582,38675,452017,22015,25665,89807
212,0.1646,0.1645,0.1644,0.1643,0.1642,0.1641,0.164,0.1639,0.1638,0.1637,0.1647,0.1648,0.1649,0.165,0.1651,0.1652,0.1653,0.1654,0.1655,0.1656,28038,65650,105591,161535,225220,200295,183734,180372,39189,12630,23729,105334,211725,228519,276916,205823,244744,37090,219597,77787
213,0.1648,0.1647,0.1646,0.1645,0.1644,0.1643,0.1642,0.1641,0.164,0.1639,0.1649,0.165,0.1651,0.1652,0.1653,0.1654,0.1655,0.1656,0.1657,0.1658,29656,57964,98647,165490,218582,48876,55781,138185,171288,197068,27782,140454,287736,272125,424934,42628,247606,22896,53281,37124
214,0.1648,0.1647,0.1646,0.1645,0.1644,0.1643,0.1642,0.1641,0.164,0.1639,0.1649,0.165,0.1651,0.1652,0.1653,0.1654,0.1655,0.1656,0.1657,0.1658,196,100498,103983,170312,224066,49475,55508,139892,168975,197674,58424,168399,245220,199082,582208,44592,243333,22896,41260,37124
215,0.1646,0.1645,0.1644,0.1643,0.1642,0.1641,0.164,0.1639,0.1638,0.1637,0.1647,0.1648,0.1649,0.165,0.1651,0.1652,0.1653,0.1654,0.1655,0.1656,32983,96601,108743,103006,234434,240499,68371,184991,432009,35736,32315,83829,152578,188674,341603,87835,412430,39327,235127,7462
216,0.1645,0.1644,0.1643,0.1642,0.1641,0.164,0.1639,0.1638,0.1637,0.1636,0.1646,0.1647,0.1648,0.1649,0.165,0.1651,0.1652,0.1653,0.1654,0.1655,26363,99614,123410,180677,414494,79908,189283,465503,29281,60100,30699,92858,139337,221740,484771,146010,32961,253357,37363,230645
217,0.1644,0.1643,0.1642,0.1641,0.164,0.1639,0.1638,0.1637,0.1636,0.1635,0.1645,0.1646,0.1647,0.1648,0.1649,0.165,0.1651,0.1652,0.1653,0.1654,17584,67502,171967,283935,250860,219245,465230,28674,59767,123794,41479,77813,148696,180267,254701,285774,146231,24728,241417,22013
218,0.1644,0.1643,0.1642,0.1641,0.164,0.1639,0.1638,0.1637,0.1636,0.1635,0.1645,0.1646,0.1647,0.1648,0.1649,0.165,0.1651,0.1652,0.1653,0.1654,24346,67792,94832,168794,293783,334443,273588,28674,59767,319109,50841,110934,147410,154889,245595,288605,146325,22762,227747,22013
219,0.1644,0.1643,0.1642,0.1641,0.164,0.1639,0.1638,0.1637,0.1636,0.1635,0.1645,0.1646,0.1647,0.1648,0.1649,0.165,0.1651,0.1652,0.1653,0.1654,17455,81009,127331,158688,472042,52895,293433,28674,59767,319109,52103,83721,169579,157215,227178,288236,145035,22762,242927,6834
220,0.1644,0.1643,0.1642,0.1641,0.164,0.1639,0.1638,0.1637,0.1636,0.1635,0.1645,0.1646,0.1647,0.1648,0.1649,0.165,0.1651,0.1652,0.1653,0.1654,22931,86671,120490,155391,475664,55327,273588,28674,59767,305093,35310,93384,165414,197519,242124,236504,145035,22762,242927,6834
221,0.1646,0.1645,0.1644,0.1643,0.1642,0.1641,0.164,0.1639,0.1638,0.1637,0.1647,0.1648,0.1649,0.165,0.1651,0.1652,0.1653,0.1654,0.1655,0.1656,26538,94756,162848,195771,270231,145977,206425,30999,264882,19832,30715,104133,215500,366400,317898,33550,247801,37089,241417,37663
222,0.1648,0.1647,0.1646,0.1645,0.1644,0.1643,0.1642,0.1641,0.164,0.1639,0.1649,0.165,0.1651,0.1652,0.1653,0.1654,0.1655,0.1656,0.1657,0.1658,35066,116691,93337,114651,313707,143995,62622,130861,195342,12451,23367,151466,309952,303471,430780,15868,239356,37663,112063,22329
223,0.165,0.1649,0.1648,0.1647,0.1646,0.1645,0.1644,0.1643,0.1642,0.1641,0.1651,0.1652,0.1653,0.1654,0.1655,0.1656,0.1657,0.1658,0.1659,0.166,18467,93899,137519,151138,221611,47392,101076,123892,25786,131739,36584,120559,227023,163812,429130,218657,254350,30978,47215,21948
224,0.1649,0.1648,0.1647,0.1646,0.1645,0.1644,0.1643,0.1642,0.1641,0.164,0.165,0.1651,0.1652,0.1653,0.1654,0.1655,0.1656,0.1657,0.1658,0.1659,40413,148033,99378,171076,224346,91532,130865,160971,27187,183121,27414,73809,141554,219053,280538,255878,233307,250562,30706,32102
225,0.1649,0.1648,0.1647,0.1646,0.1645,0.1644,0.1643,0.1642,0.1641,0.164,0.165,0.1651,0.1652,0.1653,0.1654,0.1655,0.1656,0.1657,0.1658,0.1659,43315,114440,150697,197792,223292,108355,139677,160971,27350,198303,15955,73760,133002,217453,291306,268077,233307,242278,30706,32102
226,0.1648,0.1647,0.1646,0.1645,0.1644,0.1643,0.1642,0.1641,0.164,0.1639,0.1649,0.165,0.1651,0.1652,0.1653,0.1654,0.1655,0.1656,0.1657,0.1658,33352,95232,124399,163202,266876,134949,167145,26472,197698,94099,25032,73980,156322,231575,286483,101400,211346,225671,242278,31007
227,0.1648,0.1647,0.1646,0.1645,0.1644,0.1643,0.1642,0.1641,0.164,0.1639,0.1649,0.165,0.1651,0.1652,0.1653,0.1654,0.1655,0.1656,0.1657,0.1658,21867,101910,157159,160056,258163,242729,221102,26272,253033,99569,30966,78649,160111,234400,278700,99012,211346,225671,242006,15903
228,0.1648,0.1647,0.1646,0.1645,0.1644,0.1643,0.1642,0.1641,0.164,0.1639,0.1649,0.165,0.1651,0.1652,0.1653,0.1654,0.1655,0.1656,0.1657,0.1658,32139,106567,158933,176353,249625,242489,221102,26272,253033,99729,27643,71929,163713,213356,296046,99012,211346,225671,242006,7413
229,0.1648,0.1647,0.1646,0.1645,0.1644,0.1643,0.1642,0.1641,0.164,0.1639,0.1649,0.165,0.1651,0.1652,0.1653,0.1654,0.1655,0.1656,0.1657,0.1658,27794,100399,190115,252010,253239,134143,221102,26272,253232,114721,26309,69916,152108,233053,288972,99115,211346,225671,242205,22357
230,0.1647,0.1646,0.1645,0.1644,0.1643,0.1642,0.1641,0.164,0.1639,0.1638,0.1648,0.1649,0.165,0.1651,0.1652,0.1653,0.1654,0.1655,0.1656,0.1657,80661,82072,88419,150009,297235,225518,26471,253033,94099,244777,20439,59494,102661,186067,289880,113836,96583,210346,225870,228965
231,0.1649,0.1648,0.1647,0.1646,0.1645,0.1644,0.1643,0.1642,0.1641,0.164,0.165,0.1651,0.1652,0.1653,0.1654,0.1655,0.1656,0.1657,0.1658,0.1659,68582,209827,103096,123207,94386,160605,32683,212818,26878,262390,527,72460,144221,289468,272978,64016,232778,257092,22357,47235
232,0.1651,0.165,0.1649,0.1648,0.1647,0.1646,0.1645,0.1644,0.1643,0.1642,0.1652,0.1653,0.1654,0.1655,0.1656,0.1657,0.1658,0.1659,0.166,0.1661,38622,118859,116562,276460,244636,66837,138576,191244,218805,41769,21521,60541,151808,224599,198689,273892,236379,248304,42880,82895
233,0.1652,0.1651,0.165,0.1649,0.1648,0.1647,0.1646,0.1645,0.1644,0.1643,0.1653,0.1654,0.1655,0.1656,0.1657,0.1658,0.1659,0.166,0.1661,0.1662,22323,85726,177524,118408,332455,130308,70448,138576,190972,218563,36930,138037,212754,172240,379374,239686,256645,42899,96520,25139
234,0.1651,0.165,0.1649,0.1648,0.1647,0.1646,0.1645,0.1644,0.1643,0.1642,0.1652,0.1653,0.1654,0.1655,0.1656,0.1657,0.1658,0.1659,0.166,0.1661,12753,113654,133582,255082,247179,69478,141008,191135,233564,42041,35911,88836,161544,269313,250321,209516,235314,258604,42899,26020
235,0.1649,0.1648,0.1647,0.1646,0.1645,0.1644,0.1643,0.1642,0.1641,0.164,0.165,0.1651,0.1652,0.1653,0.1654,0.1655,0.1656,0.1657,0.1658,0.1659,20499,110455,203293,273929,260851,59392,182803,41164,458770,46106,47152,104494,205127,200916,388966,374252,30020,46107,23575,233188
236,0.1648,0.1647,0.1646,0.1645,0.1644,0.1643,0.1642,0.1641,0.164,0.1639,0.1649,0.165,0.1651,0.1652,0.1653,0.1654,0.1655,0.1656,0.1657,0.1658,21074,139381,215037,244764,226158,187624,45451,434586,44853,106621,46812,111035,130341,195286,247330,220382,366285,30982,42284,8432
237,0.1646,0.1645,0.1644,0.1643,0.1642,0.1641,0.164,0.1639,0.1638,0.1637,0.1647,0.1648,0.1649,0.165,0.1651,0.1652,0.1653,0.1654,0.1655,0.1656,63181,123500,291471,152154,381628,238653,75323,301938,54782,48251,34461,83336,119148,151009,259357,51991,107016,213499,358432,13419
238,0.1646,0.1645,0.1644,0.1643,0.1642,0.1641,0.164,0.1639,0.1638,0.1637,0.1647,0.1648,0.1649,0.165,0.1651,0.1652,0.1653,0.1654,0.1655,0.1656,44302,162167,221907,136357,486381,238653,64911,286399,54449,48251,21309,90536,129497,146616,259814,50506,107340,213227,354718,13419
239,0.1647,0.1646,0.1645,0.1644,0.1643,0.1642,0.1641,0.164,0.1639,0.1638,0.1648,0.1649,0.165,0.1651,0.1652,0.1653,0.1654,0.1655,0.1656,0.1657,32540,108702,154714,239713,264480,331861,234235,64638,294929,24532,39382,101571,120628,176558,218715,107939,213227,354718,13419,52329
240,0.1645,0.1644,0.1643,0.1642,0.1641,0.164,0.1639,0.1638,0.1637,0.1636,0.1646,0.1647,0.1648,0.1649,0.165,0.1651,0.1652,0.1653,0.1654,0.1655,71572,97753,160294,250463,197622,214945,240095,23925,250581,51080,21851,99632,118691,165024,236444,69961,36125,107212,212954,337648
241,0.1646,0.1645,0.1644,0.1643,0.1642,0.1641,0.164,0.1639,0.1638,0.1637,0.1647,0.1648,0.1649,0.165,0.1651,0.1652,0.1653,0.1654,0.1655,0.1656,60953,92656,77918,128756,298370,140826,210524,240095,23925,250581,6205,78016,140826,171821,290696,40948,53933,212954,527989,28854
242,0.1646,0.1645,0.1644,0.1643,0.1642,0.1641,0.164,0.1639,0.1638,0.1637,0.1647,0.1648,0.1649,0.165,0.1651,0.1652,0.1653,0.1654,0.1655,0.1656,42567,138911,244530,252632,386695,43822,60239,240095,24532,250581,22564,94458,244204,208625,292712,195480,56180,37429,433282,22897
243,0.1646,0.1645,0.1644,0.1643,0.1642,0.1641,0.164,0.1639,0.1638,0.1637,0.1647,0.1648,0.1649,0.165,0.1651,0.1652,0.1653,0.1654,0.1655,0.1656,33772,103724,168119,243985,385394,44888,210687,240095,23652,250854,23217,88520,212830,251182,275666,399728,54581,37429,250291,7462
244,0.1646,0.1645,0.1644,0.1643,0.1642,0.1641,0.164,0.1639,0.1638,0.1637,0.1647,0.1648,0.1649,0.165,0.1651,0.1652,0.1653,0.1654,0.1655,0.1656,32254,156137,134078,290705,336006,36518,210251,235196,39742,220039,24641,78845,220708,258759,282723,399129,56179,37429,242536,7462
245,0.1645,0.1644,0.1643,0.1642,0.1641,0.164,0.1639,0.1638,0.1637,0.1636,0.1646,0.1647,0.1648,0.1649,0.165,0.1651,0.1652,0.1653,0.1654,0.1655,153524,133290,214759,117266,36968,332021,235196,38862,235522,51080,96,84931,178209,217350,166442,107992,396628,55179,33184,227375
246,0.1645,0.1644,0.1643,0.1642,0.1641,0.164,0.1639,0.1638,0.1637,0.1636,0.1646,0.1647,0.1648,0.1649,0.165,0.1651,0.1652,0.1653,0.1654,0.1655,36318,143947,214875,134704,317044,231885,239126,38862,229080,35841,36656,110067,160803,282476,282823,54248,396628,54854,34874,225413
247,0.1644,0.1643,0.1642,0.1641,0.164,0.1639,0.1638,0.1637,0.1636,0.1635,0.1645,0.1646,0.1647,0.1648,0.1649,0.165,0.1651,0.1652,0.1653,0.1654,22376,116608,216605,155492,466287,248766,39135,228200,65764,110566,44063,107617,158368,166826,343377,260690,56919,234271,42592,33418
248,0.1645,0.1644,0.1643,0.1642,0.1641,0.164,0.1639,0.1638,0.1637,0.1636,0.1646,0.1647,0.1648,0.1649,0.165,0.1651,0.1652,0.1653,0.1654,0.1655,9262,71631,140683,259732,274262,168289,391119,39135,228200,51069,52357,130492,159126,285351,432235,56919,240634,42592,33418,233250
249,0.1644,0.1643,0.1642,0.1641,0.164,0.1639,0.1638,0.1637,0.1636,0.1635,0.1645,0.1646,0.1647,0.1648,0.1649,0.165,0.1651,0.1652,0.1653,0.1654,26534,113301,200128,145034,228172,43410,43561,25870,50461,73693,42052,93388,169358,168717,331727,266043,57192,233998,26272,33691
250,0.1644,0.1643,0.1642,0.1641,0.164,0.1639,0.1638,0.1637,0.1636,0.1635,0.1645,0.1646,0.1647,0.1648,0.1649,0.165,0.1651,0.1652,0.1653,0.1654,32245,133858,154214,147324,232177,46366,43561,25870,36114,88649,21376,71932,153635,190266,312016,78328,108952,398278,26272,33691
251,0.1644,0.1643,0.1642,0.1641,0.164,0.1639,0.1638,0.1637,0.1636,0.1635,0.1645,0.1646,0.1647,0.1648,0.1649,0.165,0.1651,0.1652,0.1653,0.1654,39149,134458,192752,166999,228553,43562,43561,25870,36114,88649,19573,73706,171412,237836,460974,80684,108952,240634,27193,33691
252,0.1645,0.1644,0.1643,0.1642,0.1641,0.164,0.1639,0.1638,0.1637,0.1636,0.1646,0.1647,0.1648,0.1649,0.165,0.1651,0.1652,0.1653,0.1654,0.1655,35743,98220,148641,267107,335267,59624,186765,244009,31000,238444,29568,95559,190543,291111,264272,213964,242233,61118,31455,225225
253,0.1645,0.1644,0.1643,0.1642,0.1641,0.164,0.1639,0.1638,0.1637,0.1636,0.1646,0.1647,0.1648,0.1649,0.165,0.1651,0.1652,0.1653,0.1654,0.1655,10194,97461,131154,216848,339359,65605,184784,244009,27675,238444,51714,138320,190475,231428,213109,213964,241233,54712,19757,239645
254,0.1647,0.1646,0.1645,0.1644,0.1643,0.1642,0.1641,0.164,0.1639,0.1638,0.1648,0.1649,0.165,0.1651,0.1652,0.1653,0.1654,0.1655,0.1656,0.1657,12536,82557,143851,131663,254322,102255,137255,58524,184677,228799,66189,147296,259932,317827,418394,66158,43313,219597,34916,116187
255,0.1645,0.1644,0.1643,0.1642,0.1641,0.164,0.1639,0.1638,0.1637,0.1636,0.1646,0.1647,0.1648,0.1649,0.165,0.1651,0.1652,0.1653,0.1654,0.1655,22991,122655,199517,225307,308380,241138,39089,259307,27948,238171,30008,108117,218894,238576,271081,208231,245329,60442,24999,239577
256,0.1645,0.1644,0.1643,0.1642,0.1641,0.164,0.1639,0.1638,0.1637,0.1636,0.1646,0.1647,0.1648,0.1649,0.165,0.1651,0.1652,0.1653,0.1654,0.1655,18315,79497,168565,220991,276228,167988,189101,259580,27948,242689,51632,131830,244401,229909,266209,214988,243714,59844,16794,239577
257,0.1644,0.1643,0.1642,0.1641,0.164,0.1639,0.1638,0.1637,0.1636,0.1635,0.1645,0.1646,0.1647,0.1648,0.1649,0.165,0.1651,0.1652,0.1653,0.1654,28414,122893,221740,186279,333137,199221,259743,27675,242962,86723,31687,101932,148909,229765,325667,95342,214988,245679,57607,17067
258,0.1642,0.1641,0.164,0.1639,0.1638,0.1637,0.1636,0.1635,0.1634,0.1633,0.1643,0.1644,0.1645,0.1646,0.1647,0.1648,0.1649,0.165,0.1651,0.1652,34181,106955,145058,187141,220806,35402,48392,65054,74354,36018,46406,87421,160175,158995,245255,100763,130166,85341,196134,240935
259,0.1641,0.164,0.1639,0.1638,0.1637,0.1636,0.1635,0.1634,0.1633,0.1632,0.1642,0.1643,0.1644,0.1645,0.1646,0.1647,0.1648,0.1649,0.165,0.1651,30194,117584,160100,171020,208720,86060,58146,74123,29630,34256,39982,88037,113092,131555,59527,60455,98660,325003,87341,386595
260,0.1641,0.164,0.1639,0.1638,0.1637,0.1636,0.1635,0.1634,0.1633,0.1632,0.1642,0.1643,0.1644,0.1645,0.1646,0.1647,0.1648,0.1649,0.165,0.1651,60815,112824,167745,152774,363607,200550,263293,74123,231960,34256,25130,82560,125034,151302,234176,112816,255703,279644,85245,234328
261,0.1641,0.164,0.1639,0.1638,0.1637,0.1636,0.1635,0.1634,0.1633,0.1632,0.1642,0.1643,0.1644,0.1645,0.1646,0.1647,0.1648,0.1649,0.165,0.1651,21008,111206,172292,198889,363607,210495,263293,74123,231960,34256,55794,104090,120629,166993,266822,61057,255703,273244,85245,254394
262,0.1641,0.164,0.1639,0.1638,0.1637,0.1636,0.1635,0.1634,0.1633,0.1632,0.1642,0.1643,0.1644,0.1645,0.1646,0.1647,0.1648,0.1649,0.165,0.1651,30160,112262,175332,198891,363607,203253,263293,74123,231960,34256,30942,97363,117749,168820,266822,61057,255703,273244,85245,254394
263,0.1641,0.164,0.1639,0.1638,0.1637,0.1636,0.1635,0.1634,0.1633,0.1632,0.1642,0.1643,0.1644,0.1645,0.1646,0.1647,0.1648,0.1649,0.165,0.1651,41350,119297,158166,203462,355395,203239,254740,75870,231290,34194,17252,90221,153422,171940,260453,52565,249565,273183,85184,254333
264,0.1639,0.1638,0.1637,0.1636,0.1635,0.1634,0.1633,0.1632,0.1631,0.163,0.164,0.1641,0.1642,0.1643,0.1644,0.1645,0.1646,0.1647,0.1648,0.1649,10578,71313,182198,142106,203105,220966,234359,38136,34490,60641,46394,122555,162227,162742,225691,54874,87793,46615,236089,244879
265,0.1637,0.1636,0.1635,0.1634,0.1633,0.1632,0.1631,0.163,0.1629,0.1628,0.1638,0.1639,0.164,0.1641,0.1642,0.1643,0.1644,0.1645,0.1646,0.1647,33452,106107,102772,118443,252272,53093,147995,63644,459115,18975,11301,88262,140807,157891,270650,51244,44568,60167,82480,37943
266,0.1638,0.1637,0.1636,0.1635,0.1634,0.1633,0.1632,0.1631,0.163,0.1629,0.1639,0.164,0.1641,0.1642,0.1643,0.1644,0.1645,0.1646,0.1647,0.1648,15485,83702,161481,306897,224241,49014,101621,40786,198267,459067,24876,74003,193314,188654,238312,49132,219916,308517,252144,53318
267,0.164,0.1639,0.1638,0.1637,0.1636,0.1635,0.1634,0.1633,0.1632,0.1631,0.1641,0.1642,0.1643,0.1644,0.1645,0.1646,0.1647,0.1648,0.1649,0.165,16094,39884,95842,132631,141044,151557,148230,33336,100820,41669,56230,170144,167261,129660,225758,314034,250325,53318,59738,34561
268,0.164,0.1639,0.1638,0.1637,0.1636,0.1635,0.1634,0.1633,0.1632,0.1631,0.1641,0.1642,0.1643,0.1644,0.1645,0.1646,0.1647,0.1648,0.1649,0.165,16881,58450,118009,204774,243590,259433,198048,28665,53443,220530,33365,149605,160202,192539,383427,318342,250325,47594,59738,34561
269,0.1639,0.1638,0.1637,0.1636,0.1635,0.1634,0.1633,0.1632,0.1631,0.163,0.164,0.1641,0.1642,0.1643,0.1644,0.1645,0.1646,0.1647,0.1648,0.1649,21485,89168,116446,159787,474096,202962,32469,68775,231689,33580,25864,110247,179394,222040,214793,268594,261879,245836,33891,46144
270,0.164,0.1639,0.1638,0.1637,0.1636,0.1635,0.1634,0.1633,0.1632,0.1631,0.1641,0.1642,0.1643,0.1644,0.1645,0.1646,0.1647,0.1648,0.1649,0.165,21586,87046,120241,162899,229803,245943,182447,15559,35886,222064,18020,134607,192471,180357,433740,230915,236965,33891,32167,7555
271,0.1641,0.164,0.1639,0.1638,0.1637,0.1636,0.1635,0.1634,0.1633,0.1632,0.1642,0.1643,0.1644,0.1645,0.1646,0.1647,0.1648,0.1649,0.165,0.1651,35937,107042,70566,95703,263708,57232,131712,287110,14456,35886,8804,124909,266851,322784,423595,45768,38183,226187,16266,26947
272,0.1643,0.1642,0.1641,0.164,0.1639,0.1638,0.1637,0.1636,0.1635,0.1634,0.1644,0.1645,0.1646,0.1647,0.1648,0.1649,0.165,0.1651,0.1652,0.1653,17329,78197,86052,163731,213583,101204,24388,38764,136581,281761,39306,222794,109778,230367,563733,34370,21451,235319,9116,162331
273,0.1641,0.164,0.1639,0.1638,0.1637,0.1636,0.1635,0.1634,0.1633,0.1632,0.1642,0.1643,0.1644,0.1645,0.1646,0.1647,0.1648,0.1649,0.165,0.1651,23305,99363,133942,138933,267014,42457,247418,176900,13682,27189,22838,102942,207881,263414,204363,43123,392443,32949,17482,235319
274,0.164,0.1639,0.1638,0.1637,0.1636,0.1635,0.1634,0.1633,0.1632,0.1631,0.1641,0.1642,0.1643,0.1644,0.1645,0.1646,0.1647,0.1648,0.1649,0.165,19676,43022,80885,141166,167109,374537,41379,13884,270664,59392,79759,114701,142445,138407,183750,22078,397542,35282,223297,13067
275,0.164,0.1639,0.1638,0.1637,0.1636,0.1635,0.1634,0.1633,0.1632,0.1631,0.1641,0.1642,0.1643,0.1644,0.1645,0.1646,0.1647,0.1648,0.1649,0.165,36304,157508,91690,44357,400423,304335,31442,13610,270664,59392,44171,84421,124765,204494,360190,28916,397542,27041,223023,13067
276,0.164,0.1639,0.1638,0.1637,0.1636,0.1635,0.1634,0.1633,0.1632,0.1631,0.1641,0.1642,0.1643,0.1644,0.1645,0.1646,0.1647,0.1648,0.1649,0.165,27887,126478,210122,55328,379391,218884,31442,13610,270664,59392,48507,107943,120783,203107,350626,26431,397816,26768,223023,4630
277,0.1639,0.1638,0.1637,0.1636,0.1635,0.1634,0.1633,0.1632,0.1631,0.163,0.164,0.1641,0.1642,0.1643,0.1644,0.1645,0.1646,0.1647,0.1648,0.1649,26829,43315,249320,221237,199737,209532,28912,262346,50528,252930,52520,104016,143045,165921,416087,170382,35481,267513,54082,223023
278,0.1638,0.1637,0.1636,0.1635,0.1634,0.1633,0.1632,0.1631,0.163,0.1629,0.1639,0.164,0.1641,0.1642,0.1643,0.1644,0.1645,0.1646,0.1647,0.1648,25000,24013,276756,149049,260095,44731,262620,50254,256884,41441,63115,97768,99000,116142,62121,247649,168240,41839,253609,49009
279,0.1638,0.1637,0.1636,0.1635,0.1634,0.1633,0.1632,0.1631,0.163,0.1629,0.1639,0.164,0.1641,0.1642,0.1643,0.1644,0.1645,0.1646,0.1647,0.1648,32177,81325,290109,86466,369812,35750,264336,50531,237112,71850,30930,68258,111812,152817,318372,251453,167967,41840,267515,49008
280,0.1638,0.1637,0.1636,0.1635,0.1634,0.1633,0.1632,0.1631,0.163,0.1629,0.1639,0.164,0.1641,0.1642,0.1643,0.1644,0.1645,0.1646,0.1647,0.1648,43076,123547,306788,86466,373330,35667,268018,56051,237112,71850,27516,78549,106969,142402,234159,253846,167967,41840,267515,48734
281,0.1639,0.1638,0.1637,0.1636,0.1635,0.1634,0.1633,0.1632,0.1631,0.163,0.164,0.1641,0.1642,0.1643,0.1644,0.1645,0.1646,0.1647,0.1648,0.1649,29709,53715,139333,181093,352750,222033,25787,261776,53126,234187,38437,74583,134142,172278,437009,170580,41840,267515,35031,236726
282,0.1639,0.1638,0.1637,0.1636,0.1635,0.1634,0.1633,0.1632,0.1631,0.163,0.164,0.1641,0.1642,0.1643,0.1644,0.1645,0.1646,0.1647,0.1648,0.1649,23170,40783,134779,180034,352750,218092,32213,259789,53126,234187,44437,124086,219225,181467,417085,58554,41840,267515,35031,236726
283,0.1638,0.1637,0.1636,0.1635,0.1634,0.1633,0.1632,0.1631,0.163,0.1629,0.1639,0.164,0.1641,0.1642,0.1643,0.1644,0.1645,0.1646,0.1647,0.1648,33878,72566,207959,188933,366840,37651,260063,52852,234461,68987,38044,83715,169969,263271,225413,447638,54606,34482,63682,35305
284,0.1638,0.1637,0.1636,0.1635,0.1634,0.1633,0.1632,0.1631,0.163,0.1629,0.1639,0.164,0.1641,0.1642,0.1643,0.1644,0.1645,0.1646,0.1647,0.1648,36429,68596,193349,188933,363203,37207,266219,52852,249501,69261,25586,100414,170802,314419,225434,397852,52634,34482,63682,35305
285,0.1638,0.1637,0.1636,0.1635,0.1634,0.1633,0.1632,0.1631,0.163,0.1629,0.1639,0.164,0.1641,0.1642,0.1643,0.1644,0.1645,0.1646,0.1647,0.1648,48310,129685,191637,188933,359719,39102,261776,47332,249501,69261,20084,83902,171512,314835,225492,397852,52634,34482,63682,35305
286,0.1639,0.1638,0.1637,0.1636,0.1635,0.1634,0.1633,0.1632,0.1631,0.163,0.164,0.1641,0.1642,0.1643,0.1644,0.1645,0.1646,0.1647,0.1648,0.1649,42236,94091,133512,179433,355784,198016,32487,259789,47606,234187,24699,132411,280122,268202,565948,57100,34482,63682,35305,236673
287,0.1639,0.1638,0.1637,0.1636,0.1635,0.1634,0.1633,0.1632,0.1631,0.163,0.164,0.1641,0.1642,0.1643,0.1644,0.1645,0.1646,0.1647,0.1648,0.1649,27913,91563,137683,177257,355784,200532,32852,259424,32228,249462,31263,157525,266085,252035,567558,56826,34482,63956,35305,236673
288,0.1639,0.1638,0.1637,0.1636,0.1635,0.1634,0.1633,0.1632,0.1631,0.163,0.164,0.1641,0.1642,0.1643,0.1644,0.1645,0.1646,0.1647,0.1648,0.1649,13627,85985,198763,247232,278981,200532,32852,259424,32228,249462,29464,157509,243416,252098,567558,56826,34482,63956,35305,236673
289,0.1638,0.1637,0.1636,0.1635,0.1634,0.1633,0.1632,0.1631,0.163,0.1629,0.1639,0.164,0.1641,0.1642,0.1643,0.1644,0.1645,0.1646,0.1647,0.1648,36428,36108,179183,244176,359789,50541,270299,31954,249462,69261,52955,93256,132293,281838,267364,387049,45776,25652,54852,49008
290,0.1639,0.1638,0.1637,0.1636,0.1635,0.1634,0.1633,0.1632,0.1631,0.163,0.164,0.1641,0.1642,0.1643,0.1644,0.1645,0.1646,0.1647,0.1648,0.1649,14537,69810,146993,149987,415107,198608,46479,261685,31954,234461,22413,134887,253492,244395,568017,46293,25652,54852,49008,222970
291,0.1639,0.1638,0.1637,0.1636,0.1635,0.1634,0.1633,0.1632,0.1631,0.163,0.164,0.1641,0.1642,0.1643,0.1644,0.1645,0.1646,0.1647,0.1648,0.1649,24329,109914,109480,162111,410015,208180,41693,259588,17288,249736,18750,133257,258146,191490,197838,48265,386855,62923,49008,222970
292,0.1639,0.1638,0.1637,0.1636,0.1635,0.1634,0.1633,0.1632,0.1631,0.163,0.164,0.1641,0.1642,0.1643,0.1644,0.1645,0.1646,0.1647,0.1648,0.1649,19106,79728,104905,167671,420528,195109,36054,259588,31954,249958,12938,164193,205829,176501,208641,48265,386855,62923,49008,222970
293,0.1639,0.1638,0.1637,0.1636,0.1635,0.1634,0.1633,0.1632,0.1631,0.163,0.164,0.1641,0.1642,0.1643,0.1644,0.1645,0.1646,0.1647,0.1648,0.1649,11348,107573,59388,169991,238691,204354,186066,259588,31954,249958,28615,126969,173505,229024,225910,45502,386855,63197,48734,222970
294,0.1639,0.1638,0.1637,0.1636,0.1635,0.1634,0.1633,0.1632,0.1631,0.163,0.164,0.1641,0.1642,0.1643,0.1644,0.1645,0.1646,0.1647,0.1648,0.1649,39508,133391,97603,201005,254552,146920,186066,265561,32563,249958,133,96190,199548,430275,235418,52473,229211,63197,48734,236673
295,0.1639,0.1638,0.1637,0.1636,0.1635,0.1634,0.1633,0.1632,0.1631,0.163,0.164,0.1641,0.1642,0.1643,0.1644,0.1645,0.1646,0.1647,0.1648,0.1649,31290,91030,110755,183776,234904,149658,186066,265561,17562,249462,11137,98117,211712,443478,207346,49578,229211,63197,48734,236673
296,0.1638,0.1637,0.1636,0.1635,0.1634,0.1633,0.1632,0.1631,0.163,0.1629,0.1639,0.164,0.1641,0.1642,0.1643,0.1644,0.1645,0.1646,0.1647,0.1648,28410,49089,186701,142221,329381,203078,269678,31987,249462,69261,10811,78828,128451,231565,524243,25895,45776,229211,54852,35305
297,0.1638,0.1637,0.1636,0.1635,0.1634,0.1633,0.1632,0.1631,0.163,0.1629,0.1639,0.164,0.1641,0.1642,0.1643,0.1644,0.1645,0.1646,0.1647,0.1648,7654,20534,129485,197735,165928,195709,271501,31987,249462,69261,38238,80155,84466,218930,355070,24091,42804,229211,41220,49016
298,0.1638,0.1637,0.1636,0.1635,0.1634,0.1633,0.1632,0.1631,0.163,0.1629,0.1639,0.164,0.1641,0.1642,0.1643,0.1644,0.1645,0.1646,0.1647,0.1648,12235,49533,125649,188287,330562,190845,271501,32151,249462,69261,15522,94412,102338,212432,530953,26578,42804,237927,41220,49016
299,0.1638,0.1637,0.1636,0.1635,0.1634,0.1633,0.1632,0.1631,0.163,0.1629,0.1639,0.164,0.1641,0.1642,0.1643,0.1644,0.1645,0.1646,0.1647,0.1648,24445,53285,107619,183975,216594,28363,64828,32151,47132,69261,1223,71827,109605,191036,347975,29446,42804,34368,41220,49016
300,0.1638,0.1637,0.1636,0.1635,0.1634,0.1633,0.1632,0.1631,0.163,0.1629,0.1639,0.164,0.1641,0.1642,0.1643,0.1644,0.1645,0.1646,0.1647,0.1648,25208,55525,134072,244157,216473,199304,265331,31987,249462,69261,1184,65971,129639,210052,326421,233005,42804,234849,41220,49016
301,0.1639,0.1638,0.1637,0.1636,0.1635,0.1634,0.1633,0.1632,0.1631,0.163,0.164,0.1641,0.1642,0.1643,0.1644,0.1645,0.1646,0.1647,0.1648,0.1649,13871,46817,92117,125932,334847,145412,189053,262530,32090,239034,22465,98749,224840,443577,401936,45319,239443,41220,49095,36192
302,0.1639,0.1638,0.1637,0.1636,0.1635,0.1634,0.1633,0.1632,0.1631,0.163,0.164,0.1641,0.1642,0.1643,0.1644,0.1645,0.1646,0.1647,0.1648,0.1649,17942,46817,86826,128172,325259,145412,189053,266187,32300,238870,14849,110033,224011,445406,399963,47291,239443,41220,49095,36192
303,0.1639,0.1638,0.1637,0.1636,0.1635,0.1634,0.1633,0.1632,0.1631,0.163,0.164,0.1641,0.1642,0.1643,0.1644,0.1645,0.1646,0.1647,0.1648,0.1649,19699,47517,129817,151939,315919,145412,191039,260543,32136,238669,12046,122341,216513,453071,399963,47291,230727,41220,49095,36192
304,0.1639,0.1638,0.1637,0.1636,0.1635,0.1634,0.1633,0.1632,0.1631,0.163,0.164,0.1641,0.1642,0.1643,0.1644,0.1645,0.1646,0.1647,0.1648,0.1649,28155,94851,95846,171439,307669,145238,188463,260634,24268,253944,3444,65155,240456,437404,439828,49612,238685,41494,40753,48788
305,0.164,0.1639,0.1638,0.1637,0.1636,0.1635,0.1634,0.1633,0.1632,0.1631,0.1641,0.1642,0.1643,0.1644,0.1645,0.1646,0.1647,0.1648,0.1649,0.165,17936,42073,88225,215887,239657,87902,204604,25787,60179,24268,15346,112767,236580,339331,418135,38478,41494,40479,48788,4630
306,0.164,0.1639,0.1638,0.1637,0.1636,0.1635,0.1634,0.1633,0.1632,0.1631,0.1641,0.1642,0.1643,0.1644,0.1645,0.1646,0.1647,0.1648,0.1649,0.165,19046,46525,106079,212989,253438,74172,305072,231779,60453,232618,13950,100030,272597,382898,429711,38801,246569,40479,48788,4630
307,0.164,0.1639,0.1638,0.1637,0.1636,0.1635,0.1634,0.1633,0.1632,0.1631,0.1641,0.1642,0.1643,0.1644,0.1645,0.1646,0.1647,0.1648,0.1649,0.165,16589,55668,130228,203704,234850,31514,313808,231943,63896,232618,16530,118323,253259,371426,438952,38752,246569,40479,48788,4630
308,0.164,0.1639,0.1638,0.1637,0.1636,0.1635,0.1634,0.1633,0.1632,0.1631,0.1641,0.1642,0.1643,0.1644,0.1645,0.1646,0.1647,0.1648,0.1649,0.165,22021,55023,192555,138073,234579,44704,310520,240636,48674,232892,15606,78568,254883,399437,422143,38752,246569,40479,57284,4630
309,0.164,0.1639,0.1638,0.1637,0.1636,0.1635,0.1634,0.1633,0.1632,0.1631,0.1641,0.1642,0.1643,0.1644,0.1645,0.1646,0.1647,0.1648,0.1649,0.165,10592,41486,204589,131871,346639,45254,223836,240636,48065,232892,11923,78526,254886,390233,423264,30242,246569,40479,44688,4630
310,0.164,0.1639,0.1638,0.1637,0.1636,0.1635,0.1634,0.1633,0.1632,0.1631,0.1641,0.1642,0.1643,0.1644,0.1645,0.1646,0.1647,0.1648,0.1649,0.165,19336,59713,224137,108039,337333,33754,207214,240636,42802,234429,15592,64486,288237,365979,441720,30516,246569,40479,44688,4630
311,0.164,0.1639,0.1638,0.1637,0.1636,0.1635,0.1634,0.1633,0.1632,0.1631,0.1641,0.1642,0.1643,0.1644,0.1645,0.1646,0.1647,0.1648,0.1649,0.165,48564,99133,150332,108039,175119,27602,207214,240636,43411,234429,1915,45261,179086,461096,275232,33294,246569,40479,44688,4630
312,0.164,0.1639,0.1638,0.1637,0.1636,0.1635,0.1634,0.1633,0.1632,0.1631,0.1641,0.1642,0.1643,0.1644,0.1645,0.1646,0.1647,0.1648,0.1649,0.165,13112,102958,175632,88925,353126,29873,207488,240636,43411,232618,14617,73534,196572,446662,422268,30516,246569,40479,44688,18325
313,0.1639,0.1638,0.1637,0.1636,0.1635,0.1634,0.1633,0.1632,0.1631,0.163,0.164,0.1641,0.1642,0.1643,0.1644,0.1645,0.1646,0.1647,0.1648,0.1649,5749,55260,125113,199285,205544,59665,404998,42522,232892,28854,13846,74897,109014,226722,241422,46654,181008,451516,40479,44688
314,0.1638,0.1637,0.1636,0.1635,0.1634,0.1633,0.1632,0.1631,0.163,0.1629,0.1639,0.164,0.1641,0.1642,0.1643,0.1644,0.1645,0.1646,0.1647,0.1648,18299,42880,101004,141446,294646,310842,249788,23385,52579,246163,20175,70340,132067,212337,372601,62424,46385,25652,437531,40755
315,0.1638,0.1637,0.1636,0.1635,0.1634,0.1633,0.1632,0.1631,0.163,0.1629,0.1639,0.164,0.1641,0.1642,0.1643,0.1644,0.1645,0.1646,0.1647,0.1648,38438,65309,93566,202169,229421,301613,251775,23385,52853,245889,28913,90150,168374,243304,391023,64671,42804,25652,437531,40755
316,0.1637,0.1636,0.1635,0.1634,0.1633,0.1632,0.1631,0.163,0.1629,0.1628,0.1638,0.1639,0.164,0.1641,0.1642,0.1643,0.1644,0.1645,0.1646,0.1647,74114,103101,137833,115675,475935,260370,23385,52579,250915,26748,10136,90281,128989,151382,291886,245931,60222,44776,25652,451242
317,0.1638,0.1637,0.1636,0.1635,0.1634,0.1633,0.1632,0.1631,0.163,0.1629,0.1639,0.164,0.1641,0.1642,0.1643,0.1644,0.1645,0.1646,0.1647,0.1648,18934,96796,106347,206790,337682,190482,250775,23385,53463,250633,31105,99451,134592,277407,412069,267391,45050,25652,246295,40753
318,0.1638,0.1637,0.1636,0.1635,0.1634,0.1633,0.1632,0.1631,0.163,0.1629,0.1639,0.164,0.1641,0.1642,0.1643,0.1644,0.1645,0.1646,0.1647,0.1648,23680,91860,109437,306146,237809,201358,248514,23385,53463,235348,23767,66115,174278,264230,447222,251951,37725,25652,248264,26042
319,0.1638,0.1637,0.1636,0.1635,0.1634,0.1633,0.1632,0.1631,0.163,0.1629,0.1639,0.164,0.1641,0.1642,0.1643,0.1644,0.1645,0.1646,0.1647,0.1648,29052,99781,98158,306270,232316,200452,248514,23385,53463,235348,35032,71538,154267,263639,452090,246056,37725,25652,248264,27042
320,0.1637,0.1636,0.1635,0.1634,0.1633,0.1632,0.1631,0.163,0.1629,0.1628,0.1638,0.1639,0.164,0.1641,0.1642,0.1643,0.1644,0.1645,0.1646,0.1647,22473,98245,138638,221186,374373,258292,32551,43911,235622,11454,26549,77119,154165,213634,267792,228701,243067,36725,36429,232584
321,0.1637,0.1636,0.1635,0.1634,0.1633,0.1632,0.1631,0.163,0.1629,0.1628,0.1638,0.1639,0.164,0.1641,0.1642,0.1643,0.1644,0.1645,0.1646,0.1647,9139,62772,182048,215650,372303,261015,36765,43911,230261,11160,28781,126769,141817,204010,267177,224888,227565,36725,36429,252723
322,0.1637,0.1636,0.1635,0.1634,0.1633,0.1632,0.1631,0.163,0.1629,0.1628,0.1638,0.1639,0.164,0.1641,0.1642,0.1643,0.1644,0.1645,0.1646,0.1647,18694,56330,120655,229267,336683,225807,36765,249903,266537,26463,22165,97119,161315,221186,266212,227474,234158,36451,37743,234667
323,0.1637,0.1636,0.1635,0.1634,0.1633,0.1632,0.1631,0.163,0.1629,0.1628,0.1638,0.1639,0.164,0.1641,0.1642,0.1643,0.1644,0.1645,0.1646,0.1647,6345,46269,82529,223522,56569,158142,200068,271317,287452,78053,31891,113722,113845,203065,319270,227287,234220,36787,37805,248449
324,0.1636,0.1635,0.1634,0.1633,0.1632,0.1631,0.163,0.1629,0.1628,0.1627,0.1637,0.1638,0.1639,0.164,0.1641,0.1642,0.1643,0.1644,0.1645,0.1646,28295,114374,156186,120153,324920,215074,245554,266600,65171,91334,12913,69185,148590,177269,290750,94038,225033,234220,36513,24401
325,0.1637,0.1636,0.1635,0.1634,0.1633,0.1632,0.1631,0.163,0.1629,0.1628,0.1638,0.1639,0.164,0.1641,0.1642,0.1643,0.1644,0.1645,0.1646,0.1647,32462,86217,74835,156990,273646,183482,197256,245554,235968,26525,1430,85747,139340,243171,278230,245341,234220,36513,22117,248449
326,0.1637,0.1636,0.1635,0.1634,0.1633,0.1632,0.1631,0.163,0.1629,0.1628,0.1638,0.1639,0.164,0.1641,0.1642,0.1643,0.1644,0.1645,0.1646,0.1647,6113,40331,126072,207622,164393,68349,197256,245554,235968,26525,31995,124662,99639,168238,128287,224701,235220,36787,51176,234729
327,0.1636,0.1635,0.1634,0.1633,0.1632,0.1631,0.163,0.1629,0.1628,0.1627,0.1637,0.1638,0.1639,0.164,0.1641,0.1642,0.1643,0.1644,0.1645,0.1646,9336,48826,141578,105081,370734,209618,245828,260768,29064,30348,28985,112320,131817,209988,265113,51953,226465,226627,39663,37497
328,0.1636,0.1635,0.1634,0.1633,0.1632,0.1631,0.163,0.1629,0.1628,0.1627,0.1637,0.1638,0.1639,0.164,0.1641,0.1642,0.1643,0.1644,0.1645,0.1646,55368,50497,124346,170030,268172,302662,250087,55294,29338,39027,19319,136109,251460,413722,479972,32029,56026,38534,28424,29004
329,0.1637,0.1636,0.1635,0.1634,0.1633,0.1632,0.1631,0.163,0.1629,0.1628,0.1638,0.1639,0.164,0.1641,0.1642,0.1643,0.1644,0.1645,0.1646,0.1647,11378,60082,65127,103287,482164,56933,201557,245639,55294,29949,43310,153440,190646,275204,354666,264610,38534,28424,29004,265208
330,0.1637,0.1636,0.1635,0.1634,0.1633,0.1632,0.1631,0.163,0.1629,0.1628,0.1638,0.1639,0.164,0.1641,0.1642,0.1643,0.1644,0.1645,0.1646,0.1647,25431,87934,68782,141237,480108,76703,188126,254594,61270,29949,15982,95849,167690,351308,366911,267100,41086,26453,29004,267177
331,0.1637,0.1636,0.1635,0.1634,0.1633,0.1632,0.1631,0.163,0.1629,0.1628,0.1638,0.1639,0.164,0.1641,0.1642,0.1643,0.1644,0.1645,0.1646,0.1647,17679,64500,62526,203592,432542,67433,31876,48244,61270,29949,37229,102526,167754,267293,204202,59580,38534,40152,29004,62102
332,0.1637,0.1636,0.1635,0.1634,0.1633,0.1632,0.1631,0.163,0.1629,0.1628,0.1638,0.1639,0.164,0.1641,0.1642,0.1643,0.1644,0.1645,0.1646,0.1647,26484,86606,81090,191648,418708,219319,237868,48244,269894,29949,20830,83588,179753,343031,375254,266883,38534,245501,30974,60133
333,0.1637,0.1636,0.1635,0.1634,0.1633,0.1632,0.1631,0.163,0.1629,0.1628,0.1638,0.1639,0.164,0.1641,0.1642,0.1643,0.1644,0.1645,0.1646,0.1647,17029,65769,77326,114378,469525,213311,237868,48244,269894,14646,43013,126358,184232,329472,357313,255705,38534,245501,28730,62102
334,0.1637,0.1636,0.1635,0.1634,0.1633,0.1632,0.1631,0.163,0.1629,0.1628,0.1638,0.1639,0.164,0.1641,0.1642,0.1643,0.1644,0.1645,0.1646,0.1647,16399,33416,94230,115441,288894,209643,237868,48244,269894,14646,42946,110395,184998,297799,192589,255705,38534,245501,28730,62102
335,0.1637,0.1636,0.1635,0.1634,0.1633,0.1632,0.1631,0.163,0.1629,0.1628,0.1638,0.1639,0.164,0.1641,0.1642,0.1643,0.1644,0.1645,0.1646,0.1647,7961,35932,85562,130626,290506,215976,237868,48244,263918,24313,47818,165633,193198,245215,199106,255942,38534,245227,15010,62102
336,0.1637,0.1636,0.1635,0.1634,0.1633,0.1632,0.1631,0.163,0.1629,0.1628,0.1638,0.1639,0.164,0.1641,0.1642,0.1643,0.1644,0.1645,0.1646,0.1647,66,34017,60605,115325,299956,215974,237868,48244,263918,24313,61085,137717,191601,254996,190241,253425,38534,245227,15284,62102
337,0.1636,0.1635,0.1634,0.1633,0.1632,0.1631,0.163,0.1629,0.1628,0.1627,0.1637,0.1638,0.1639,0.164,0.1641,0.1642,0.1643,0.1644,0.1645,0.1646,55302,48753,148552,197672,326674,398899,48244,263918,24313,45355,24793,107266,132647,237564,362571,187659,253425,47084,231528,17254
338,0.1636,0.1635,0.1634,0.1633,0.1632,0.1631,0.163,0.1629,0.1628,0.1627,0.1637,0.1638,0.1639,0.164,0.1641,0.1642,0.1643,0.1644,0.1645,0.1646,32831,65771,219462,85244,375679,401169,39563,263918,24039,45629,24153,89597,161927,237093,351203,185140,244855,47084,245256,30982
339,0.1636,0.1635,0.1634,0.1633,0.1632,0.1631,0.163,0.1629,0.1628,0.1627,0.1637,0.1638,0.1639,0.164,0.1641,0.1642,0.1643,0.1644,0.1645,0.1646,20830,51247,177239,80180,386790,401443,48449,263918,23428,45629,47753,119594,155335,214833,331839,185140,253385,47084,245256,30982
340,0.1636,0.1635,0.1634,0.1633,0.1632,0.1631,0.163,0.1629,0.1628,0.1627,0.1637,0.1638,0.1639,0.164,0.1641,0.1642,0.1643,0.1644,0.1645,0.1646,34573,76144,105431,111184,213863,83128,52896,44537,29371,23715,19342,111942,210910,209315,281857,184622,252385,47081,245369,20782
341,0.1636,0.1635,0.1634,0.1633,0.1632,0.1631,0.163,0.1629,0.1628,0.1627,0.1637,0.1638,0.1639,0.164,0.1641,0.1642,0.1643,0.1644,0.1645,0.1646,40730,81699,101692,149100,264788,145509,208872,44537,235363,232339,16326,118317,177710,215451,300425,184896,252385,49053,237900,20782
342,0.1637,0.1636,0.1635,0.1634,0.1633,0.1632,0.1631,0.163,0.1629,0.1628,0.1638,0.1639,0.164,0.1641,0.1642,0.1643,0.1644,0.1645,0.1646,0.1647,477,43666,94336,137339,202376,48441,49645,208872,50475,235974,60804,162121,235501,195133,184896,253385,38531,237900,20782,52126
343,0.1637,0.1636,0.1635,0.1634,0.1633,0.1632,0.1631,0.163,0.1629,0.1628,0.1638,0.1639,0.164,0.1641,0.1642,0.1643,0.1644,0.1645,0.1646,0.1647,13998,47364,94640,236072,220116,52010,37970,208872,50475,235974,37950,178354,223054,193445,184896,256133,38531,239871,20782,52126
344,0.1637,0.1636,0.1635,0.1634,0.1633,0.1632,0.1631,0.163,0.1629,0.1628,0.1638,0.1639,0.164,0.1641,0.1642,0.1643,0.1644,0.1645,0.1646,0.1647,35327,60394,97767,212074,314877,151019,42141,204698,50475,235974,18075,184619,218667,244491,366289,256146,38531,248384,20782,52126
345,0.1637,0.1636,0.1635,0.1634,0.1633,0.1632,0.1631,0.163,0.1629,0.1628,0.1638,0.1639,0.164,0.1641,0.1642,0.1643,0.1644,0.1645,0.1646,0.1647,32133,90744,117858,215830,252355,154163,38602,204424,35704,235974,24904,119606,182619,299264,414197,256146,38531,253739,22752,58534
346,0.1637,0.1636,0.1635,0.1634,0.1633,0.1632,0.1631,0.163,0.1629,0.1628,0.1638,0.1639,0.164,0.1641,0.1642,0.1643,0.1644,0.1645,0.1646,0.1647,19132,43532,120749,210751,86996,156853,38602,204424,35094,235974,79919,124258,175323,258523,247977,256146,38531,253739,22752,58534
347,0.1637,0.1636,0.1635,0.1634,0.1633,0.1632,0.1631,0.163,0.1629,0.1628,0.1638,0.1639,0.164,0.1641,0.1642,0.1643,0.1644,0.1645,0.1646,0.1647,15687,71281,129963,162051,317904,154163,38602,204424,29156,235974,33756,124196,228235,332749,358808,255990,38531,253739,15284,60503
348,0.1637,0.1636,0.1635,0.1634,0.1633,0.1632,0.1631,0.163,0.1629,0.1628,0.1638,0.1639,0.164,0.1641,0.1642,0.1643,0.1644,0.1645,0.1646,0.1647,10119,65761,130957,144806,304469,172517,38602,195538,29156,235974,43721,118164,218648,332427,358808,244855,38531,253739,23577,60503
349,0.1637,0.1636,0.1635,0.1634,0.1633,0.1632,0.1631,0.163,0.1629,0.1628,0.1638,0.1639,0.164,0.1641,0.1642,0.1643,0.1644,0.1645,0.1646,0.1647,14458,74081,122253,126918,307863,161506,47481,195538,29156,235974,31967,164407,217622,302753,354189,244855,38531,245226,23577,60503
350,0.1637,0.1636,0.1635,0.1634,0.1633,0.1632,0.1631,0.163,0.1629,0.1628,0.1638,0.1639,0.164,0.1641,0.1642,0.1643,0.1644,0.1645,0.1646,0.1647,15425,55624,127975,144806,313670,163043,44095,193725,29156,235974,39462,153466,198426,313984,354254,247562,38531,245226,23577,60503
351,0.1637,0.1636,0.1635,0.1634,0.1633,0.1632,0.1631,0.163,0.1629,0.1628,0.1638,0.1639,0.164,0.1641,0.1642,0.1643,0.1644,0.1645,0.1646,0.1647,28488,55624,144601,148820,314209,163043,44095,193725,29156,235974,38647,142105,200909,313530,355655,247526,38531,245226,23577,60503
352,0.1637,0.1636,0.1635,0.1634,0.1633,0.1632,0.1631,0.163,0.1629,0.1628,0.1638,0.1639,0.164,0.1641,0.1642,0.1643,0.1644,0.1645,0.1646,0.1647,11194,68800,141698,172102,314209,162995,44095,193725,29156,235974,34407,146611,195163,320535,358170,247526,38531,245226,35772,60381
353,0.1637,0.1636,0.1635,0.1634,0.1633,0.1632,0.1631,0.163,0.1629,0.1628,0.1638,0.1639,0.164,0.1641,0.1642,0.1643,0.1644,0.1645,0.1646,0.1647,32306,98636,191373,104996,303154,162995,250087,193725,29156,29982,27384,140815,185398,329451,358170,247526,38531,245226,35772,60381
354,0.1637,0.1636,0.1635,0.1634,0.1633,0.1632,0.1631,0.163,0.1629,0.1628,0.1638,0.1639,0.164,0.1641,0.1642,0.1643,0.1644,0.1645,0.1646,0.1647,11000,73399,223256,72361,254988,163813,244727,193725,29766,29982,23068,120370,200296,347062,363033,244581,38531,253985,23303,60381
355,0.1637,0.1636,0.1635,0.1634,0.1633,0.1632,0.1631,0.163,0.1629,0.1628,0.1638,0.1639,0.164,0.1641,0.1642,0.1643,0.1644,0.1645,0.1646,0.1647,2284,47012,225707,72984,112179,320063,244727,37475,29156,29982,30088,166297,233543,225010,192768,244581,38531,253985,35498,33051
356,0.1637,0.1636,0.1635,0.1634,0.1633,0.1632,0.1631,0.163,0.1629,0.1628,0.1638,0.1639,0.164,0.1641,0.1642,0.1643,0.1644,0.1645,0.1646,0.1647,28032,81622,182412,97958,255138,320062,244727,43231,29156,16665,27314,157320,237989,234462,358171,247142,38531,253985,35498,33051
357,0.1637,0.1636,0.1635,0.1634,0.1633,0.1632,0.1631,0.163,0.1629,0.1628,0.1638,0.1639,0.164,0.1641,0.1642,0.1643,0.1644,0.1645,0.1646,0.1647,32848,80596,182448,116545,255138,320062,244727,43231,29156,16665,25827,158223,204333,257489,358171,247142,38531,253985,35498,33051
358,0.1637,0.1636,0.1635,0.1634,0.1633,0.1632,0.1631,0.163,0.1629,0.1628,0.1638,0.1639,0.164,0.1641,0.1642,0.1643,0.1644,0.1645,0.1646,0.1647,49202,88760,179181,99328,255830,316648,244727,43231,29766,31959,25564,107745,189767,320410,359456,247142,39531,253985,35498,33051
359,0.1636,0.1635,0.1634,0.1633,0.1632,0.1631,0.163,0.1629,0.1628,0.1627,0.1637,0.1638,0.1639,0.164,0.1641,0.1642,0.1643,0.1644,0.1645,0.1646,45528,114658,186794,99957,485947,261912,43231,29156,31959,297845,13776,87667,144906,212907,382787,190253,253328,38531,245226,15284
360,0.1636,0.1635,0.1634,0.1633,0.1632,0.1631,0.163,0.1629,0.1628,0.1627,0.1637,0.1638,0.1639,0.164,0.1641,0.1642,0.1643,0.1644,0.1645,0.1646,32529,85174,207978,99957,481172,251897,43505,29156,29666,300140,28363,110873,131069,210446,373439,190204,253328,38531,245226,17254
361,0.1636,0.1635,0.1634,0.1633,0.1632,0.1631,0.163,0.1629,0.1628,0.1627,0.1637,0.1638,0.1639,0.164,0.1641,0.1642,0.1643,0.1644,0.1645,0.1646,49758,97518,195839,100957,476900,255106,37749,29156,29666,249937,17349,83323,137430,192767,381697,190253,244855,38531,245226,18254
362,0.1637,0.1636,0.1635,0.1634,0.1633,0.1632,0.1631,0.163,0.1629,0.1628,0.1638,0.1639,0.164,0.1641,0.1642,0.1643,0.1644,0.1645,0.1646,0.1647,19024,43876,140886,197672,273932,309530,258641,37749,29156,21944,34340,152087,165227,340493,357503,261485,38531,245226,58657,43277
363,0.1637,0.1636,0.1635,0.1634,0.1633,0.1632,0.1631,0.163,0.1629,0.1628,0.1638,0.1639,0.164,0.1641,0.1642,0.1643,0.1644,0.1645,0.1646,0.1647,34143,43776,141026,186022,269137,309530,247271,37749,29156,21944,36056,152602,155004,345558,357440,264374,38531,245226,58657,43277
364,0.1637,0.1636,0.1635,0.1634,0.1633,0.1632,0.1631,0.163,0.1629,0.1628,0.1638,0.1639,0.164,0.1641,0.1642,0.1643,0.1644,0.1645,0.1646,0.1647,22720,55625,123137,182215,271531,307543,247271,37749,29156,29675,35845,155567,158339,312321,355581,247744,38531,245226,18254,43277
