timestamp,bid_price_0,bid_price_1,bid_price_2,bid_price_3,bid_price_4,bid_price_5,bid_price_6,bid_price_7,bid_price_8,bid_price_9,ask_price_0,ask_price_1,ask_price_2,ask_price_3,ask_price_4,ask_price_5,ask_price_6,ask_price_7,ask_price_8,ask_price_9,bid_size_0,bid_size_1,bid_size_2,bid_size_3,bid_size_4,bid_size_5,bid_size_6,bid_size_7,bid_size_8,bid_size_9,ask_size_0,ask_size_1,ask_size_2,ask_size_3,ask_size_4,ask_size_5,ask_size_6,ask_size_7,ask_size_8,ask_size_9
0,0.1649,0.1648,0.1647,0.1646,0.1645,0.1644,0.1643,0.1642,0.1641,0.164,0.165,0.1651,0.1652,0.1653,0.1654,0.1655,0.1656,0.1657,0.1658,0.1659,57968,87981,98806,248130,50755,142792,201006,229111,238804,52481,27278,85915,134588,178411,175825,669403,80871,38259,231010,66273
1,0.1648,0.1647,0.1646,0.1645,0.1644,0.1643,0.1642,0.1641,0.164,0.1639,0.1649,0.165,0.1651,0.1652,0.1653,0.1654,0.1655,0.1656,0.1657,0.1658,44585,69978,91895,220899,203322,316482,241328,240784,45421,96953,27587,102490,143550,158708,457452,61837,325533,73155,28963,232373
2,0.1647,0.1646,0.1645,0.1644,0.1643,0.1642,0.1641,0.164,0.1639,0.1638,0.1648,0.1649,0.165,0.1651,0.1652,0.1653,0.1654,0.1655,0.1656,0.1657,47056,93620,160026,287787,369812,248326,238804,47402,96347,41232,14038,106893,169832,156113,231949,279723,59117,322713,75116,44390
3,0.1649,0.1648,0.1647,0.1646,0.1645,0.1644,0.1643,0.1642,0.1641,0.164,0.165,0.1651,0.1652,0.1653,0.1654,0.1655,0.1656,0.1657,0.1658,0.1659,23386,85162,91544,185398,273842,143768,203385,233023,238804,17517,37917,171433,182106,330062,235910,326266,75985,37752,215543,85623
4,0.1649,0.1648,0.1647,0.1646,0.1645,0.1644,0.1643,0.1642,0.1641,0.164,0.165,0.1651,0.1652,0.1653,0.1654,0.1655,0.1656,0.1657,0.1658,0.1659,35768,90783,120286,156219,225050,142823,202385,234730,239084,30720,30808,175184,279883,187463,366616,268942,44240,37752,230405,87580
5,0.1648,0.1647,0.1646,0.1645,0.1644,0.1643,0.1642,0.1641,0.164,0.1639,0.1649,0.165,0.1651,0.1652,0.1653,0.1654,0.1655,0.1656,0.1657,0.1658,30199,65131,96957,135962,351922,270765,248140,241064,38803,87672,39708,137620,205672,230507,294393,400044,50159,36847,44302,217229
6,0.1648,0.1647,0.1646,0.1645,0.1644,0.1643,0.1642,0.1641,0.164,0.1639,0.1649,0.165,0.1651,0.1652,0.1653,0.1654,0.1655,0.1656,0.1657,0.1658,47811,83816,83741,131968,351926,206511,241154,239792,38803,87672,20163,106075,240463,195264,308680,400063,47436,37119,28876,232374
7,0.1649,0.1648,0.1647,0.1646,0.1645,0.1644,0.1643,0.1642,0.1641,0.164,0.165,0.1651,0.1652,0.1653,0.1654,0.1655,0.1656,0.1657,0.1658,0.1659,46379,88979,133056,166147,219372,135277,203658,241067,239084,39409,22797,207401,252271,176784,570358,52232,41418,52801,215270,85940
8,0.1651,0.165,0.1649,0.1648,0.1647,0.1646,0.1645,0.1644,0.1643,0.1642,0.1652,0.1653,0.1654,0.1655,0.1656,0.1657,0.1658,0.1659,0.166,0.1661,19822,66649,120122,173916,50215,34136,42114,140679,208443,219094,54951,272540,240792,437346,48264,57901,225898,81855,39658,55054
9,0.1649,0.1648,0.1647,0.1646,0.1645,0.1644,0.1643,0.1642,0.1641,0.164,0.165,0.1651,0.1652,0.1653,0.1654,0.1655,0.1656,0.1657,0.1658,0.1659,19391,76405,117984,145250,211125,143099,212856,249125,239076,45746,47946,164194,219912,437057,223285,266858,41821,52801,221692,88525
10,0.1648,0.1647,0.1646,0.1645,0.1644,0.1643,0.1642,0.1641,0.164,0.1639,0.1649,0.165,0.1651,0.1652,0.1653,0.1654,0.1655,0.1656,0.1657,0.1658,26128,76714,110017,179642,304097,214986,260117,241056,30114,74223,40003,141811,160685,163957,542197,38816,259662,37914,46084,236240
11,0.1648,0.1647,0.1646,0.1645,0.1644,0.1643,0.1642,0.1641,0.164,0.1639,0.1649,0.165,0.1651,0.1652,0.1653,0.1654,0.1655,0.1656,0.1657,0.1658,43803,93274,99388,179210,303454,218619,257545,240784,30387,74223,19887,122671,181989,153221,573989,38865,260259,37318,46084,236240
12,0.1648,0.1647,0.1646,0.1645,0.1644,0.1643,0.1642,0.1641,0.164,0.1639,0.1649,0.165,0.1651,0.1652,0.1653,0.1654,0.1655,0.1656,0.1657,0.1658,47012,97134,123751,178257,300752,217889,257545,240784,39544,89416,52583,110149,179423,169732,563817,38850,257064,37119,30931,236240
13,0.1647,0.1646,0.1645,0.1644,0.1643,0.1642,0.1641,0.164,0.1639,0.1638,0.1648,0.1649,0.165,0.1651,0.1652,0.1653,0.1654,0.1655,0.1656,0.1657,28726,71898,132670,293087,373971,265479,240784,30387,89416,56346,33074,107526,128376,207255,247509,330836,35735,254094,37119,30931
14,0.1645,0.1644,0.1643,0.1642,0.1641,0.164,0.1639,0.1638,0.1637,0.1636,0.1646,0.1647,0.1648,0.1649,0.165,0.1651,0.1652,0.1653,0.1654,0.1655,37260,143454,409326,288591,218830,45528,242662,43966,26360,34805,24251,112912,181755,154710,245140,78123,41060,271684,30268,287985
15,0.1644,0.1643,0.1642,0.1641,0.164,0.1639,0.1638,0.1637,0.1636,0.1635,0.1645,0.1646,0.1647,0.1648,0.1649,0.165,0.1651,0.1652,0.1653,0.1654,14436,90594,181448,300083,465499,54945,48392,225476,27903,111203,70120,117161,180744,189152,256946,50092,62251,244745,255116,236741
16,0.1643,0.1642,0.1641,0.164,0.1639,0.1638,0.1637,0.1636,0.1635,0.1634,0.1644,0.1645,0.1646,0.1647,0.1648,0.1649,0.165,0.1651,0.1652,0.1653,31453,69609,140681,254763,219945,211859,250844,27922,295601,17577,3720,82602,136911,166837,313732,89643,50275,116182,35445,201208
17,0.1645,0.1644,0.1643,0.1642,0.1641,0.164,0.1639,0.1638,0.1637,0.1636,0.1646,0.1647,0.1648,0.1649,0.165,0.1651,0.1652,0.1653,0.1654,0.1655,19414,45256,100654,219244,274530,248133,258063,53728,46224,27922,35385,160911,193404,284086,56852,117617,107100,222664,443926,36348
18,0.1642,0.1641,0.164,0.1639,0.1638,0.1637,0.1636,0.1635,0.1634,0.1633,0.1643,0.1644,0.1645,0.1646,0.1647,0.1648,0.1649,0.165,0.1651,0.1652,64,66679,216819,275275,44750,55533,245319,249027,41092,62314,90486,130959,133200,123576,68399,112175,69697,196080,309480,81147
19,0.1641,0.164,0.1639,0.1638,0.1637,0.1636,0.1635,0.1634,0.1633,0.1632,0.1642,0.1643,0.1644,0.1645,0.1646,0.1647,0.1648,0.1649,0.165,0.1651,20438,90631,194957,364030,270557,260044,44897,41092,246171,73484,28987,111353,144571,147655,264911,56831,93878,169069,198047,257483
20,0.1646,0.1645,0.1644,0.1643,0.1642,0.1641,0.164,0.1639,0.1638,0.1637,0.1647,0.1648,0.1649,0.165,0.1651,0.1652,0.1653,0.1654,0.1655,0.1656,21309,44619,62703,107787,150189,283977,53699,50246,287443,49851,74206,180182,144278,314381,412584,84526,59163,249673,42740,158336
21,0.1646,0.1645,0.1644,0.1643,0.1642,0.1641,0.164,0.1639,0.1638,0.1637,0.1647,0.1648,0.1649,0.165,0.1651,0.1652,0.1653,0.1654,0.1655,0.1656,24889,74260,107111,141857,262831,66013,55407,145809,185424,26633,32735,209858,169848,179953,237530,188947,267864,246381,27599,206019
22,0.1647,0.1646,0.1645,0.1644,0.1643,0.1642,0.1641,0.164,0.1639,0.1638,0.1648,0.1649,0.165,0.1651,0.1652,0.1653,0.1654,0.1655,0.1656,0.1657,50733,148501,102870,153618,225309,58626,69817,39744,130371,206663,11057,157665,237048,190412,220746,409732,248534,81866,30208,25608
23,0.1651,0.165,0.1649,0.1648,0.1647,0.1646,0.1645,0.1644,0.1643,0.1642,0.1652,0.1653,0.1654,0.1655,0.1656,0.1657,0.1658,0.1659,0.166,0.1661,26622,58753,85975,132304,119029,83922,74249,41749,52472,12514,55340,207838,130462,182083,194446,272166,279028,46036,7458,8835
24,0.1651,0.165,0.1649,0.1648,0.1647,0.1646,0.1645,0.1644,0.1643,0.1642,0.1652,0.1653,0.1654,0.1655,0.1656,0.1657,0.1658,0.1659,0.166,0.1661,68067,86102,166801,317457,497045,272757,58411,42035,76827,27405,140,170235,207107,120944,281664,39562,230306,253034,244080,29104
25,0.1652,0.1651,0.165,0.1649,0.1648,0.1647,0.1646,0.1645,0.1644,0.1643,0.1653,0.1654,0.1655,0.1656,0.1657,0.1658,0.1659,0.166,0.1661,0.1662,38189,99163,138477,205521,399626,82305,61382,58535,29110,91783,14827,167916,317447,234955,428298,37140,49583,244352,59520,47550
26,0.1653,0.1652,0.1651,0.165,0.1649,0.1648,0.1647,0.1646,0.1645,0.1644,0.1654,0.1655,0.1656,0.1657,0.1658,0.1659,0.166,0.1661,0.1662,0.1663,51416,99671,160970,142718,298770,278923,72434,45083,50303,131400,115,198960,270396,456733,217040,55886,250147,65858,34429,30480
27,0.1655,0.1654,0.1653,0.1652,0.1651,0.165,0.1649,0.1648,0.1647,0.1646,0.1656,0.1657,0.1658,0.1659,0.166,0.1661,0.1662,0.1663,0.1664,0.1665,51091,71545,135006,163153,286529,51776,101041,161064,48158,45353,13224,151961,298941,248472,410088,33919,274400,25376,53925,61170
28,0.1656,0.1655,0.1654,0.1653,0.1652,0.1651,0.165,0.1649,0.1648,0.1647,0.1657,0.1658,0.1659,0.166,0.1661,0.1662,0.1663,0.1664,0.1665,0.1666,54351,119899,147533,192017,235016,64140,36469,84410,143280,190366,13694,122232,381625,442954,211629,42271,29197,276300,54962,11127
29,0.1658,0.1657,0.1656,0.1655,0.1654,0.1653,0.1652,0.1651,0.165,0.1649,0.1659,0.166,0.1661,0.1662,0.1663,0.1664,0.1665,0.1666,0.1667,0.1668,160,69358,108588,141738,57888,73207,64735,67532,36469,66471,64625,260484,172041,239844,244756,283936,54962,25885,28307,172945
30,0.1659,0.1658,0.1657,0.1656,0.1655,0.1654,0.1653,0.1652,0.1651,0.165,0.166,0.1661,0.1662,0.1663,0.1664,0.1665,0.1666,0.1667,0.1668,0.1669,17330,50128,118350,148258,227142,51458,127076,67015,40842,65576,30377,103691,153537,143642,333905,93606,189265,273305,40474,239878
31,0.1659,0.1658,0.1657,0.1656,0.1655,0.1654,0.1653,0.1652,0.1651,0.165,0.166,0.1661,0.1662,0.1663,0.1664,0.1665,0.1666,0.1667,0.1668,0.1669,52440,78339,155131,61908,226591,57600,81071,112746,284058,284353,16145,70334,153553,190645,357038,32190,189632,116475,456048,33686
32,0.1658,0.1657,0.1656,0.1655,0.1654,0.1653,0.1652,0.1651,0.165,0.1649,0.1659,0.166,0.1661,0.1662,0.1663,0.1664,0.1665,0.1666,0.1667,0.1668,35053,64018,56673,126744,216301,132070,161873,196800,283304,266617,22520,74359,133222,164340,263366,184461,80046,186165,479778,25433
33,0.1655,0.1654,0.1653,0.1652,0.1651,0.165,0.1649,0.1648,0.1647,0.1646,0.1656,0.1657,0.1658,0.1659,0.166,0.1661,0.1662,0.1663,0.1664,0.1665,42356,77211,164617,293398,586759,34713,266014,142357,104523,50733,20384,88994,147137,159154,263605,67533,42103,282252,405099,6949
34,0.1654,0.1653,0.1652,0.1651,0.165,0.1649,0.1648,0.1647,0.1646,0.1645,0.1655,0.1656,0.1657,0.1658,0.1659,0.166,0.1661,0.1662,0.1663,0.1664,43114,195780,454594,122232,404975,255600,36153,103919,44114,48224,18461,88257,159849,162202,248245,57114,47574,40832,248675,414177
35,0.1656,0.1655,0.1654,0.1653,0.1652,0.1651,0.165,0.1649,0.1648,0.1647,0.1657,0.1658,0.1659,0.166,0.1661,0.1662,0.1663,0.1664,0.1665,0.1666,28198,94408,137960,202735,596959,61357,230805,39020,26635,288401,12772,88609,152645,153228,251881,49844,286401,412705,30006,21654
36,0.1656,0.1655,0.1654,0.1653,0.1652,0.1651,0.165,0.1649,0.1648,0.1647,0.1657,0.1658,0.1659,0.166,0.1661,0.1662,0.1663,0.1664,0.1665,0.1666,56947,82436,153630,294132,496232,56486,230805,39020,76327,238559,11816,112829,120149,164572,252314,99651,231023,365420,83825,19585
37,0.1657,0.1656,0.1655,0.1654,0.1653,0.1652,0.1651,0.165,0.1649,0.1648,0.1658,0.1659,0.166,0.1661,0.1662,0.1663,0.1664,0.1665,0.1666,0.1667,14606,136801,103910,192513,228928,257746,207776,230805,39020,97436,46422,145543,127536,176641,264470,231614,368542,81871,21538,234754
38,0.1657,0.1656,0.1655,0.1654,0.1653,0.1652,0.1651,0.165,0.1649,0.1648,0.1658,0.1659,0.166,0.1661,0.1662,0.1663,0.1664,0.1665,0.1666,0.1667,40460,93353,107297,200984,225737,249490,204972,230805,39291,112274,14663,104872,126222,203354,279766,239145,368813,82142,21267,234754
39,0.1656,0.1655,0.1654,0.1653,0.1652,0.1651,0.165,0.1649,0.1648,0.1647,0.1657,0.1658,0.1659,0.166,0.1661,0.1662,0.1663,0.1664,0.1665,0.1666,62545,168813,132774,260258,480889,252193,28168,23858,97436,238559,228,83151,121346,154731,263419,105746,221417,368813,81871,21267
40,0.1657,0.1656,0.1655,0.1654,0.1653,0.1652,0.1651,0.165,0.1649,0.1648,0.1658,0.1659,0.166,0.1661,0.1662,0.1663,0.1664,0.1665,0.1666,0.1667,27017,101952,146415,128852,269975,255380,209635,230805,38967,103878,29216,251417,135142,191762,272446,209356,248055,83825,19116,235223
41,0.1657,0.1656,0.1655,0.1654,0.1653,0.1652,0.1651,0.165,0.1649,0.1648,0.1658,0.1659,0.166,0.1661,0.1662,0.1663,0.1664,0.1665,0.1666,0.1667,22681,81090,186907,228662,261606,159048,53948,230805,47502,103887,51113,267434,107841,124124,107954,204524,244343,75965,36130,235223
42,0.1656,0.1655,0.1654,0.1653,0.1652,0.1651,0.165,0.1649,0.1648,0.1647,0.1657,0.1658,0.1659,0.166,0.1661,0.1662,0.1663,0.1664,0.1665,0.1666,18974,99324,128528,278213,481002,59835,230805,47502,82778,243960,32005,160684,266520,160651,239185,100071,206774,244343,77919,34186
43,0.1655,0.1654,0.1653,0.1652,0.1651,0.165,0.1649,0.1648,0.1647,0.1646,0.1656,0.1657,0.1658,0.1659,0.166,0.1661,0.1662,0.1663,0.1664,0.1665,90,72196,179338,347260,375218,246412,54143,32410,223441,14345,53397,154560,162231,307046,210294,47666,92665,405607,246298,82271
44,0.1654,0.1653,0.1652,0.1651,0.165,0.1649,0.1648,0.1647,0.1646,0.1645,0.1655,0.1656,0.1657,0.1658,0.1659,0.166,0.1661,0.1662,0.1663,0.1664,32341,122843,197208,164054,366725,258340,36315,255756,28877,109258,17933,128532,145507,191115,379389,43665,49156,141091,406921,248047
45,0.1655,0.1654,0.1653,0.1652,0.1651,0.165,0.1649,0.1648,0.1647,0.1646,0.1656,0.1657,0.1658,0.1659,0.166,0.1661,0.1662,0.1663,0.1664,0.1665,12774,93822,169640,214006,266124,203169,255807,36315,253782,14345,46411,142320,203082,282056,213220,49200,139134,406921,232688,34358
46,0.1648,0.1647,0.1646,0.1645,0.1644,0.1643,0.1642,0.1641,0.164,0.1639,0.1649,0.165,0.1651,0.1652,0.1653,0.1654,0.1655,0.1656,0.1657,0.1658,49885,75202,102140,75608,94344,314851,78812,241732,233517,66679,11691,82275,129817,155301,284912,76016,59516,43966,48303,16919
47,0.1646,0.1645,0.1644,0.1643,0.1642,0.1641,0.164,0.1639,0.1638,0.1637,0.1647,0.1648,0.1649,0.165,0.1651,0.1652,0.1653,0.1654,0.1655,0.1656,18975,64206,86795,68574,48809,55695,107176,167818,233501,261307,33754,86911,131519,111355,251606,49536,78718,62475,51791,81965
