timestamp,bid_price_0,bid_price_1,bid_price_2,bid_price_3,bid_price_4,bid_price_5,bid_price_6,bid_price_7,bid_price_8,bid_price_9,ask_price_0,ask_price_1,ask_price_2,ask_price_3,ask_price_4,ask_price_5,ask_price_6,ask_price_7,ask_price_8,ask_price_9,bid_size_0,bid_size_1,bid_size_2,bid_size_3,bid_size_4,bid_size_5,bid_size_6,bid_size_7,bid_size_8,bid_size_9,ask_size_0,ask_size_1,ask_size_2,ask_size_3,ask_size_4,ask_size_5,ask_size_6,ask_size_7,ask_size_8,ask_size_9
0,0.00212,0.00211,0.0021,0.00209,0.00208,0.00207,0.00206,0.00205,0.00204,0.00203,0.00213,0.00214,0.00215,0.00216,0.00217,0.00218,0.00219,0.0022,0.00221,0.00222,431786.9,4400174.7,3005422.5,610208.9,465531.2,263896.9,172527.2,65283.7,668566.3,351016.6,484311.3,2069208.9,1611160.5,901244.9,2331603,3875981.6,3616139.9,89163.8,642905.9,126166.3
1,0.00212,0.00211,0.0021,0.00209,0.00208,0.00207,0.00206,0.00205,0.00204,0.00203,0.00213,0.00214,0.00215,0.00216,0.00217,0.00218,0.00219,0.0022,0.00221,0.00222,571369.1,4390537.6,2997543.2,610208.9,465531.2,263896.9,172527.2,65283.7,668566.3,54000,454601.2,2078783,1611160.5,901244.9,2294864.7,3912551.3,3616139.9,89163.8,642905.9,126166.3
2,0.00212,0.00211,0.0021,0.00209,0.00208,0.00207,0.00206,0.00205,0.00204,0.00203,0.00213,0.00214,0.00215,0.00216,0.00217,0.00218,0.00219,0.0022,0.00221,0.00222,914705.6,5137179.6,2687549.1,566359.6,465531.2,263896.9,172527.2,65283.7,668566.3,54000,464372.4,2427489.3,1257607.5,901244.9,2294864.7,2086026.5,3616139.9,89163.8,642905.9,126166.3
3,0.00212,0.00211,0.0021,0.00209,0.00208,0.00207,0.00206,0.00205,0.00204,0.00203,0.00213,0.00214,0.00215,0.00216,0.00217,0.00218,0.00219,0.0022,0.00221,0.00222,784741,5534916.9,2249658.1,610289.9,465531.2,263896.9,172527.2,65283.7,269566.3,54000,464279.7,2468249.2,864576.5,1204914.4,2294864.7,2086026.5,3616139.9,91436.6,642905.9,123914
4,0.00212,0.00211,0.0021,0.00209,0.00208,0.00207,0.00206,0.00205,0.00204,0.00203,0.00213,0.00214,0.00215,0.00216,0.00217,0.00218,0.00219,0.0022,0.00221,0.00222,617852.7,5313203.7,2284626.1,566359.6,465531.2,263896.9,172527.2,65283.7,269566.3,54000,979775,2227358.4,864576.5,1204914.4,2331603,2049456.8,3616139.9,91436.6,642905.9,123914
5,0.00212,0.00211,0.0021,0.00209,0.00208,0.00207,0.00206,0.00205,0.00204,0.00203,0.00213,0.00214,0.00215,0.00216,0.00217,0.00218,0.00219,0.0022,0.00221,0.00222,747953,5310732.7,2272189.1,560492.8,465531.2,77956.2,172527.2,65283.7,269566.3,54000,749195.6,2245180.4,872215.9,1324802.5,2517868,2049456.8,3616139.9,91436.6,642905.9,123914
6,0.00211,0.0021,0.00209,0.00208,0.00207,0.00206,0.00205,0.00204,0.00203,0.00202,0.00212,0.00213,0.00214,0.00215,0.00216,0.00217,0.00218,0.00219,0.0022,0.00221,856930.6,5502187.3,949604.4,587857.1,409801.9,364325,112292.5,224778.1,54000,363002.3,200700.2,1381948.1,3121802.9,674451.4,1192275.4,2498031.2,1353183.5,3422091.7,91436.6,642905.9
7,0.00212,0.00211,0.0021,0.00209,0.00208,0.00207,0.00206,0.00205,0.00204,0.00203,0.00213,0.00214,0.00215,0.00216,0.00217,0.00218,0.00219,0.0022,0.00221,0.00222,328634.4,1752840.4,4852272.7,1033713.9,465531.2,371288.8,208800,112292.5,224778.1,54000,988364,2735354,942150.4,1501825.2,2709827.7,1353183.5,3422091.7,86069.6,642905.9,123914
8,0.00211,0.0021,0.00209,0.00208,0.00207,0.00206,0.00205,0.00204,0.00203,0.00202,0.00212,0.00213,0.00214,0.00215,0.00216,0.00217,0.00218,0.00219,0.0022,0.00221,635604.2,5291501.7,1172675,576360.9,371288.8,390103.5,65283.7,272017.3,453000,64515.3,255818.8,1932999.9,1646438.2,911368.5,1424870.5,2224949.7,1353183.5,3422091.7,91436.6,642905.9
9,0.00211,0.0021,0.00209,0.00208,0.00207,0.00206,0.00205,0.00204,0.00203,0.00202,0.00212,0.00213,0.00214,0.00215,0.00216,0.00217,0.00218,0.00219,0.0022,0.00221,1186484.2,5775659.1,1172675,576360.9,361577.2,170100,65283.7,272017.3,453000,363002.3,214085.7,1818782.8,1255837.3,911368.5,1424870.5,2281815.6,1296317.6,3422091.7,91436.6,642905.9
10,0.00211,0.0021,0.00209,0.00208,0.00207,0.00206,0.00205,0.00204,0.00203,0.00202,0.00212,0.00213,0.00214,0.00215,0.00216,0.00217,0.00218,0.00219,0.0022,0.00221,1186484.2,5268531.7,1172675,576360.9,323064.1,208800,65283.7,272017.3,54000,363002.3,340901.3,1824364,1255654.2,1066475.6,1857427.6,3936837.1,1296317.6,1329238.1,91436.6,642905.9
11,0.00211,0.0021,0.00209,0.00208,0.00207,0.00206,0.00205,0.00204,0.00203,0.00202,0.00212,0.00213,0.00214,0.00215,0.00216,0.00217,0.00218,0.00219,0.0022,0.00221,854730.7,5636144.3,1172675,576360.9,323064.1,208800,65283.7,272017.3,54000,363002.3,340901.3,1801680.4,1315334.1,1066475.6,1857427.6,3936837.1,1296317.6,1329238.1,91436.6,642905.9
12,0.00211,0.0021,0.00209,0.00208,0.00207,0.00206,0.00205,0.00204,0.00203,0.00202,0.00212,0.00213,0.00214,0.00215,0.00216,0.00217,0.00218,0.00219,0.0022,0.00221,841842.7,5638009.9,1128360.2,631781.4,323064.1,208800,92902,244263.6,54000,363002.3,355972.5,2141781.3,1354859.1,1066475.6,1857427.6,3936837.1,1296317.6,1329238.1,89163.8,642905.9
13,0.00211,0.0021,0.00209,0.00208,0.00207,0.00206,0.00205,0.00204,0.00203,0.00202,0.00212,0.00213,0.00214,0.00215,0.00216,0.00217,0.00218,0.00219,0.0022,0.00221,837312.5,4208876.3,2325374.7,631781.4,323064.1,447457.3,112292.5,224778.1,54000,363002.3,355976.9,1992323.2,1089177.1,1325203.1,2288841.9,4462856.3,1102269.4,106945.6,89163.8,642905.9
14,0.00211,0.0021,0.00209,0.00208,0.00207,0.00206,0.00205,0.00204,0.00203,0.00202,0.00212,0.00213,0.00214,0.00215,0.00216,0.00217,0.00218,0.00219,0.0022,0.00221,630522.8,4395002.2,2618868,588153.3,323064.1,447457.3,112292.5,224778.1,54000,363002.3,262599.5,2015236.7,1103531.1,1325203.1,2288841.9,4462856.3,1102269.4,106945.6,89163.8,642905.9
15,0.00212,0.00211,0.0021,0.00209,0.00208,0.00207,0.00206,0.00205,0.00204,0.00203,0.00213,0.00214,0.00215,0.00216,0.00217,0.00218,0.00219,0.0022,0.00221,0.00222,264996.3,1389949.8,4147784.7,2479907.2,477323.6,400090.3,131400,112292.5,224778.1,54000,2104684,1349672.2,1325203.1,2590753.4,4491332.2,1099599.2,100751.4,89163.8,642905.9,123914
16,0.00211,0.0021,0.00209,0.00208,0.00207,0.00206,0.00205,0.00204,0.00203,0.00202,0.00212,0.00213,0.00214,0.00215,0.00216,0.00217,0.00218,0.00219,0.0022,0.00221,621936.3,5653782.2,1773864.8,589444,438603.4,92700,112292.5,615778.1,54000,363002.3,241315.5,2101027.4,2057183.1,1042509.7,1110431.6,5526558.4,3390138.3,100751.4,89163.8,642905.9
17,0.00211,0.0021,0.00209,0.00208,0.00207,0.00206,0.00205,0.00204,0.00203,0.00202,0.00212,0.00213,0.00214,0.00215,0.00216,0.00217,0.00218,0.00219,0.0022,0.00221,440950,5654233.5,1781343.6,589444,438603.4,92700,112292.5,224778.1,54000,363002.3,238572.4,1956736.1,1811208.1,1042509.7,1147340,5534820.8,3356238.8,106945.6,89163.8,642905.9
18,0.00211,0.0021,0.00209,0.00208,0.00207,0.00206,0.00205,0.00204,0.00203,0.00202,0.00212,0.00213,0.00214,0.00215,0.00216,0.00217,0.00218,0.00219,0.0022,0.00221,432362.9,5654175.3,1600793.9,589444,438603.4,92700,112292.5,227369.1,56601.1,363002.3,245309.9,1957920.4,1682180.1,937987,1383513.1,5571559.1,3356238.8,106945.6,89163.8,642905.9
19,0.00211,0.0021,0.00209,0.00208,0.00207,0.00206,0.00205,0.00204,0.00203,0.00202,0.00212,0.00213,0.00214,0.00215,0.00216,0.00217,0.00218,0.00219,0.0022,0.00221,432362.9,5410707.5,1859547,589444,438603.4,92700,112292.5,618369.1,56601.1,363002.3,245309.9,1822430.5,1324369.9,937987,1383513.1,5571559.1,3356238.8,106945.6,89163.8,642905.9
20,0.00212,0.00211,0.0021,0.00209,0.00208,0.00207,0.00206,0.00205,0.00204,0.00203,0.00213,0.00214,0.00215,0.00216,0.00217,0.00218,0.00219,0.0022,0.00221,0.00222,789792.4,2912250.4,3572807.5,1498141.7,477323.6,154982.4,92700,112292.5,618369.1,56601.1,169081.4,2377141,1303088.5,1394924.3,5137248.1,4052512.1,337396.6,660403.9,73938.6,3336521.8
21,0.00212,0.00211,0.0021,0.00209,0.00208,0.00206,0.00205,0.00204,0.00203,0.00202,0.00213,0.00214,0.00215,0.00216,0.00217,0.00218,0.00219,0.0022,0.00221,0.00222,653821.4,2912247.4,3266903,1536286.2,592307.3,54000,112292.5,618369.1,56601.1,363002.3,149477.6,2883133.4,949211.5,1394924.3,5137248.1,4052512.1,337396.6,660403.9,73938.6,3336521.8
22,0.00213,0.00212,0.00211,0.0021,0.00209,0.00208,0.00206,0.00205,0.00204,0.00203,0.00214,0.00215,0.00216,0.00217,0.00218,0.00219,0.0022,0.00221,0.00222,0.00223,246309.6,1387343.7,2754923,2612223.8,974285.6,382859.9,83911.4,475674.2,224918.1,351162.6,3035105.5,1404589.8,1578691.3,3864800.3,4485069.2,1523286.3,696641.2,73938.6,3336521.8,1510645.4
23,0.00213,0.00212,0.00211,0.0021,0.00209,0.00208,0.00206,0.00205,0.00204,0.00203,0.00214,0.00215,0.00216,0.00217,0.00218,0.00219,0.0022,0.00221,0.00222,0.00223,246309.6,1387204.7,3106953.3,2612223.8,974285.6,382859.9,83911.4,475674.2,224918.1,351162.6,2725626.4,1761826.9,1346297.9,4137881.8,4485069.2,1523286.3,696641.2,73938.6,3336521.8,1510645.4
24,0.00214,0.00213,0.00212,0.00211,0.0021,0.00209,0.00208,0.00206,0.00205,0.00204,0.00215,0.00216,0.00217,0.00218,0.00219,0.0022,0.00221,0.00222,0.00223,0.00224,199891.2,1037290.8,2634755.3,1687001.9,1810913.1,724403,175252.5,56427.2,503296.9,518035.7,2546975.6,1454325,3689205.4,4268336.8,2276425.5,852179.3,110011.9,3336521.8,1512918.2,111595
25,0.00213,0.00212,0.00211,0.0021,0.00209,0.00208,0.00206,0.00205,0.00204,0.00203,0.00214,0.00215,0.00216,0.00217,0.00218,0.00219,0.0022,0.00221,0.00222,0.00223,554358.3,2929540.1,2305316.4,1923662.1,1055793.4,60268.8,103212.2,456283.7,518035.7,56601.1,203318.3,2306702,1389411.4,1190889.4,4268336.8,2276425.5,3751317.9,110011.9,3336521.8,1512918.2
26,0.00214,0.00213,0.00212,0.00211,0.0021,0.00209,0.00208,0.00206,0.00205,0.00204,0.00215,0.00216,0.00217,0.00218,0.00219,0.0022,0.00221,0.00222,0.00223,0.00224,244044.7,1326266.4,3104853.2,904717.6,863181.3,800692,98596.7,494212.2,65283.7,518035.7,2463352.6,976825.5,1628291.6,4268336.8,2276425.5,3875950.2,110011.9,3336521.8,1512918.2,111595
27,0.00213,0.00212,0.00211,0.0021,0.00209,0.00208,0.00206,0.00205,0.00204,0.00203,0.00214,0.00215,0.00216,0.00217,0.00218,0.00219,0.0022,0.00221,0.00222,0.00223,647118.7,3961734,1743573.6,1124186.3,986026.4,277280.7,103212.2,65283.7,518035.7,64636.2,249621.1,2536311.8,1618553.7,1156653.4,4268336.8,2276425.5,3870583.2,104271.7,3336521.8,1507694.3
28,0.00213,0.00212,0.00211,0.0021,0.00209,0.00208,0.00207,0.00206,0.00205,0.00204,0.00214,0.00215,0.00216,0.00217,0.00218,0.00219,0.0022,0.00221,0.00222,0.00223,318757.6,2389848.3,3137447.9,919217.9,659747.9,315608.6,38513.1,103212.2,65283.7,518035.7,1331684.6,2405874.2,1267300.5,883571.9,4541418.3,2278963.7,3906820.5,68198.4,3347519.9,1507694.3
29,0.00213,0.00212,0.00211,0.0021,0.00209,0.00208,0.00207,0.00206,0.00205,0.00204,0.00214,0.00215,0.00216,0.00217,0.00218,0.00219,0.0022,0.00221,0.00222,0.00223,315724.9,3657209.3,2030665.9,880233.8,659747.9,277280.7,77026.2,103212.2,456283.7,224918.1,317670.7,2170586,1378229.2,1697131.4,4938991,1582690.4,3712772.3,68198.4,3349772.2,1505421.5
30,0.00213,0.00212,0.00211,0.0021,0.00209,0.00208,0.00207,0.00206,0.00205,0.00204,0.00214,0.00215,0.00216,0.00217,0.00218,0.00219,0.0022,0.00221,0.00222,0.00223,294575.3,1757374.8,3463339.6,723424.9,659747.9,315608.6,38513.1,103212.2,456283.7,224918.1,1271819.6,2579422.1,1027750.9,1895027.4,4938991,1582690.4,3712772.3,68198.4,3349772.2,92921.2
31,0.00213,0.00212,0.00211,0.0021,0.00209,0.00208,0.00207,0.00206,0.00205,0.00204,0.00214,0.00215,0.00216,0.00217,0.00218,0.00219,0.0022,0.00221,0.00222,0.00223,282643.9,1739129.7,3405609.2,723424.9,659747.9,277280.7,77026.2,103212.2,456283.7,224918.1,1161419.5,2579352,1027554.7,1402278.6,2538363,4318421.9,3870583.2,68198.4,3349772.2,92921.2
32,0.00213,0.00212,0.00211,0.0021,0.00209,0.00208,0.00207,0.00206,0.00205,0.00204,0.00214,0.00215,0.00216,0.00217,0.00218,0.00219,0.0022,0.00221,0.00222,0.00223,282643.9,2061473.7,3123630.6,711541,659747.9,277280.7,77026.2,103212.2,456283.7,224918.1,1303297.4,2246747.7,916526.6,1050479.6,2538363,4318421.9,3870583.2,68198.4,3349772.2,92921.2
33,0.00213,0.00212,0.00211,0.0021,0.00209,0.00208,0.00207,0.00206,0.00205,0.00204,0.00214,0.00215,0.00216,0.00217,0.00218,0.00219,0.0022,0.00221,0.00222,0.00223,282643.9,2401319.4,2780590.4,711541,659747.9,277280.7,77026.2,103212.2,456283.7,224918.1,1296571.8,2598280.5,916737.8,1050479.6,2538363,4318421.9,3870583.2,68198.4,3349772.2,92921.2
34,0.00213,0.00212,0.00211,0.0021,0.00209,0.00208,0.00207,0.00206,0.00205,0.00204,0.00214,0.00215,0.00216,0.00217,0.00218,0.00219,0.0022,0.00221,0.00222,0.00223,233648.7,2632343.6,3594076,673578.1,439139.3,277280.7,77026.2,103212.2,65283.7,224918.1,2205467.9,1632015.9,1129631.5,1374474.9,2992801.6,3565282.7,3107567.7,68198.4,706131.7,92921.2
35,0.00213,0.00212,0.00211,0.0021,0.00209,0.00208,0.00207,0.00206,0.00205,0.00204,0.00214,0.00215,0.00216,0.00217,0.00218,0.00219,0.0022,0.00221,0.00222,0.00223,233648.7,2651841.2,3172378,673578.1,439139.3,277280.7,77026.2,103212.2,65283.7,224918.1,2203848.6,1663858.4,1085249.2,1374474.9,2992801.6,3565282.7,3107567.7,68198.4,706131.7,92921.2
36,0.00213,0.00212,0.00211,0.0021,0.00209,0.00208,0.00207,0.00206,0.00205,0.00204,0.00214,0.00215,0.00216,0.00217,0.00218,0.00219,0.0022,0.00221,0.00222,0.00223,186304.5,2312040.1,3160708.9,673578.1,439139.3,247110.3,115539.3,103212.2,65283.7,224918.1,2378330.9,1280232.9,1129417.7,1374474.9,2990131.4,3559088.5,3089910.5,54000,706131.7,92921.2
37,0.00213,0.00212,0.00211,0.0021,0.00209,0.00208,0.00207,0.00206,0.00205,0.00204,0.00214,0.00215,0.00216,0.00217,0.00218,0.00219,0.0022,0.00221,0.00222,0.00223,221524.2,2173756.9,3145211.1,595623,439139.3,238952.8,115539.3,103212.2,456283.7,224918.1,2459639.8,1675890.9,1085249.2,1374474.9,3029371.3,3528879.9,3107567.7,68198.4,706131.7,92921.2
38,0.00213,0.00212,0.00211,0.0021,0.00209,0.00208,0.00207,0.00206,0.00205,0.00204,0.00214,0.00215,0.00216,0.00217,0.00218,0.00219,0.0022,0.00221,0.00222,0.00223,221524.2,2183508,3145432.1,595623,439139.3,238952.8,115539.3,103212.2,456283.7,224918.1,2434402.8,1632029.4,1129014.2,1647556.1,2756289.8,3528879.9,3107567.7,70460.9,703879.4,92921.2
39,0.00213,0.00212,0.00211,0.0021,0.00209,0.00208,0.00207,0.00206,0.00205,0.00204,0.00214,0.00215,0.00216,0.00217,0.00218,0.00219,0.0022,0.00221,0.00222,0.00223,191790.7,2553759.2,3128991,595623,439139.3,238952.8,115539.3,103212.2,456283.7,224918.1,2354025.8,1631880.2,1129014.2,1639651.4,2756289.8,3528879.9,3107567.7,70460.9,703879.4,92921.2
40,0.00213,0.00212,0.00211,0.0021,0.00209,0.00208,0.00207,0.00206,0.00205,0.00204,0.00214,0.00215,0.00216,0.00217,0.00218,0.00219,0.0022,0.00221,0.00222,0.00223,196945.6,1688854.9,3943694.5,502052.5,400994.8,491791.9,77026.2,103212.2,456283.7,224918.1,2057151.7,2217982.7,1129639.4,1676389.7,2719720.1,5625049.7,1014562.4,70460.9,703879.4,92921.2
41,0.00212,0.00211,0.0021,0.00209,0.00208,0.00207,0.00206,0.00205,0.00204,0.00203,0.00213,0.00214,0.00215,0.00216,0.00217,0.00218,0.00219,0.0022,0.00221,0.00222,1037176.8,4966585.6,894765.4,614915,491791.9,284869.4,56427.2,112296.9,224918.1,359051.7,342395.1,2398961.6,2557482.7,699799.8,1663126.9,2123212.1,5625049.7,1014562.4,70460.9,703879.4
42,0.00212,0.00211,0.0021,0.00209,0.00208,0.00207,0.00206,0.00205,0.00204,0.00203,0.00213,0.00214,0.00215,0.00216,0.00217,0.00218,0.00219,0.0022,0.00221,0.00222,1215496.2,4905660.6,1294182.8,570711.9,491791.9,284869.4,103212.2,65283.7,224918.1,359051.7,337768.3,2258963.9,2557482.7,1192548.6,2060699.6,1426938.8,5431001.5,1014562.4,70460.9,703879.4
43,0.00212,0.00211,0.0021,0.00209,0.00208,0.00207,0.00206,0.00205,0.00204,0.00203,0.00213,0.00214,0.00215,0.00216,0.00217,0.00218,0.00219,0.0022,0.00221,0.00222,1592851.8,4797871.4,1094899.6,615018.5,530119.8,246356.3,56427.2,112296.9,224918.1,359051.7,317669.5,2263706.7,2557482.7,972881.3,1390045.4,2123212.1,5625049.7,1014562.4,70460.9,703879.4
44,0.00212,0.00211,0.0021,0.00209,0.00208,0.00207,0.00206,0.00205,0.00204,0.00203,0.00213,0.00214,0.00215,0.00216,0.00217,0.00218,0.00219,0.0022,0.00221,0.00222,1319246.6,3968001.5,1094899.6,615018.5,568447.7,207843.2,56427.2,112296.9,224918.1,62035.1,327347.1,2254143.6,2581609.5,972881.3,1390045.4,2123212.1,5625049.7,1014562.4,70460.9,703879.4
45,0.00212,0.00211,0.0021,0.00209,0.00208,0.00207,0.00206,0.00205,0.00204,0.00203,0.00213,0.00214,0.00215,0.00216,0.00217,0.00218,0.00219,0.0022,0.00221,0.00222,1125705.2,4462868.3,1094899.6,614730.2,568447.7,207843.2,56427.2,112296.9,224918.1,62035.1,378487.3,2254143.6,2581609.5,972881.3,1390045.4,2123212.1,5625049.7,1014562.4,70460.9,703879.4
46,0.00212,0.00211,0.0021,0.00209,0.00208,0.00207,0.00206,0.00205,0.00204,0.00203,0.00213,0.00214,0.00215,0.00216,0.00217,0.00218,0.00219,0.0022,0.00221,0.00222,1135909.9,5410295.2,1138675.3,570711.9,491791.9,284869.4,56427.2,112296.9,224918.1,62035.1,368893.5,2283506.1,1883484.5,972881.3,1483649.6,2029776.5,3621994.3,1014562.4,68198.4,703879.4
47,0.00212,0.00211,0.0021,0.00209,0.00208,0.00207,0.00206,0.00205,0.00204,0.00203,0.00213,0.00214,0.00215,0.00216,0.00217,0.00218,0.00219,0.0022,0.00221,0.00222,1270130.3,5410576,1138675.3,570711.9,453464,323382.5,56427.2,112296.9,224918.1,62035.1,366150.4,2040827.7,1883484.5,972881.3,1483649.6,2029776.5,3619456.1,1014562.4,68198.4,703879.4
48,0.00212,0.00211,0.0021,0.00209,0.00208,0.00207,0.00206,0.00205,0.00204,0.00203,0.00213,0.00214,0.00215,0.00216,0.00217,0.00218,0.00219,0.0022,0.00221,0.00222,1081375.4,5459806.1,1321985.4,570711.9,453464,323382.5,56427.2,112296.9,224918.1,62035.1,351596.5,2286527.6,1889944.1,1186089,2154303.8,1333503.2,3425407.9,1014562.4,68198.4,692881.3
49,0.00212,0.00211,0.0021,0.00209,0.00208,0.00207,0.00206,0.00205,0.00204,0.00203,0.00213,0.00214,0.00215,0.00216,0.00217,0.00218,0.00219,0.0022,0.00221,0.00222,710559,5338222.4,1711303.9,570711.9,453464,323382.5,83914.3,84675.7,224918.1,62035.1,363867.2,2207576.8,1889944.1,1186089,2154303.8,1333503.2,3427946.1,1014562.4,637165.7,134912.1
50,0.00212,0.00211,0.0021,0.00209,0.00208,0.00207,0.00206,0.00205,0.00204,0.00203,0.00213,0.00214,0.00215,0.00216,0.00217,0.00218,0.00219,0.0022,0.00221,0.00222,905121.4,5356051,1711303.9,570711.9,453464,323382.5,83914.3,84675.7,224918.1,62035.1,419673.8,2624137.4,896297.8,1654206.6,2154303.8,1333503.2,3427946.1,1014562.4,637165.7,134912.1
51,0.00212,0.00211,0.0021,0.00209,0.00208,0.00207,0.00206,0.00205,0.00204,0.00203,0.00213,0.00214,0.00215,0.00216,0.00217,0.00218,0.00219,0.0022,0.00221,0.00222,807204.5,6384777.3,1711606.9,550733.1,453464,323382.5,83914.3,84676.4,224918.1,62035.1,576594.5,2689822.8,954756.9,1672330.2,2117565.5,1370072.9,3427946.1,1014562.4,637165.7,134912.1
52,0.00212,0.00211,0.0021,0.00209,0.00208,0.00207,0.00206,0.00205,0.00204,0.00203,0.00213,0.00214,0.00215,0.00216,0.00217,0.00218,0.00219,0.0022,0.00221,0.00222,607669.2,6380169.2,1711606.9,550733.1,453464,323382.5,56427.2,84676.4,224918.1,62035.1,419717.9,2267804.3,954756.9,1672330.2,2117565.5,1370072.9,3427946.1,1014562.4,637165.7,134912.1
53,0.00212,0.00211,0.0021,0.00209,0.00208,0.00207,0.00206,0.00205,0.00204,0.00203,0.00213,0.00214,0.00215,0.00216,0.00217,0.00218,0.00219,0.0022,0.00221,0.00222,308719,6191118,1898864,550733.1,453464,323382.5,103214.1,65283.7,224918.1,62035.1,419750,2275745.9,1096272,1804024.1,1844484,1370072.9,3427946.1,1014562.4,637165.7,134912.1
54,0.00212,0.00211,0.0021,0.00209,0.00208,0.00207,0.00206,0.00205,0.00204,0.00203,0.00213,0.00214,0.00215,0.00216,0.00217,0.00218,0.00219,0.0022,0.00221,0.00222,835990.8,5725503.7,1565137.7,439139.3,453464,323382.5,83915.5,84676.4,224918.1,62035.1,395304.9,2067727.2,737502.2,1727187.9,1411926.9,1370072.9,3427946.1,1014562.4,637165.7,134912.1
55,0.00211,0.0021,0.00209,0.00208,0.00207,0.00206,0.00205,0.00204,0.00203,0.00202,0.00212,0.00213,0.00214,0.00215,0.00216,0.00217,0.00218,0.00219,0.0022,0.00221,818499.5,5142005.2,1481484.8,604010.1,504341.9,287028.2,65283.7,227369.1,62035.1,363002.3,374445.2,1636602.4,926990.5,1554713.8,2161669,2629372.1,1102269.4,1334059.5,1014562.4,637165.7
56,0.00211,0.0021,0.00209,0.00208,0.00207,0.00206,0.00205,0.00204,0.00203,0.00202,0.00212,0.00213,0.00214,0.00215,0.00216,0.00217,0.00218,0.00219,0.0022,0.00221,401141.5,5558472.4,1490171,604010.1,504341.9,287029.3,65283.7,227369.1,62035.1,363002.3,386338.9,1389813.3,926990.5,1554713.8,2124760.6,2754992.7,1099599.2,1327865.3,925680.1,637165.7
57,0.00211,0.0021,0.00209,0.00208,0.00207,0.00206,0.00205,0.00204,0.00203,0.00202,0.00212,0.00213,0.00214,0.00215,0.00216,0.00217,0.00218,0.00219,0.0022,0.00221,1708388.2,5314660,1381834.2,686287.7,679846.4,267729.6,84677.6,227369.1,62035.1,363002.3,386338.9,2582853.4,933450.1,1565215.2,2144708,2718254.4,1102269.4,1334059.5,925680.1,637165.7
58,0.00211,0.0021,0.00209,0.00208,0.00207,0.00206,0.00205,0.00204,0.00203,0.00202,0.00212,0.00213,0.00214,0.00215,0.00216,0.00217,0.00218,0.00219,0.0022,0.00221,931893.6,5803013,1569396.2,697798.9,679846.4,267729.6,84677.6,224778.1,62035.1,363002.3,386338.9,2579855.3,1086556.5,1838296.7,1871626.5,3940546.9,1102269.4,111767,925680.1,637165.7
59,0.00211,0.0021,0.00209,0.00208,0.00207,0.00206,0.00205,0.00204,0.00203,0.00202,0.00212,0.00213,0.00214,0.00215,0.00216,0.00217,0.00218,0.00219,0.0022,0.00221,541942,5150487.9,1584208,701193.3,679846.4,240241.3,112299.9,224778.1,62035.1,64515.3,384593.8,2826958,1086556.5,1838296.7,1871626.5,4746680.2,1102269.4,111767,119546.8,637165.7
60,0.00211,0.0021,0.00209,0.00208,0.00207,0.00206,0.00205,0.00204,0.00203,0.00202,0.00212,0.00213,0.00214,0.00215,0.00216,0.00217,0.00218,0.00219,0.0022,0.00221,762049.8,5531370.3,1472893.3,657021.9,679846.4,240241.3,112300.4,224778.1,62035.1,64515.3,424407.6,2324726.8,1086556.5,1838296.7,1879530.1,4746680.2,1102269.4,111767,119546.8,637165.7
61,0.00211,0.0021,0.00209,0.00208,0.00207,0.00206,0.00205,0.00204,0.00203,0.00202,0.00212,0.00213,0.00214,0.00215,0.00216,0.00217,0.00218,0.00219,0.0022,0.00221,743338.5,5657559.2,1472704.7,657021.9,465828.8,306431.4,84678.1,224778.1,62035.1,64515.3,424407.6,2189871.3,1086556.5,1838296.7,1871626.5,4746680.2,1102269.4,111767,119546.8,637165.7
62,0.0021,0.00209,0.00208,0.00207,0.00206,0.00205,0.00204,0.00203,0.00202,0.00201,0.00211,0.00212,0.00213,0.00214,0.00215,0.00216,0.00217,0.00218,0.00219,0.0022,667276.5,6537977.4,1141604.9,782014.3,625832.9,244186.7,236682.8,62035.1,453040,78353.8,340645.5,2123051,1670524,1005177.4,2688479,524511,4349169.6,1102269.4,111767,119546.8
63,0.0021,0.00209,0.00208,0.00207,0.00206,0.00205,0.00204,0.00203,0.00202,0.00201,0.00211,0.00212,0.00213,0.00214,0.00215,0.00216,0.00217,0.00218,0.00219,0.0022,834760.9,5997073,1141348.1,782014.3,645133.5,244186.7,236682.8,62035.1,453040,78353.8,340645.5,2120365.7,1670524,1005177.4,2651399,561419.4,4349169.6,1102269.4,111767,119546.8
64,0.0021,0.00209,0.00208,0.00207,0.00206,0.00205,0.00204,0.00203,0.00202,0.00201,0.00211,0.00212,0.00213,0.00214,0.00215,0.00216,0.00217,0.00218,0.00219,0.0022,485836.8,6620867.9,1234397.7,782014.3,645133.7,244186.7,236682.8,62035.1,453040,78353.8,340645.5,1624403.7,1670524,1005177.4,2688479,581376.9,4292303.7,1102269.4,680734.3,119546.8
65,0.0021,0.00209,0.00208,0.00207,0.00206,0.00205,0.00204,0.00203,0.00202,0.00201,0.00211,0.00212,0.00213,0.00214,0.00215,0.00216,0.00217,0.00218,0.00219,0.0022,570398.9,6006864.1,1321114.5,826321.5,645133.7,244186.7,236682.8,62035.1,453040,77696.3,364581.4,1145062.5,1670524,1005177.4,2688479,581376.9,4292303.7,1102269.4,680734.3,119546.8
66,0.0021,0.00209,0.00208,0.00207,0.00206,0.00205,0.00204,0.00203,0.00202,0.00201,0.00211,0.00212,0.00213,0.00214,0.00215,0.00216,0.00217,0.00218,0.00219,0.0022,161310.4,3328125.4,3193701.5,864834.6,606433.7,494237.9,236682.8,62035.1,453040,77696.3,1031823.1,1402228.6,1612329,1005177.4,2688479,363376.2,4292303.7,1102269.4,680734.3,119546.8
67,0.0021,0.00209,0.00208,0.00207,0.00206,0.00205,0.00204,0.00203,0.00202,0.00201,0.00211,0.00212,0.00213,0.00214,0.00215,0.00216,0.00217,0.00218,0.00219,0.0022,515705.6,3932628.5,2183488.5,820527.4,606433.7,65283.7,236682.8,62035.1,453040,77696.3,311460.3,661072.7,1050377.7,1220646,2611269.7,548903.9,4292303.7,1102269.4,678196.1,119546.8
68,0.0021,0.00209,0.00208,0.00207,0.00206,0.00205,0.00204,0.00203,0.00202,0.00201,0.00211,0.00212,0.00213,0.00214,0.00215,0.00216,0.00217,0.00218,0.00219,0.0022,1085210.3,5116306.8,2185746.9,696988.3,509227.3,84678.5,236682.8,453035.1,62040,69715.4,230342.1,1712368.1,1057634.4,1271657.9,2533374.1,585812.3,4292303.7,1102269.4,678196.1,119546.8
69,0.00211,0.0021,0.00209,0.00208,0.00207,0.00206,0.00205,0.00204,0.00203,0.00202,0.00212,0.00213,0.00214,0.00215,0.00216,0.00217,0.00218,0.00219,0.0022,0.00221,161790.2,2084334.8,4475797.2,1212071.7,733867.5,287032.2,65283.7,236682.8,453035.1,62040,1608733.1,1648290.8,881673.2,1648890.5,1824185.1,4579956.1,1102269.4,680734.3,119546.8,3280806.2
70,0.0021,0.00209,0.00208,0.00207,0.00206,0.00205,0.00204,0.00203,0.00202,0.00201,0.00211,0.00212,0.00213,0.00214,0.00215,0.00216,0.00217,0.00218,0.00219,0.0022,412288.7,5589603.8,1506051.4,839608.8,483264.4,65283.7,236682.8,62035.1,62040,69715.4,223126,1779941.1,1470363.1,866236.9,1210495.5,1657776.8,4543217.8,1102269.4,680734.3,119546.8
71,0.0021,0.00209,0.00208,0.00207,0.00206,0.00205,0.00204,0.00203,0.00202,0.00201,0.00211,0.00212,0.00213,0.00214,0.00215,0.00216,0.00217,0.00218,0.00219,0.0022,397863.4,5792148,1712203,801095.7,483264.4,65283.7,236682.8,62035.1,62040,77696.3,301798.9,1780068.1,1470363.1,1062174,2533374.1,2617726.7,2256511.7,1102269.4,680734.3,119546.8
72,0.00211,0.0021,0.00209,0.00208,0.00207,0.00206,0.00205,0.00204,0.00203,0.00202,0.00212,0.00213,0.00214,0.00215,0.00216,0.00217,0.00218,0.00219,0.0022,0.00221,232499,1785996.3,4249004.8,1256779.5,695354.4,267731.6,84678.5,236682.8,453035.1,62040,1627517.1,1607505.5,1010749,1614199.5,3913207.8,2487298.2,1102269.4,678451.1,119546.8,3280806.2
73,0.0021,0.00209,0.00208,0.00207,0.00206,0.00205,0.00204,0.00203,0.00202,0.00201,0.00211,0.00212,0.00213,0.00214,0.00215,0.00216,0.00217,0.00218,0.00219,0.0022,397755,5844807,1350556.9,733867.5,489877.7,65283.7,236682.8,453035.1,62040,77696.3,245011.8,2002005.3,1962693.7,669675.9,1218397.5,3709648.7,2487298.2,1102269.4,678451.1,121819.6
74,0.0021,0.00209,0.00208,0.00207,0.00206,0.00205,0.00204,0.00203,0.00202,0.00201,0.00211,0.00212,0.00213,0.00214,0.00215,0.00216,0.00217,0.00218,0.00219,0.0022,387764.5,6170692.3,1601141,841582.9,489877.7,65283.7,236682.8,453035.1,62040,377668.3,245011.8,1978220.5,1448754.2,1005580.8,2541276.1,2617726.7,2256511.7,1102269.4,678451.1,121819.6
75,0.0021,0.00209,0.00208,0.00207,0.00206,0.00205,0.00204,0.00203,0.00202,0.00201,0.00211,0.00212,0.00213,0.00214,0.00215,0.00216,0.00217,0.00218,0.00219,0.0022,375941.8,6170402.8,1656702.4,803069.8,489877.7,65283.7,236682.8,453035.1,62040,369687.4,242268.7,1913100.8,1091044.5,1193785.8,2533374.1,2617726.7,2256511.7,1102269.4,678451.1,121819.6
76,0.0021,0.00209,0.00208,0.00207,0.00206,0.00205,0.00204,0.00203,0.00202,0.00201,0.00211,0.00212,0.00213,0.00214,0.00215,0.00216,0.00217,0.00218,0.00219,0.0022,413891,5282949.9,1668402.3,704570.4,489877.7,65283.7,236682.8,453035.1,62040,369687.4,323684.7,1910783.8,756025.4,1124117.9,2533374.1,2674592.6,2199645.8,1099599.2,678451.1,121819.6
77,0.0021,0.00209,0.00208,0.00207,0.00206,0.00205,0.00204,0.00203,0.00202,0.00201,0.00211,0.00212,0.00213,0.00214,0.00215,0.00216,0.00217,0.00218,0.00219,0.0022,604486.6,5876305.8,1706751.9,841606.8,489877.7,65283.7,236682.8,453035.1,62040,369687.4,320941.6,2102100.5,756010.2,1116215.8,2541276.2,2674592.6,2199645.8,1099599.2,678451.1,121819.6
78,0.00211,0.0021,0.00209,0.00208,0.00207,0.00206,0.00205,0.00204,0.00203,0.00202,0.00212,0.00213,0.00214,0.00215,0.00216,0.00217,0.00218,0.00219,0.0022,0.00221,1609415.3,2897326.9,2896858.8,1450953.6,772412.8,240241.3,112302.9,236682.8,453035.1,62040,365623.1,2257913.2,757477,1419384.9,3515313.9,3346790.4,1332887.3,678451.1,121819.6,3280806.2
79,0.00211,0.0021,0.00209,0.00208,0.00207,0.00206,0.00205,0.00204,0.00203,0.00202,0.00212,0.00213,0.00214,0.00215,0.00216,0.00217,0.00218,0.00219,0.0022,0.00221,670292.6,3736491.8,3267972.9,735306.3,558341.9,54000,112302.9,236682.8,456034.6,360527,77428.3,1987100.8,734894.1,1394206.8,3515313.9,3535820,1296317.6,714853.9,121819.6,3280806.2
80,0.00212,0.00211,0.0021,0.00209,0.00208,0.00207,0.00206,0.00205,0.00204,0.00203,0.00213,0.00214,0.00215,0.00216,0.00217,0.00218,0.00219,0.0022,0.00221,0.00222,328231,1576780.4,3772745.2,1546197.2,628072.8,377382.5,54000,112302.9,236682.8,65034.6,1827245.2,1226921.5,1392306,3523214.7,3535820,1296317.6,678451.1,158056.9,3280806.2,1547412.3
81,0.00212,0.00211,0.0021,0.00209,0.00208,0.00207,0.00206,0.00205,0.00204,0.00203,0.00213,0.00214,0.00215,0.00216,0.00217,0.00218,0.00219,0.0022,0.00221,0.00222,364878.2,1992270.2,3683626.3,1847110,704728.6,338639.6,81490.3,84678.5,236682.8,65034.6,426757.5,2407967.2,2037211.4,3523214.7,3535820,1296317.6,678451.1,119546.8,3319142,1547412.3
82,0.00212,0.00211,0.0021,0.00209,0.00208,0.00207,0.00206,0.00205,0.00204,0.00203,0.00213,0.00214,0.00215,0.00216,0.00217,0.00218,0.00219,0.0022,0.00221,0.00222,507567.9,2906809.2,3976742.2,1110342.1,704728.6,300356.3,81490.3,84678.5,236682.8,65034.6,421271.3,2413260.8,2037211.4,3515313.9,3535820,1296317.6,678451.1,119546.8,3319142,1547412.3
83,0.00212,0.00211,0.0021,0.00209,0.00208,0.00207,0.00206,0.00205,0.00204,0.00203,0.00213,0.00214,0.00215,0.00216,0.00217,0.00218,0.00219,0.0022,0.00221,0.00222,472182.1,3238727.1,3335325.2,1148486.6,537628.5,377862.5,81490.3,84678.5,236682.8,65034.6,385701.1,2408221.6,1805568.5,3788395.4,3535820,1296317.6,678451.1,119546.8,3319142,1547412.3
84,0.00212,0.00211,0.0021,0.00209,0.00208,0.00207,0.00206,0.00205,0.00204,0.00203,0.00213,0.00214,0.00215,0.00216,0.00217,0.00218,0.00219,0.0022,0.00221,0.00222,472182.1,3238727.1,3346030.2,1148486.6,575956.4,300356.3,81490.3,84678.5,236682.8,65034.6,380214.9,1820368.6,2070221,3788395.4,3535820,1296317.6,678451.1,119546.8,3319142,1547412.3
85,0.00212,0.00211,0.0021,0.00209,0.00208,0.00207,0.00206,0.00205,0.00204,0.00203,0.00213,0.00214,0.00215,0.00216,0.00217,0.00218,0.00219,0.0022,0.00221,0.00222,693235.7,3979070.6,2600873.1,1148486.6,575956.4,300356.3,296294,112302.9,236682.8,65034.6,344995.2,2659688.7,1471774.5,3788395.4,3535820,1296317.6,678451.1,119546.8,3319142,1547412.3
86,0.00212,0.00211,0.0021,0.00209,0.00208,0.00207,0.00206,0.00205,0.00204,0.00203,0.00213,0.00214,0.00215,0.00216,0.00217,0.00218,0.00219,0.0022,0.00221,0.00222,743969.2,3739872.1,2480524.1,804366.8,518608.9,131026.2,298721.2,112302.9,234231.8,65034.6,314466.2,1745121.5,2346343.9,1411266.2,3318157.3,4070911.7,872499.3,119546.8,3319142,1547412.3
87,0.00212,0.00211,0.0021,0.00209,0.00208,0.00207,0.00206,0.00205,0.00204,0.00203,0.00213,0.00214,0.00215,0.00216,0.00217,0.00218,0.00219,0.0022,0.00221,0.00222,739084.9,3744898.5,2480447,804366.8,556936.8,92513.1,326211.5,84678.5,234231.8,65034.6,323986.3,1981078.1,1855049.7,1411266.2,3318157.3,4070911.7,869961.1,119546.8,3319142,1536414.2
88,0.00212,0.00211,0.0021,0.00209,0.00208,0.00207,0.00206,0.00205,0.00204,0.00203,0.00213,0.00214,0.00215,0.00216,0.00217,0.00218,0.00219,0.0022,0.00221,0.00222,743820.4,3740143.2,2971664,804366.8,530607.1,131026.2,345512.1,65283.7,234231.8,65034.6,314466.2,1745143,2100975.4,1138184.7,3591239.4,4070911.7,2535281.2,119546.8,3319142,1547412.3
89,0.00212,0.00211,0.0021,0.00209,0.00208,0.00207,0.00206,0.00205,0.00204,0.00203,0.00213,0.00214,0.00215,0.00216,0.00217,0.00218,0.00219,0.0022,0.00221,0.00222,1685038.8,3821265.5,1534774.5,935228.8,568935,92513.1,345512.1,65283.7,234231.8,65034.6,246191.4,1343799.6,2101033.2,1146087.1,3583337,4070911.7,2535281.2,119546.8,3319142,134912.1
90,0.00212,0.00211,0.0021,0.00209,0.00208,0.00207,0.00206,0.00205,0.00204,0.00203,0.00213,0.00214,0.00215,0.00216,0.00217,0.00218,0.00219,0.0022,0.00221,0.00222,1685083,3821279.2,1534736,935228.8,568935,92513.1,345512.1,65283.7,234231.8,65034.6,314466.2,1353479,2101014,1138184.7,3591239.4,4070911.7,2535281.2,121819.6,3316879.5,134912.1
91,0.00212,0.00211,0.0021,0.00209,0.00208,0.00207,0.00206,0.00205,0.00204,0.00203,0.00213,0.00214,0.00215,0.00216,0.00217,0.00218,0.00219,0.0022,0.00221,0.00222,1680333.4,3826119.5,1534678.2,935228.8,568935,92513.1,345512.1,65283.7,234231.8,65034.6,324026.4,1343799.6,2101014,1146087.1,3583337,4070911.7,2535281.2,121819.6,3316879.5,134912.1
92,0.00212,0.00211,0.0021,0.00209,0.00208,0.00207,0.00206,0.00205,0.00204,0.00203,0.00213,0.00214,0.00215,0.00216,0.00217,0.00218,0.00219,0.0022,0.00221,0.00222,1675523.4,3830760.9,1534736,757705.3,568935,92513.1,326211.5,84678.5,234231.8,65034.6,324003,1735321.6,2100994.7,1138184.7,3583337,4070911.7,2535281.2,121819.6,104271.7,134912.1
93,0.00212,0.00211,0.0021,0.00209,0.00208,0.00207,0.00206,0.00205,0.00204,0.00203,0.00213,0.00214,0.00215,0.00216,0.00217,0.00218,0.00219,0.0022,0.00221,0.00222,920226.4,4858006.2,1643531.9,733553.8,486933.7,131026.2,298721.2,112302.9,234231.8,65034.6,405952.8,1981007.2,1855366.9,1138184.7,3583337,4070911.7,1966313.9,158056.9,637165.7,134912.1
94,0.00211,0.0021,0.00209,0.00208,0.00207,0.00206,0.00205,0.00204,0.00203,0.00202,0.00212,0.00213,0.00214,0.00215,0.00216,0.00217,0.00218,0.00219,0.0022,0.00221,2191505.3,4510043.9,1078315,657254.9,522919,343085.6,65283.7,236682.8,65034.6,363002.3,329539.7,1529280.6,1081397.5,1820972,1443494.6,3608944.3,3421299,1772265.7,121819.6,637165.7
95,0.00211,0.0021,0.00209,0.00208,0.00207,0.00206,0.00205,0.00204,0.00203,0.00202,0.00212,0.00213,0.00214,0.00215,0.00216,0.00217,0.00218,0.00219,0.0022,0.00221,620179.4,5812709.5,1221809.3,733910.7,484405.9,343085.6,65283.7,236682.8,65034.6,363002.3,300062.9,1538894.7,1095751.5,1806618,1443494.6,3608944.3,3421299,1772265.7,121819.6,637165.7
96,0.00211,0.0021,0.00209,0.00208,0.00207,0.00206,0.00205,0.00204,0.00203,0.00202,0.00212,0.00213,0.00214,0.00215,0.00216,0.00217,0.00218,0.00219,0.0022,0.00221,615427.8,6311412.9,1222434.9,733910.7,484405.9,100791.6,65283.7,236682.8,65034.6,363002.3,309542.6,2481403.4,1162921.1,871226.4,1426533.6,3608944.3,3421299,1772265.7,121819.6,637165.7
97,0.00211,0.0021,0.00209,0.00208,0.00207,0.00206,0.00205,0.00204,0.00203,0.00202,0.00212,0.00213,0.00214,0.00215,0.00216,0.00217,0.00218,0.00219,0.0022,0.00221,615440.6,6251901.5,1298723.9,657254.9,484405.9,100791.6,65283.7,236682.8,65034.6,363002.3,387844.4,2474908.8,840690.2,871227,1426533.6,3608944.3,3418628.8,1766071.5,104162.4,637165.7
98,0.00211,0.0021,0.00209,0.00208,0.00207,0.00206,0.00205,0.00204,0.00203,0.00202,0.00212,0.00213,0.00214,0.00215,0.00216,0.00217,0.00218,0.00219,0.0022,0.00221,620180.4,6541256,1359866.8,618927,440884.2,100791.6,65283.7,236682.8,65034.6,363002.3,300062.9,2731176.7,881609.6,822587.6,1699615.1,3335862.8,3421299,1774548.9,119546.8,637165.7
99,0.00212,0.00211,0.0021,0.00209,0.00208,0.00207,0.00206,0.00205,0.00204,0.00203,0.00213,0.00214,0.00215,0.00216,0.00217,0.00218,0.00219,0.0022,0.00221,0.00222,425530,4773616.9,3538462.8,1173990.7,407347.5,247442.1,100791.6,65283.7,236682.8,65034.6,273026.8,2016141.8,1059182.9,1674423.1,3299094.9,4050243.1,2970823.4,119546.8,673239,134912.1
100,0.00212,0.00211,0.0021,0.00209,0.00208,0.00207,0.00206,0.00205,0.00204,0.00203,0.00213,0.00214,0.00215,0.00216,0.00217,0.00218,0.00219,0.0022,0.00221,0.00222,368709.1,5810032.9,2886117.4,829817.7,405972.7,54000,103218.8,65283.7,234231.8,65034.6,250966.3,2950622.5,1094743.4,1644962.4,3269659.2,4050243.1,2968540.2,119546.8,673239,137195.3
101,0.00212,0.00211,0.0021,0.00209,0.00208,0.00207,0.00206,0.00205,0.00204,0.00203,0.00213,0.00214,0.00215,0.00216,0.00217,0.00218,0.00219,0.0022,0.00221,0.00222,378348.4,4374940.2,3231048.6,829817.7,405972.7,54000,103218.8,65283.7,234231.8,65034.6,251081.7,3196077,1094743.4,1644962.4,3277562.2,4050243.1,2968540.2,119546.8,673239,137195.3
102,0.00212,0.00211,0.0021,0.00209,0.00208,0.00207,0.00206,0.00205,0.00204,0.00203,0.00213,0.00214,0.00215,0.00216,0.00217,0.00218,0.00219,0.0022,0.00221,0.00222,378303.2,4827787.6,2967961.4,829817.7,405972.7,54000,103218.8,65283.7,234231.8,65034.6,250932.1,3342018.5,1094743.4,1644962.4,3269659.2,4050243.1,2968540.2,119546.8,673239,137195.3
103,0.00212,0.00211,0.0021,0.00209,0.00208,0.00207,0.00206,0.00205,0.00204,0.00203,0.00213,0.00214,0.00215,0.00216,0.00217,0.00218,0.00219,0.0022,0.00221,0.00222,378294,4911623.6,2968134.2,829817.7,405972.7,54000,103218.8,65283.7,234231.8,65034.6,328925,3342259.1,994043.9,1472580.4,3550641.2,4050243.1,1305758.3,155784.1,637165.7,137195.3
104,0.00212,0.00211,0.0021,0.00209,0.00208,0.00207,0.00206,0.00205,0.00204,0.00203,0.00213,0.00214,0.00215,0.00216,0.00217,0.00218,0.00219,0.0022,0.00221,0.00222,452734.1,4911617.5,2968134.2,829817.7,405972.7,54000,103218.8,65283.7,234231.8,65034.6,319379.8,2531862.9,994043.9,1480480.9,3542740.7,4050243.1,1305758.3,119546.8,673239,137195.3
105,0.00212,0.00211,0.0021,0.00209,0.00208,0.00207,0.00206,0.00205,0.00204,0.00203,0.00213,0.00214,0.00215,0.00216,0.00217,0.00218,0.00219,0.0022,0.00221,0.00222,452734.1,5475090.3,2252841.7,951000.6,405972.7,54000,103218.8,65283.7,234231.8,65034.6,319379.8,2140466.9,994043.9,1472580.4,3550641.2,4050243.1,1305758.3,119546.8,673239,137195.3
106,0.00212,0.00211,0.0021,0.00209,0.00208,0.00207,0.00206,0.00205,0.00204,0.00203,0.00213,0.00214,0.00215,0.00216,0.00217,0.00218,0.00219,0.0022,0.00221,0.00222,452734.1,5921391.3,2252380.9,951000.6,405972.7,54000,103218.8,65283.7,234231.8,65034.6,228543.4,2058585.2,1008397.9,1466126.9,3542740.7,4050243.1,1305758.3,119546.8,673239,137195.3
107,0.00212,0.00211,0.0021,0.00209,0.00208,0.00207,0.00206,0.00205,0.00204,0.00203,0.00213,0.00214,0.00215,0.00216,0.00217,0.00218,0.00219,0.0022,0.00221,0.00222,452734.1,5802559.1,2252323.3,951000.6,405972.7,54000,103218.8,65283.7,234231.8,65034.6,228543.4,2058585.2,1008397.9,1458226.4,3550641.2,4050243.1,1303220.1,121819.6,673239,123914
108,0.00212,0.00211,0.0021,0.00209,0.00208,0.00207,0.00206,0.00205,0.00204,0.00203,0.00213,0.00214,0.00215,0.00216,0.00217,0.00218,0.00219,0.0022,0.00221,0.00222,452627.3,5802485.1,2252380.9,951000.6,405972.7,54000,103218.8,65283.7,234231.8,65034.6,382496.4,2449768.4,1008397.9,1458226.4,3542740.7,4050243.1,1305758.3,121819.6,673239,134912.1
109,0.00212,0.00211,0.0021,0.00209,0.00208,0.00207,0.00206,0.00205,0.00204,0.00203,0.00213,0.00214,0.00215,0.00216,0.00217,0.00218,0.00219,0.0022,0.00221,0.00222,452627.3,4888223.7,2194234.2,951104.5,406320.9,81356,75727.7,65283.7,234231.8,65034.6,161543.7,2948392.1,1209209.1,1401440.2,3550641,4050243.1,1305758.3,121819.6,673239,134912.1
110,0.00212,0.00211,0.0021,0.00209,0.00208,0.00207,0.00206,0.00205,0.00204,0.00203,0.00213,0.00214,0.00215,0.00216,0.00217,0.00218,0.00219,0.0022,0.00221,0.00222,452627.3,4907986,2401721.4,740964.4,406320.9,441000,103216.5,65283.7,234231.8,65034.6,222813.9,2841989.1,1008570.5,1458226.4,3550641,4050243.1,1305758.3,121819.6,673239,134912.1
111,0.00212,0.00211,0.0021,0.00209,0.00208,0.00207,0.00206,0.00205,0.00204,0.00203,0.00213,0.00214,0.00215,0.00216,0.00217,0.00218,0.00219,0.0022,0.00221,0.00222,378187.2,4500372,2401721.4,740964.4,406320.9,103062.3,103216.5,65283.7,234231.8,65034.6,222813.9,2450721.1,1008588.9,1466126.7,3542740.7,4050243.1,1305758.3,121819.6,673239,134912.1
112,0.00212,0.00211,0.0021,0.00209,0.00208,0.00207,0.00206,0.00205,0.00204,0.00203,0.00213,0.00214,0.00215,0.00216,0.00217,0.00218,0.00219,0.0022,0.00221,0.00222,378187.2,4418389.7,2339744.1,619677.6,406320.9,180038.7,56427.2,65283.7,234231.8,65034.6,217327.7,2028358.4,901283.9,1061044.1,3542740.7,4050243.1,1305758.3,121819.6,673239,134912.1
113,0.00212,0.00211,0.0021,0.00209,0.00208,0.00207,0.00206,0.00205,0.00204,0.00203,0.00213,0.00214,0.00215,0.00216,0.00217,0.00218,0.00219,0.0022,0.00221,0.00222,378187.2,4417448.5,2340243.1,740964.4,406320.9,100563.2,56427.2,65283.7,234231.8,65034.6,217327.7,2028358.4,901283.9,1778785.8,3335401.9,4265482,1305758.3,121819.6,673239,134912.1
114,0.00213,0.00212,0.00211,0.0021,0.00209,0.00208,0.00207,0.00206,0.00205,0.00204,0.00214,0.00215,0.00216,0.00217,0.00218,0.00219,0.0022,0.00221,0.00222,0.00223,575200.3,2661959.9,3009110.7,1830443.5,548583,94254.4,81356,75727.7,65283.7,234231.8,269022.6,1357211.3,2949972.3,3864161.5,4462658.3,495679.3,121819.6,637165.7,134912.1,3305529
115,0.00214,0.00213,0.00212,0.00211,0.0021,0.00209,0.00208,0.00207,0.00206,0.00205,0.00215,0.00216,0.00217,0.00218,0.00219,0.0022,0.00221,0.00222,0.00223,0.00224,593874.5,2361177,2647767.2,1179154.3,830253.3,291949.4,21940.9,54000,103216.5,65283.7,306626,1829053.7,3077263.7,4138912.5,2364667.7,1077559.9,637165.7,134912.1,3307771.2,1524095.3
116,0.00214,0.00213,0.00212,0.00211,0.0021,0.00209,0.00208,0.00207,0.00206,0.00205,0.00215,0.00216,0.00217,0.00218,0.00219,0.0022,0.00221,0.00222,0.00223,0.00224,401030.8,1017448.2,2792571,1724328.4,830253.3,253804.9,21940.9,100563.2,56427.2,65283.7,968541.1,1338351.2,2882298.5,2205548,2391954.3,2499320.6,637165.7,134912.1,3307771.2,1524095.3
117,0.00213,0.00212,0.00211,0.0021,0.00209,0.00208,0.00207,0.00206,0.00205,0.00204,0.00214,0.00215,0.00216,0.00217,0.00218,0.00219,0.0022,0.00221,0.00222,0.00223,484987.7,4326288.6,2117538.6,792290.4,492076.2,98009.5,100563.2,56427.2,65283.7,234231.8,244224.8,1850236.1,1962742.5,2514436.1,2205548,2199006.2,2499320.6,637165.7,134912.1,3307771.2
118,0.00213,0.00212,0.00211,0.0021,0.00209,0.00208,0.00207,0.00206,0.00205,0.00204,0.00214,0.00215,0.00216,0.00217,0.00218,0.00219,0.0022,0.00221,0.00222,0.00223,600325.7,4872537.9,1375283.6,792290.4,530220.7,117140.5,100563.2,56427.2,65283.7,234231.8,244224.8,1728782.1,1837410.1,2418162.3,2475959.3,2192812,2481663.4,622967.3,119052.1,3343521
119,0.00214,0.00213,0.00212,0.00211,0.0021,0.00209,0.00208,0.00207,0.00206,0.00205,0.00215,0.00216,0.00217,0.00218,0.00219,0.0022,0.00221,0.00222,0.00223,0.00224,481352.9,3022087.4,2995621.5,1038312.7,754327.5,330093.9,21940.9,100563.2,56427.2,65283.7,306929.5,2088906.6,2380109.6,2714777,2341726.2,2998153,817015.5,119052.1,3307771.2,111595
120,0.00215,0.00214,0.00213,0.00212,0.00211,0.0021,0.00209,0.00208,0.00207,0.00206,0.00216,0.00217,0.00218,0.00219,0.0022,0.00221,0.00222,0.00223,0.00224,0.00225,449124.9,2039612,3024380.2,444322.9,697307.7,830253.3,77034.2,24344.8,100563.2,54000,389994.6,2125520.3,3047116.9,2347920.4,4001747.9,831213.9,134912.1,3307771.2,111595,56794.8
121,0.00215,0.00214,0.00213,0.00212,0.00211,0.0021,0.00209,0.00208,0.00207,0.00206,0.00216,0.00217,0.00218,0.00219,0.0022,0.00221,0.00222,0.00223,0.00224,0.00225,215898.4,2087584.7,3656971.1,750080.8,697307.7,925081.7,77034.2,268735.3,100563.2,54000,393043.4,3459934.4,3024494,1700124.4,4649543.9,831213.9,134912.1,3307771.2,111595,56794.8
122,0.00215,0.00214,0.00213,0.00212,0.00211,0.0021,0.00209,0.00208,0.00207,0.00206,0.00216,0.00217,0.00218,0.00219,0.0022,0.00221,0.00222,0.00223,0.00224,0.00225,215898.4,3272388.7,3336484.2,750080.8,735090.7,670462.1,88826.6,268735.3,100563.2,54000,346747.2,3445468,2626622.7,1700124.4,4649543.9,1420785,134912.1,3307771.2,111595,56794.8
123,0.00215,0.00214,0.00213,0.00212,0.00211,0.0021,0.00209,0.00208,0.00207,0.00206,0.00216,0.00217,0.00218,0.00219,0.0022,0.00221,0.00222,0.00223,0.00224,0.00225,202740.6,3127779.3,2988398.8,749901.5,656931.5,613628.3,88826.6,268735.3,100563.2,54000,346759.8,3128500.1,1720167.3,2017054.9,4922625.4,2054158.9,3307109.3,95163.4,111595,56794.8
124,0.00215,0.00214,0.00213,0.00212,0.00211,0.0021,0.00209,0.00208,0.00207,0.00206,0.00216,0.00217,0.00218,0.00219,0.0022,0.00221,0.00222,0.00223,0.00224,0.00225,368140.2,4247096.5,1775323.2,749901.5,656931.5,575665.4,126971.1,268735.3,100563.2,54000,357109.8,2742964.8,1720167.3,2664850.9,4274829.4,1485191.6,3307109.3,92921.2,682794.5,56794.8
125,0.00215,0.00214,0.00213,0.00212,0.00211,0.0021,0.00209,0.00208,0.00207,0.00206,0.00216,0.00217,0.00218,0.00219,0.0022,0.00221,0.00222,0.00223,0.00224,0.00225,311524.2,4538145.1,1998235.9,749901.5,656931.5,524308.2,330035.1,28771.1,100563.2,54000,357109.8,2743133.5,1602629.1,1560096.6,4274829.4,4739027.1,3683875.5,92921.2,682794.5,92226.8
126,0.00215,0.00214,0.00213,0.00212,0.00211,0.0021,0.00209,0.00208,0.00207,0.00206,0.00216,0.00217,0.00218,0.00219,0.0022,0.00221,0.00222,0.00223,0.00224,0.00225,317010.4,3425883.6,2360556.9,749901.5,656931.5,406774.7,566458.8,28771.1,100563.2,54000,357109.8,2742983.5,1602629.1,1560096.6,4274829.4,4739027.1,4440798.5,92921.2,682794.5,92226.8
127,0.00215,0.00214,0.00213,0.00212,0.00211,0.0021,0.00209,0.00208,0.00207,0.00206,0.00216,0.00217,0.00218,0.00219,0.0022,0.00221,0.00222,0.00223,0.00224,0.00225,317010.4,3542938.2,2602653.3,749901.5,656931.5,368811.8,604603.3,28771.1,100563.2,54000,357109.8,3128310.3,1643019.3,1557558.4,4274829.4,4739027.1,4429800.4,92921.2,682794.5,89432
128,0.00215,0.00214,0.00213,0.00212,0.00211,0.0021,0.00209,0.00208,0.00207,0.00206,0.00216,0.00217,0.00218,0.00219,0.0022,0.00221,0.00222,0.00223,0.00224,0.00225,326509.1,4360705.9,1818573,705545.7,656931.5,368811.8,604603.3,28771.1,46569.5,54000,347521.1,3137887.3,1643019.3,1833178.1,4001747.9,4750025.2,4429800.4,92921.2,685589.3,89432
129,0.00216,0.00215,0.00214,0.00213,0.00212,0.00211,0.0021,0.00209,0.00208,0.00207,0.00217,0.00218,0.00219,0.0022,0.00221,0.00222,0.00223,0.00224,0.00225,0.00226,294918.2,2438051.3,3515063.6,939932.5,377804,327777,91962.9,403931.7,28771.1,46569.5,364674.1,3094396.6,1848085.1,4927318.1,4927343.3,4604122.1,92921.2,685589.3,89432,1483809.8
130,0.00216,0.00215,0.00214,0.00213,0.00212,0.00211,0.0021,0.00209,0.00208,0.00207,0.00217,0.00218,0.00219,0.0022,0.00221,0.00222,0.00223,0.00224,0.00225,0.00226,246258.4,2545008.5,3558850.3,896504.8,446229.4,258769.1,129925.8,365787.2,28771.1,46569.5,274307.5,3207691.7,1839352.7,4927318.1,4927343.3,4604122.1,92921.2,685589.3,54000,1519085
131,0.00216,0.00215,0.00214,0.00213,0.00212,0.00211,0.0021,0.00209,0.00208,0.00207,0.00217,0.00218,0.00219,0.0022,0.00221,0.00222,0.00223,0.00224,0.00225,0.00226,395486.9,4292578.9,1879002.9,815734.2,446229.4,258769.1,567320.5,165115.6,28771.1,46572.3,271564.4,2969344.9,2054642.8,2397917.7,4927343.3,6748921.6,92921.2,685589.3,89432,1483809.8
132,0.00216,0.00215,0.00214,0.00213,0.00212,0.00211,0.0021,0.00209,0.00208,0.00207,0.00217,0.00218,0.00219,0.0022,0.00221,0.00222,0.00223,0.00224,0.00225,0.00226,366865.6,3901478.6,1835253.2,859636.9,408624.7,296552.1,567320.5,165115.6,28771.1,27362.2,283852.7,3339092.2,2054642.8,2576317.1,4927343.3,6748921.6,92921.2,683357.1,91654.3,1483809.8
133,0.00216,0.00215,0.00214,0.00213,0.00212,0.00211,0.0021,0.00209,0.00208,0.00207,0.00217,0.00218,0.00219,0.0022,0.00221,0.00222,0.00223,0.00224,0.00225,0.00226,366834,4292409.7,1878976.6,815734.2,446326.7,258769.1,567320.5,165115.6,28771.1,46572.3,271564.4,3351479.2,1781561.3,2849398.6,4927343.3,6748921.6,92921.2,683357.1,91654.3,1483809.8
134,0.00217,0.00216,0.00215,0.00214,0.00213,0.00212,0.00211,0.0021,0.00209,0.00208,0.00218,0.00219,0.0022,0.00221,0.00222,0.00223,0.00224,0.00225,0.00226,0.00227,1447309.9,3349128.4,855329.7,643182.4,508846.3,255055.4,56369.7,369985.6,126971.1,26367.2,76134.4,2412924.4,3507919.9,5527853,7153325.7,279004.3,683357.1,56222.3,1519085,3326836.8
135,0.00217,0.00216,0.00215,0.00214,0.00213,0.00212,0.00211,0.0021,0.00209,0.00208,0.00218,0.00219,0.0022,0.00221,0.00222,0.00223,0.00224,0.00225,0.00226,0.00227,1399464.3,2851816.9,1218564.4,519163.5,430912.1,161811.8,54000,407948.5,88826.6,26367.2,55104.7,2053763.2,2716033.6,4483758.5,7634360.1,1947674.9,1489490.4,56222.3,106584.7,3326836.8
136,0.00218,0.00217,0.00216,0.00215,0.00214,0.00213,0.00212,0.00211,0.0021,0.00209,0.00219,0.0022,0.00221,0.00222,0.00223,0.00224,0.00225,0.00226,0.00227,0.00228,532607.2,2378251.1,2725390.3,638106.4,280113.3,218612.1,150040,58739.4,167888.7,88826.6,507410.6,3529516.8,4730756.8,7633313.4,1964635.9,1674741.5,54000,106584.7,3326836.8,69439.4
137,0.00219,0.00218,0.00217,0.00216,0.00215,0.00214,0.00213,0.00212,0.00211,0.0021,0.0022,0.00221,0.00222,0.00223,0.00224,0.00225,0.00226,0.00227,0.00228,0.00229,256868.9,2658864.1,1795625.6,1527959.8,594642.1,280113.3,218612.1,150040,292922.1,167888.7,460588.3,7230788,6264575.7,1964635.9,2505962.8,1424997.6,106584.7,3326836.8,69439.4,1417955
138,0.00219,0.00218,0.00217,0.00216,0.00215,0.00214,0.00213,0.00212,0.00211,0.0021,0.0022,0.00221,0.00222,0.00223,0.00224,0.00225,0.00226,0.00227,0.00228,0.00229,243565.8,2287914.6,2460241.9,1053322.7,592049.2,242036,257979.7,152398.5,94152.7,129925.8,1253129,5954556.3,4184773.7,2459768.5,2673679.1,1703564.8,2035779.1,109770,56324.6,1468722.6
139,0.00219,0.00218,0.00217,0.00216,0.00215,0.00214,0.00213,0.00212,0.00211,0.0021,0.0022,0.00221,0.00222,0.00223,0.00224,0.00225,0.00226,0.00227,0.00228,0.00229,307561.2,3410078.7,2149467.1,1433507.5,595286.3,335874.8,257979.7,152398.5,94152.7,129925.8,327081.5,5929029.5,4167488,2459768.5,2104711.8,1865211.9,2412545.3,109770,625291.9,1468722.6
140,0.00219,0.00218,0.00217,0.00216,0.00215,0.00214,0.00213,0.00212,0.00211,0.0021,0.0022,0.00221,0.00222,0.00223,0.00224,0.00225,0.00226,0.00227,0.00228,0.00229,300551.2,4281883.5,2046406.7,799510.5,572535.4,335874.8,269607.6,152398.5,94152.7,129925.8,327081.5,5496526.7,3843122.1,1244054.8,2110366.7,3087504.4,3175288.6,114229,638406.7,1471955
141,0.00219,0.00218,0.00217,0.00216,0.00215,0.00214,0.00213,0.00212,0.00211,0.0021,0.0022,0.00221,0.00222,0.00223,0.00224,0.00225,0.00226,0.00227,0.00228,0.00229,453437.6,3228534.5,2719596.2,389504.9,549009.5,223793.2,309383.3,118747.8,129566,91962.9,175991.2,4030846.4,3875737.7,1772309.6,2096303.9,5122483.1,3210563.8,114229,640599.7,1469732.7
142,0.00219,0.00218,0.00217,0.00216,0.00215,0.00214,0.00213,0.00212,0.00211,0.0021,0.0022,0.00221,0.00222,0.00223,0.00224,0.00225,0.00226,0.00227,0.00228,0.00229,453368.5,2381099.5,3601968.3,389504.9,549009.5,223793.2,309383.3,351825.9,176811,54000,305445.7,3650082.1,5138600.2,1553551.1,2096303.9,5157915.1,3175288.6,114229,640599.7,1469732.7
143,0.0022,0.00219,0.00218,0.00217,0.00216,0.00215,0.00214,0.00213,0.00212,0.00211,0.00221,0.00222,0.00223,0.00224,0.00225,0.00226,0.00227,0.00228,0.00229,0.0023,619935.6,1626088.5,3379503,464849.5,481555.4,276566.3,59404.5,311730.8,116389.3,176811,2179041,4821190.1,1970079.8,2539282.1,5483892,3345304.4,114229,640599.7,1469732.7,3280989.6
144,0.0022,0.00219,0.00218,0.00217,0.00216,0.00215,0.00214,0.00213,0.00212,0.00211,0.00221,0.00222,0.00223,0.00224,0.00225,0.00226,0.00227,0.00228,0.00229,0.0023,243932.3,549415.2,4107285.9,799335.8,414538.9,264958.8,59404.5,175702.9,118747.8,176811,2276305.2,4515281.6,1898528.9,2646034.3,5515696.1,4349541,114229,640599.7,1469732.7,3280989.6
145,0.0022,0.00219,0.00218,0.00217,0.00216,0.00215,0.00214,0.00213,0.00212,0.00211,0.00221,0.00222,0.00223,0.00224,0.00225,0.00226,0.00227,0.00228,0.00229,0.0023,238300.9,927863.1,3769615.7,799335.8,414538.9,264958.8,59404.5,140622.2,153994,176811,2327049.6,4681040.8,1803067.8,2646034.3,5524777.9,4438423.3,114229,640599.7,1469732.7,3280989.6
146,0.00221,0.0022,0.00219,0.00218,0.00217,0.00216,0.00215,0.00214,0.00213,0.00212,0.00222,0.00223,0.00224,0.00225,0.00226,0.00227,0.00228,0.00229,0.0023,0.00231,100724.5,1081171.6,2420947,2611355.4,1342658,277932.1,99651.4,71070.4,175702.9,116389.3,2557814.6,2788353.2,3951883.6,5541738.9,4630504.5,3325250.5,638406.7,1469732.7,3280989.6,76192.7
147,0.00223,0.00222,0.00221,0.0022,0.00219,0.00218,0.00217,0.00216,0.00215,0.00214,0.00224,0.00225,0.00226,0.00227,0.00228,0.00229,0.0023,0.00231,0.00232,0.00233,243435.8,1044360.4,2257620.6,1591166.2,377214.7,1459880.7,152543.6,66073.2,101977,292640.7,3178763.8,6950939.4,4953093.3,3712079.1,1002328.3,2049277,3280989.6,73999.7,133255.1,80049.2
148,0.00221,0.0022,0.00219,0.00218,0.00217,0.00216,0.00215,0.00214,0.00213,0.00212,0.00222,0.00223,0.00224,0.00225,0.00226,0.00227,0.00228,0.00229,0.0023,0.00231,308911.6,788290.5,2534583.5,1931289.6,527718.7,281692.5,171046.7,61741,182728.6,418126.6,585508.7,1496970.9,3963343.4,4922798.6,5317726.6,3673320.3,638406.7,4178113.8,3280989.6,73999.7
149,0.00221,0.0022,0.00219,0.00218,0.00217,0.00216,0.00215,0.00214,0.00213,0.00212,0.00222,0.00223,0.00224,0.00225,0.00226,0.00227,0.00228,0.00229,0.0023,0.00231,203731.3,1254443.3,2804900.1,1601111.1,534683.4,304149,101977,61741,182728.6,455731.3,618891.8,2378428.6,3544074.6,5244388.6,4642644,3479272.1,638406.7,4178113.8,3280989.6,73999.7
150,0.0022,0.00219,0.00218,0.00217,0.00216,0.00215,0.00214,0.00213,0.00212,0.00211,0.00221,0.00222,0.00223,0.00224,0.00225,0.00226,0.00227,0.00228,0.00229,0.0023,97456.3,2292629.8,3208354.4,536302.3,485218.9,346577.6,59404.5,185076.1,173674.7,94152.7,665201.2,1572423,2019287.7,2694413.2,3894554.3,4432603,4940334.7,638406.7,2765613.5,3280989.6
151,0.0022,0.00219,0.00218,0.00217,0.00216,0.00215,0.00214,0.00213,0.00212,0.00211,0.00221,0.00222,0.00223,0.00224,0.00225,0.00226,0.00227,0.00228,0.00229,0.0023,252409.6,2477821.4,3974550.9,402815.9,556547.1,422170.5,59404.5,231554.9,100823.8,167349,2209974.3,1241374.6,1858074.2,2182663.6,3672368.6,4260576.9,4940334.7,638406.7,2765613.5,70555.8
152,0.0022,0.00219,0.00218,0.00217,0.00216,0.00215,0.00214,0.00213,0.00212,0.00211,0.00221,0.00222,0.00223,0.00224,0.00225,0.00226,0.00227,0.00228,0.00229,0.0023,327864.1,2981281.7,3001940,448438,510331.8,422266.4,106051.7,175702.9,333901.9,167349,1768768,729956.3,1555522.1,2821943.3,2664509.3,3110865.6,8112532.1,638406.7,2132239.6,70555.8
153,0.0022,0.00219,0.00218,0.00217,0.00216,0.00215,0.00214,0.00213,0.00212,0.00211,0.00221,0.00222,0.00223,0.00224,0.00225,0.00226,0.00227,0.00228,0.00229,0.0023,324045.2,1874363.4,3609984,448438,568005.4,342049.6,185351.9,105403.6,333901.9,167349,1917586.2,1129630,2015365.8,1960766.7,2664509.3,3523090.9,8112532.1,638406.7,1720014.3,70555.8
154,0.00219,0.00218,0.00217,0.00216,0.00215,0.00214,0.00213,0.00212,0.00211,0.0021,0.0022,0.00221,0.00222,0.00223,0.00224,0.00225,0.00226,0.00227,0.00228,0.00229,782664.5,3806144.9,919150.7,994491.7,457914.2,359610.7,105403.6,136070,131935.7,341123.8,243283.9,1940593.9,1740161.8,1362939.6,1490362.7,2489187.8,3335886.2,8112532.1,638406.7,1720014.3
155,0.00219,0.00218,0.00217,0.00216,0.00215,0.00214,0.00213,0.00212,0.00211,0.0021,0.0022,0.00221,0.00222,0.00223,0.00224,0.00225,0.00226,0.00227,0.00228,0.00229,306433.6,1870654.7,3550016.6,797954.5,423651.7,632227.3,103056.1,182768.1,134305.4,54000,1092059.2,2267838.8,1314586.7,1594324.5,2859661,2133492.5,3335886.2,6890239.6,638406.7,1720014.3
156,0.00218,0.00217,0.00216,0.00215,0.00214,0.00213,0.00212,0.00211,0.0021,0.00209,0.00219,0.0022,0.00221,0.00222,0.00223,0.00224,0.00225,0.00226,0.00227,0.00228,761480,3785098.4,572849.7,943025.8,563683,417962.7,220762,96522.4,54000,324994.9,339475,981445.3,1902192.5,1206364.6,1001791.1,2673203.5,2133492.5,3335886.2,6890239.6,638406.7
157,0.00217,0.00216,0.00215,0.00214,0.00213,0.00212,0.00211,0.0021,0.00209,0.00208,0.00218,0.00219,0.0022,0.00221,0.00222,0.00223,0.00224,0.00225,0.00226,0.00227,54000,1167155.8,2974299.2,1025427.7,535120.2,511755.4,164062.6,56381,48442.3,356246.3,1155465.3,1740990,1731346.2,579043.1,653218.7,767739,1470340.7,2133492.5,3335886.2,6892442.3
158,0.00216,0.00215,0.00214,0.00213,0.00212,0.00211,0.0021,0.00209,0.00208,0.00207,0.00217,0.00218,0.00219,0.0022,0.00221,0.00222,0.00223,0.00224,0.00225,0.00226,375414.2,3226221.9,1362882.6,730474.4,506982.3,394117.3,134221.3,80331.4,41061.7,10441.6,407601.9,889998.9,1799224.3,2514148.4,671396.3,693323.7,56906.6,1276292.5,2133492.5,2923660.9
159,0.00215,0.00214,0.00213,0.00212,0.00211,0.0021,0.00209,0.00208,0.00207,0.00206,0.00216,0.00217,0.00218,0.00219,0.0022,0.00221,0.00222,0.00223,0.00224,0.00225,573300.1,4038735.7,1075405.6,657094.3,553710.7,547922.8,77939,43465.6,8026.1,346691.1,582985.7,1053550.9,1044594.4,1096763.5,2297470.6,515644.1,468517.1,56906.6,1276292.5,2702459.8
160,0.00215,0.00214,0.00213,0.00212,0.00211,0.0021,0.00209,0.00208,0.00207,0.00206,0.00216,0.00217,0.00218,0.00219,0.0022,0.00221,0.00222,0.00223,0.00224,0.00225,111154.5,4625579.9,971007.6,697994.4,952369.7,585885.7,96961.1,24344.8,8026.1,346691.1,548974.3,1031073.3,1680580.5,1966408,1601197.3,1833736.9,468517.1,56906.6,54000,2702459.8
161,0.00215,0.00214,0.00213,0.00212,0.00211,0.0021,0.00209,0.00208,0.00207,0.00206,0.00216,0.00217,0.00218,0.00219,0.0022,0.00221,0.00222,0.00223,0.00224,0.00225,313793.7,1743102,2452029.5,694040.4,952369.7,588697.4,50834.7,70681.7,8026.1,346691.1,548974.3,1031073.3,1687040.1,1959948.4,1601197.3,5083626,468517.1,56906.6,54000,2654510.4
162,0.00215,0.00214,0.00213,0.00212,0.00211,0.0021,0.00209,0.00208,0.00207,0.00206,0.00216,0.00217,0.00218,0.00219,0.0022,0.00221,0.00222,0.00223,0.00224,0.00225,431725.2,3038817.5,2271965.7,699591.8,952369.7,517393.8,59805.9,310645.9,8026.1,346691.1,545373.4,1552679.3,1206290,1176849.1,2091202.6,5911048.1,468517.1,56906.6,54000,2654510.4
163,0.00215,0.00214,0.00213,0.00212,0.00211,0.0021,0.00209,0.00208,0.00207,0.00206,0.00216,0.00217,0.00218,0.00219,0.0022,0.00221,0.00222,0.00223,0.00224,0.00225,255244.3,2383555,2082076.5,571484.9,999289.1,498313.9,59805.9,310645.9,404671,54000,535924.8,1562212.8,1206290,1176849.1,2091202.6,5911048.1,468517.1,56906.6,54000,2654510.4
164,0.00215,0.00214,0.00213,0.00212,0.00211,0.0021,0.00209,0.00208,0.00207,0.00206,0.00216,0.00217,0.00218,0.00219,0.0022,0.00221,0.00222,0.00223,0.00224,0.00225,133029.4,2317111,2118928,559713.1,973724.7,460351,136094.9,310645.9,17671,54000,505746.5,1851185.3,821268.1,1176849.1,2091202.6,5911048.1,2131299.1,56906.6,54000,2654510.4
165,0.00215,0.00214,0.00213,0.00212,0.00211,0.0021,0.00209,0.00208,0.00207,0.00206,0.00216,0.00217,0.00218,0.00219,0.0022,0.00221,0.00222,0.00223,0.00224,0.00225,366266.1,3875857.6,1145855,803147.8,631868.4,460351,136094.9,310645.9,404671,54000,307309.3,1824642.3,879003.8,1851931.7,1610168.2,5716999.9,2131299.1,56906.6,56232.2,2654510.4
166,0.00215,0.00214,0.00213,0.00212,0.00211,0.0021,0.00209,0.00208,0.00207,0.00206,0.00216,0.00217,0.00218,0.00219,0.0022,0.00221,0.00222,0.00223,0.00224,0.00225,537961.3,4108222.7,1163672.6,801568.2,625333,517493.9,59805.9,310645.9,404671,54000,215690.8,1055007.7,811682.2,1357082,2091202.6,6101843.2,2131299.1,56906.6,56232.2,2654510.4
167,0.00215,0.00214,0.00213,0.00212,0.00211,0.0021,0.00209,0.00208,0.00207,0.00206,0.00216,0.00217,0.00218,0.00219,0.0022,0.00221,0.00222,0.00223,0.00224,0.00225,534414.8,3765372.3,952687.5,801568.2,625724,517493.9,59805.9,310645.9,404671,54000,210204.6,2025522.7,811682.2,1057706.4,1109534.5,6101843.2,2131299.1,56906.6,56232.2,2654510.4
168,0.00215,0.00214,0.00213,0.00212,0.00211,0.0021,0.00209,0.00208,0.00207,0.00206,0.00216,0.00217,0.00218,0.00219,0.0022,0.00221,0.00222,0.00223,0.00224,0.00225,523292.5,4219113.9,1229517.5,461700.7,606251.6,255806.1,148991.3,283422.5,404671,344271.8,175316.4,1312977.6,1894547.8,974260.4,1126495.5,6101843.2,4101589,56906.6,56232.2,2654510.4
169,0.00215,0.00214,0.00213,0.00212,0.00211,0.0021,0.00209,0.00208,0.00207,0.00206,0.00216,0.00217,0.00218,0.00219,0.0022,0.00221,0.00222,0.00223,0.00224,0.00225,520939.5,3500230.3,1287790.7,461700.7,606251.6,189387.4,244302.4,264309,404671,344271.8,259054.3,1685529.1,1881380.8,1529117,645461.1,5907795,4101589,56906.6,56232.2,2654510.4
170,0.00215,0.00214,0.00213,0.00212,0.00211,0.0021,0.00209,0.00208,0.00207,0.00206,0.00216,0.00217,0.00218,0.00219,0.0022,0.00221,0.00222,0.00223,0.00224,0.00225,508344.6,3509770,1580348.1,461700.7,611211.3,189387.4,244302.4,264309,404671,344271.8,259036.1,1685529.1,1873715.3,1529117,645461.1,5907795,4101589,56906.6,56232.2,2663629.5
171,0.00215,0.00214,0.00213,0.00212,0.00211,0.0021,0.00209,0.00208,0.00207,0.00206,0.00216,0.00217,0.00218,0.00219,0.0022,0.00221,0.00222,0.00223,0.00224,0.00225,655573.6,3971190.3,1707222.3,505692.2,611211.3,189387.4,244302.4,264309,404671,344271.8,259036.1,1672286.1,1873715.3,1529117,645461.1,7903264.8,4137499.8,56906.6,56232.2,632086.4
172,0.00215,0.00214,0.00213,0.00212,0.00211,0.0021,0.00209,0.00208,0.00207,0.00206,0.00216,0.00217,0.00218,0.00219,0.0022,0.00221,0.00222,0.00223,0.00224,0.00225,1395814.9,3977992.5,1751184.8,508788,563900.9,489723.1,206157.9,264309,404671,344271.8,259036.1,1529538.3,1920298.6,1539618.4,628500.1,7903264.8,4137499.8,56906.6,56232.2,632086.4
173,0.00214,0.00213,0.00212,0.00211,0.0021,0.00209,0.00208,0.00207,0.00206,0.00205,0.00215,0.00216,0.00217,0.00218,0.00219,0.0022,0.00221,0.00222,0.00223,0.00224,649214.6,4901626.5,1218837.7,1047999.9,649592.9,439937.7,264309,8026.1,54000,70224.4,3614050.7,1449548.5,1135856,1727717.2,1348074.1,457280.6,7712469.7,4101589,56906.6,56232.2
174,0.00214,0.00213,0.00212,0.00211,0.0021,0.00209,0.00208,0.00207,0.00206,0.00205,0.00215,0.00216,0.00217,0.00218,0.00219,0.0022,0.00221,0.00222,0.00223,0.00224,726784.6,5164734.2,1259952,1073955.3,640085.8,487694.6,264309,8026.1,54000,70224.4,3270599.3,1397883.9,1135856,1727717.2,1348074.1,421043.3,7748543,4103841.3,625873.9,54000
175,0.00214,0.00213,0.00212,0.00211,0.0021,0.00209,0.00208,0.00207,0.00206,0.00205,0.00215,0.00216,0.00217,0.00218,0.00219,0.0022,0.00221,0.00222,0.00223,0.00224,726784.6,4208604.6,1222934.9,1042730.4,602122.9,525839.1,264309,8026.1,54000,70224.4,3007299.4,1254587.2,830757,769545.4,1348074.1,421043.3,7748543,4103841.3,625873.9,54000
176,0.00214,0.00213,0.00212,0.00211,0.0021,0.00209,0.00208,0.00207,0.00206,0.00205,0.00215,0.00216,0.00217,0.00218,0.00219,0.0022,0.00221,0.00222,0.00223,0.00224,640536,4507849.1,1365186.5,1042743.1,602122.9,525839.1,264309,8026.1,54000,70224.4,3162147.7,1405691.5,830757,984784.3,1140501.4,3632064.8,4537521.5,4103841.3,625873.9,54000
177,0.00214,0.00213,0.00212,0.00211,0.0021,0.00209,0.00208,0.00207,0.00206,0.00205,0.00215,0.00216,0.00217,0.00218,0.00219,0.0022,0.00221,0.00222,0.00223,0.00224,904993.4,4429852.6,1447721.2,1215021.8,602122.9,525839.1,24344.8,8026.1,54000,70224.4,3001813.2,2616859.9,830757,984784.3,1132835.2,3632064.8,4537521.5,4103841.3,625873.9,54000
178,0.00214,0.00213,0.00212,0.00211,0.0021,0.00209,0.00208,0.00207,0.00206,0.00205,0.00215,0.00216,0.00217,0.00218,0.00219,0.0022,0.00221,0.00222,0.00223,0.00224,873967.6,4043266.2,1365204.3,1270813.7,557777.2,498752.2,24344.8,8026.1,296294,70224.4,3206126.7,2611641.3,830696.4,984784.3,1132835.2,3634704.4,6200303.5,2441059.3,625873.9,54000
179,0.00214,0.00213,0.00212,0.00211,0.0021,0.00209,0.00208,0.00207,0.00206,0.00205,0.00215,0.00216,0.00217,0.00218,0.00219,0.0022,0.00221,0.00222,0.00223,0.00224,246402,4296003.2,1392824.3,1270813.7,569661.1,671352.1,24344.8,10441.6,54000,70224.4,3056037,2194886,830696.4,984784.3,1132835.2,3634704.4,6200303.5,2441059.3,625873.9,54000
180,0.00215,0.00214,0.00213,0.00212,0.00211,0.0021,0.00209,0.00208,0.00207,0.00206,0.00216,0.00217,0.00218,0.00219,0.0022,0.00221,0.00222,0.00223,0.00224,0.00225,1255928.6,1529711.7,3044835.3,860374,701608.6,335297.7,292056.8,26748.7,8026.1,54000,281934.6,2618519,806916.4,1558798,4292595.6,6575984.4,2441059.3,661623.7,54000,63119.1
181,0.00215,0.00214,0.00213,0.00212,0.00211,0.0021,0.00209,0.00208,0.00207,0.00206,0.00216,0.00217,0.00218,0.00219,0.0022,0.00221,0.00222,0.00223,0.00224,0.00225,387829.7,2657787.4,2901417.8,816452.8,739391.6,418377.5,168004.6,26748.7,395026.1,54000,253795.1,2600566.4,827593.4,1558798,4292595.6,6575984.4,2441059.3,661623.7,54000,63119.1
182,0.00215,0.00214,0.00213,0.00212,0.00211,0.0021,0.00209,0.00208,0.00207,0.00206,0.00216,0.00217,0.00218,0.00219,0.0022,0.00221,0.00222,0.00223,0.00224,0.00225,380338.8,4216577.6,1781157.5,797761.4,739391.6,430005.4,160952.4,26748.7,395026.1,54000,251052,2583581.2,805422.2,1566475.9,4292595.6,6575984.4,3642966.7,661623.7,54000,63119.1
183,0.00215,0.00214,0.00213,0.00212,0.00211,0.0021,0.00209,0.00208,0.00207,0.00206,0.00216,0.00217,0.00218,0.00219,0.0022,0.00221,0.00222,0.00223,0.00224,0.00225,498543.8,3279957.4,1628482.8,797761.4,739391.6,430005.4,160952.4,411344.8,8026.1,54000,251052,2298881.9,805422.2,1566469.3,4292595.6,6575984.4,3640714.4,661623.7,2232.2,54000
184,0.00215,0.00214,0.00213,0.00212,0.00211,0.0021,0.00209,0.00208,0.00207,0.00206,0.00216,0.00217,0.00218,0.00219,0.0022,0.00221,0.00222,0.00223,0.00224,0.00225,542690.6,3663591.4,1465805.3,797761.4,739391.6,418121.5,160952.4,24344.8,8026.1,54000,251052,2298388.6,805581.7,1566469.3,4292595.6,6575984.4,3640714.4,661623.7,2232.2,54000
185,0.00215,0.00214,0.00213,0.00212,0.00211,0.0021,0.00209,0.00208,0.00207,0.00206,0.00216,0.00217,0.00218,0.00219,0.0022,0.00221,0.00222,0.00223,0.00224,0.00225,514164.5,4171598.6,1981045.1,457800.2,735000.8,445304.8,114845.9,24344.8,8026.1,54000,368921.6,2253743.1,1671532.9,1558798,4292595.6,6575984.4,4397637.4,661623.7,2232.2,54000
186,0.00215,0.00214,0.00213,0.00212,0.00211,0.0021,0.00209,0.00208,0.00207,0.00206,0.00216,0.00217,0.00218,0.00219,0.0022,0.00221,0.00222,0.00223,0.00224,0.00225,634284.5,4188017.7,1506108.1,457800.2,772783.8,407341.9,114845.9,411344.8,8026.1,54000,368921.6,2400675.6,1843046.5,2277733.3,3811561.2,6342239.1,4774403.6,661623.7,2232.2,54000
187,0.00215,0.00214,0.00213,0.00212,0.00211,0.0021,0.00209,0.00208,0.00207,0.00206,0.00216,0.00217,0.00218,0.00219,0.0022,0.00221,0.00222,0.00223,0.00224,0.00225,634284.5,4181458.7,1503328.9,457800.2,772783.8,388412.9,133865.5,24344.8,8026.1,54000,368921.6,2260695.7,1836469.8,2284256,3811561.2,6342239.1,4774403.6,661623.7,2232.2,54000
188,0.00216,0.00215,0.00214,0.00213,0.00212,0.00211,0.0021,0.00209,0.00208,0.00207,0.00217,0.00218,0.00219,0.0022,0.00221,0.00222,0.00223,0.00224,0.00225,0.00226,1488999.6,3369545.8,925934.8,1075723.4,434783.9,362596.3,151126.5,141932.8,43455.9,8026.1,311092.6,2584550.4,1687818.1,4805177.7,7017321.7,5164463.7,1628100.2,2232.2,89432,1404580.7
189,0.00217,0.00216,0.00215,0.00214,0.00213,0.00212,0.00211,0.0021,0.00209,0.00208,0.00218,0.00219,0.0022,0.00221,0.00222,0.00223,0.00224,0.00225,0.00226,0.00227,611693.8,1857739.5,3253340.9,970618.4,786467.3,448021.5,114751.6,113163.6,531325.2,41052,612379.8,2900824.9,5160161.2,7034282.7,5345116.2,1803753.2,2232.2,54000,1439855.9,4739337.1
190,0.00216,0.00215,0.00214,0.00213,0.00212,0.00211,0.0021,0.00209,0.00208,0.00207,0.00217,0.00218,0.00219,0.0022,0.00221,0.00222,0.00223,0.00224,0.00225,0.00226,285669,4435915.4,1453057.5,833333.5,626839.2,402804.6,65627.9,163344.8,21940.9,296895.6,392705.6,1628707.3,2931985.3,4916253.9,6553248.3,4970415.5,1059132.9,37822.4,622967.3,1404580.7
191,0.00216,0.00215,0.00214,0.00213,0.00212,0.00211,0.0021,0.00209,0.00208,0.00207,0.00217,0.00218,0.00219,0.0022,0.00221,0.00222,0.00223,0.00224,0.00225,0.00226,295348.1,4434060.7,1473649.6,652411.3,626839.2,450115,65627.9,163344.8,21940.9,296895.6,392705.6,1517433,2244505.5,2392712.2,6553248.3,8181437,1059132.9,35590.2,625189.6,1404580.7
192,0.00216,0.00215,0.00214,0.00213,0.00212,0.00211,0.0021,0.00209,0.00208,0.00207,0.00217,0.00218,0.00219,0.0022,0.00221,0.00222,0.00223,0.00225,0.00226,0.00227,479878.4,4818764,729374.9,652411.3,662158.8,332406.5,65627.9,144325.2,428052,296895.6,299380.5,1186859.3,1763476,2270808.6,7034282.7,8375485.2,1059132.9,660621.6,1404580.7,4739337.1
193,0.00216,0.00215,0.00214,0.00213,0.00212,0.00211,0.0021,0.00209,0.00208,0.00207,0.00217,0.00218,0.00219,0.0022,0.00221,0.00222,0.00223,0.00224,0.00225,0.00226,489501.7,4815972.8,802511.5,652411.3,673930.6,332406.5,65627.9,383141.3,428052,296895.6,289906.9,1518028.4,1683466.8,2270808.6,5371500.7,8375485.2,2721914.9,35590.2,625189.6,74571
194,0.00217,0.00216,0.00215,0.00214,0.00213,0.00212,0.00211,0.0021,0.00209,0.00208,0.00218,0.00219,0.0022,0.00221,0.00222,0.00223,0.00225,0.00226,0.00227,0.00228,221431.8,787250.2,2951529.7,729374.9,710606.6,420629.2,162062,68008.9,163344.8,21940.9,734244.1,1965374.8,2089698.7,5951177.1,8556531,2721914.9,625189.6,109846.2,4739337.1,1399449.1
195,0.00217,0.00216,0.00215,0.00214,0.00213,0.00212,0.00211,0.0021,0.00209,0.00208,0.00218,0.00219,0.0022,0.00221,0.00222,0.00223,0.00225,0.00226,0.00227,0.00228,183536.6,2019544.1,2911112,649051.8,760090.5,276737.5,162062,68008.9,550344.8,21940.9,693125.8,2377924.8,2089698.7,4728884.6,8556531,3944207.4,660621.6,74571,3326836.8,1399449.1
196,0.00217,0.00216,0.00215,0.00214,0.00213,0.00212,0.00211,0.0021,0.00209,0.00208,0.00218,0.00219,0.0022,0.00221,0.00222,0.00223,0.00225,0.00226,0.00227,0.00228,458170.5,2038084.1,2867321.2,652274.5,760090.5,323824.8,114751.6,68008.9,550344.8,21940.9,372664.4,2672399.7,2211240.5,4728884.6,8556531,3944207.4,625189.6,109846.2,3326836.8,1399449.1
197,0.00217,0.00216,0.00215,0.00214,0.00213,0.00212,0.00211,0.0021,0.00209,0.00208,0.00218,0.00219,0.0022,0.00221,0.00222,0.00223,0.00224,0.00225,0.00226,0.00227,511909.2,2028568.3,2102414.6,726781.1,685621.5,323824.8,114751.6,68008.9,550344.8,21940.9,363153,2659360.9,2211240.5,4728884.6,5384333.7,3944207.4,3172197.4,625189.6,109846.2,114229
198,0.00218,0.00217,0.00216,0.00215,0.00214,0.00213,0.00212,0.00211,0.0021,0.00209,0.00219,0.0022,0.00221,0.00222,0.00223,0.00224,0.00225,0.00226,0.00227,0.00228,730397.3,2193668.4,1890428.8,1780334.9,364124.4,532330.3,141598.6,119491,65627.9,476307.6,463660.2,3772765.6,4780420.6,5865368.1,4515313.3,3226197.4,625189.6,74571,149348.8,1399449.1
199,0.00218,0.00217,0.00216,0.00215,0.00214,0.00213,0.00212,0.00211,0.0021,0.00209,0.00219,0.0022,0.00221,0.00222,0.00223,0.00224,0.00225,0.00226,0.00227,0.00228,739903.5,2979540.7,1934227.9,894907.9,363835.2,532330.3,94511.3,119491,452627.9,89307.6,453960.5,3687048.9,4387628.9,5865368.1,4515313.3,3618989.1,625189.6,74571,144889.8,1399449.1
200,0.00218,0.00217,0.00216,0.00215,0.00214,0.00213,0.00212,0.00211,0.0021,0.00209,0.00219,0.0022,0.00221,0.00222,0.00223,0.00224,0.00225,0.00226,0.00227,0.00228,509309.3,3171120.5,1934227.9,894907.9,406669.7,501310,94511.3,119491,441000,70288,449901.5,3296486.1,4083507.7,4570037.4,4996347.7,3901919.6,1756656.5,74571,151551.5,1399449.1
201,0.00218,0.00217,0.00216,0.00215,0.00214,0.00213,0.00212,0.00211,0.0021,0.00209,0.00219,0.0022,0.00221,0.00222,0.00223,0.00224,0.00225,0.00226,0.00227,0.00228,509439.7,3975769.1,1350935.5,894907.9,406669.7,426453.6,135336.1,122723.1,441000,65976.6,449901.5,2478149,2013097,5065262.9,4996347.7,5972330.3,1756656.5,74571,151551.5,1399449.1
202,0.00218,0.00217,0.00216,0.00215,0.00214,0.00213,0.00212,0.00211,0.0021,0.00209,0.00219,0.0022,0.00221,0.00222,0.00223,0.00224,0.00225,0.00226,0.00227,0.00228,499803.1,4291649.8,1112261.3,894907.9,406669.7,463881.8,370772.7,122723.1,441000,65976.6,459509.1,2319551.8,1634589.3,4991348.6,4996347.7,6605704.2,1756656.5,74571,151551.5,1399449.1
203,0.00218,0.00217,0.00216,0.00215,0.00214,0.00213,0.00212,0.00211,0.0021,0.00209,0.00219,0.0022,0.00221,0.00222,0.00223,0.00224,0.00225,0.00226,0.00227,0.00228,362836.6,1595405.2,2749159.5,1433136.7,348360.7,522367.7,137694.6,120353.4,80957.9,57909.3,459501.5,2506674.4,2454478,4860647.2,3320584.5,7413882.4,1756656.5,109846.2,116431.7,1399449.1
204,0.00218,0.00217,0.00216,0.00215,0.00214,0.00213,0.00212,0.00211,0.0021,0.00209,0.00219,0.0022,0.00221,0.00222,0.00223,0.00224,0.00225,0.00226,0.00227,0.00228,595361.2,2251135,2731094,845450.6,394622.3,438170.1,175299.3,356905.8,54000,84996.2,459501.5,2092733.5,2008295.8,5433573.4,3514632.7,7413882.4,1756656.5,74571,151551.5,1399449.1
205,0.00218,0.00217,0.00216,0.00215,0.00214,0.00213,0.00212,0.00211,0.0021,0.00209,0.00219,0.0022,0.00221,0.00222,0.00223,0.00224,0.00225,0.00226,0.00227,0.00228,660775.6,2836608.4,2015971.8,466461.3,394622.3,302712.9,100089.9,356905.8,441000,84996.2,231972.2,1586618.1,2526130.1,5059256.3,4206676.3,7759462.9,1187689.2,74571,720518.8,1399449.1
206,0.00219,0.00218,0.00217,0.00216,0.00215,0.00214,0.00213,0.00212,0.00211,0.0021,0.0022,0.00221,0.00222,0.00223,0.00224,0.00225,0.00226,0.00227,0.00228,0.00229,546545.5,2053641.6,2055594.7,1869773.8,508616.8,380418.4,227856.5,100089.9,64561.5,441000,234739.1,2341944.6,2078975.9,4817675.2,7953511.1,4576654.4,74571,685399,1434414.9,4682340.5
207,0.00219,0.00218,0.00217,0.00216,0.00215,0.00214,0.00213,0.00212,0.00211,0.0021,0.0022,0.00221,0.00222,0.00223,0.00224,0.00225,0.00226,0.00227,0.00228,0.00229,520676.5,2112489.1,2099558.9,1825491.2,541682.7,464318.9,190428.3,62485.2,451561.5,54000,196158.5,2342080.2,2078975.9,4817675.2,7759462.9,4770702.6,74571,685399,1434414.9,4682340.5
208,0.0022,0.00219,0.00218,0.00217,0.00216,0.00215,0.00214,0.00213,0.00212,0.00211,0.00221,0.00222,0.00223,0.00224,0.00225,0.00226,0.00227,0.00228,0.00229,0.0023,567301.4,1698711.2,2448721.2,391675.8,578976.9,393404.5,401635.7,232551.5,60126.7,449191.8,316437.7,2475966,3821688.1,7759462.9,4971291.2,668984.3,2345978.3,1399449.1,4717153.6,80255.8
209,0.0022,0.00219,0.00218,0.00217,0.00216,0.00215,0.00214,0.00213,0.00212,0.00211,0.00221,0.00222,0.00223,0.00224,0.00225,0.00226,0.00227,0.00228,0.00229,0.0023,523348,1700929,2446951.2,391675.8,624905.7,393788.2,438889,148257.1,447126.7,62191.8,325990.5,2474048,3821688.1,7759462.9,4971291.2,668984.3,2345978.3,69439.4,4717153.6,80255.8
210,0.00219,0.00218,0.00217,0.00216,0.00215,0.00214,0.00213,0.00212,0.00211,0.0021,0.0022,0.00221,0.00222,0.00223,0.00224,0.00225,0.00226,0.00227,0.00228,0.00229,318829.7,4326155.6,1391075.7,1008375.3,681549.7,384364.9,304654.1,60126.7,62191.8,54000,228765.9,2023704.1,2040454.2,2580403.8,7759462.9,5992995.1,486796.3,2345978.3,104405.2,3269840.2
211,0.00219,0.00218,0.00217,0.00216,0.00215,0.00214,0.00213,0.00212,0.00211,0.0021,0.00221,0.00222,0.00223,0.00224,0.00225,0.00226,0.00227,0.00228,0.00229,0.0023,1045098.2,3391968.5,816197.8,574435.5,516042.5,207989.3,302306.6,60126.7,62191.8,341116,878047.3,2334171.7,2892248.6,7759462.9,6193583.7,486796.3,2345978.3,104405.2,3269840.2,80255.8
212,0.00219,0.00218,0.00217,0.00216,0.00215,0.00214,0.00213,0.00212,0.00211,0.0021,0.0022,0.00221,0.00222,0.00223,0.00224,0.00225,0.00226,0.00227,0.00228,0.00229,578618.8,4414813.7,1059938.8,517143.9,527266.3,349210.8,377163,60126.7,449191.8,341116,238363.6,1642447.3,2058330,2917569.2,5789173,5992995.1,2457086.2,2345978.3,104405.2,57232.4
213,0.00219,0.00218,0.00217,0.00216,0.00215,0.00214,0.00213,0.00212,0.00211,0.0021,0.0022,0.00221,0.00222,0.00223,0.00224,0.00225,0.00226,0.00227,0.00228,0.00229,526746.8,4494715.2,1488823.4,563359.2,527650,349210.8,377163,60126.7,449191.8,368073.9,240915.8,1638050.5,2082521.8,2873465,4781313.7,5798946.9,3658993.7,2345978.3,104405.2,57232.4
214,0.00219,0.00218,0.00217,0.00216,0.00215,0.00214,0.00213,0.00212,0.00211,0.0021,0.0022,0.00221,0.00222,0.00223,0.00224,0.00225,0.00226,0.00227,0.00228,0.00229,526746.8,4871707.1,1013882.4,563359.2,527650,349210.8,377163,60126.7,449191.8,368073.9,243468,1628107.3,2082919.9,2873465,4781313.7,5798946.9,3658993.7,2345978.3,104405.2,57232.4
215,0.00219,0.00218,0.00217,0.00216,0.00215,0.00214,0.00213,0.00212,0.00211,0.0021,0.0022,0.00221,0.00222,0.00223,0.00224,0.00225,0.00226,0.00227,0.00228,0.00229,518756,4700938.2,1489003.6,551805.4,532273.1,360386.8,142831.8,60126.7,449191.8,341116,216067.6,1200211.6,2082619.4,2578443.8,4781313.7,5042023.9,4415916.7,2345978.3,104405.2,57232.4
216,0.00219,0.00218,0.00217,0.00216,0.00215,0.00214,0.00213,0.00212,0.00211,0.0021,0.0022,0.00221,0.00222,0.00223,0.00224,0.00225,0.00226,0.00227,0.00228,0.00229,508627.3,4775232.7,1205318,521303.3,566219.3,434893.4,67975.4,60126.7,449191.8,99886.9,213515.4,1210179.8,1979610.6,2106822.2,2749770.6,6696800.8,4792682.9,2345978.3,104405.2,57232.4
217,0.00219,0.00218,0.00217,0.00216,0.00215,0.00214,0.00213,0.00212,0.00211,0.0021,0.0022,0.00221,0.00222,0.00223,0.00224,0.00225,0.00226,0.00227,0.00228,0.00229,526336.3,4405415.8,1284562,521303.3,566219.3,434893.4,67975.4,60126.7,476021.9,72929,216067.6,1207627.6,1979610.6,2118123,2749770.6,6696800.8,4792682.9,2345978.3,106598.2,57232.4
218,0.0022,0.00219,0.00218,0.00217,0.00216,0.00215,0.00214,0.00213,0.00212,0.00211,0.00221,0.00222,0.00223,0.00224,0.00225,0.00226,0.00227,0.00228,0.00229,0.0023,246775,1750266.8,3390848.4,759473,532857.1,414998.9,168399.5,302306.6,447126.7,62191.8,284764.9,2743375.6,1945829.1,2955663.2,7092689.2,4989242.6,3348204.7,106598.2,57232.4,78081.8
219,0.0022,0.00219,0.00218,0.00217,0.00216,0.00215,0.00214,0.00213,0.00212,0.00211,0.00221,0.00222,0.00223,0.00224,0.00225,0.00226,0.00227,0.00228,0.00229,0.0023,415145.8,2561595.4,3028741.2,759473,532857.1,368568.7,168399.5,302306.6,60126.7,62191.8,279660.5,2748480,1945829.1,2955663.2,7092689.2,4989242.6,3348204.7,106598.2,57232.4,78081.8
220,0.00221,0.0022,0.00219,0.00218,0.00217,0.00216,0.00215,0.00214,0.00213,0.00212,0.00222,0.00223,0.00224,0.00225,0.00226,0.00227,0.00228,0.00229,0.0023,0.00231,1397630.6,2231612.8,1832689.6,1009419.2,347711.6,384313.4,208536.4,133482.7,67975.4,60126.7,263760.4,2551981.1,3460276.9,6128013.1,5172466.8,4559942.3,58517.6,88813.1,647049.1,77104
221,0.00221,0.0022,0.00219,0.00218,0.00217,0.00216,0.00215,0.00214,0.00213,0.00212,0.00222,0.00223,0.00224,0.00225,0.00226,0.00227,0.00228,0.00229,0.0023,0.00231,1369846.2,2231587.6,1832689.6,963627.9,359117.1,418974.9,168542.3,96229.4,67975.4,60126.7,263739.6,2531304.1,2904270.8,3493674.7,5172466.8,7775422.8,71632.4,92045.5,647049.1,77104
222,0.00221,0.0022,0.00219,0.00218,0.00217,0.00216,0.00215,0.00214,0.00213,0.00212,0.00222,0.00223,0.00224,0.00225,0.00226,0.00227,0.00228,0.00229,0.0023,0.00231,1341685.7,3034570.3,1065440.2,919478,405214.4,384557.1,168542.3,96229.4,56347.5,56906.6,245203.3,2543326.9,2270896.9,3493674.7,5172466.8,6746014.7,1734414.4,92045.5,647049.1,77104
223,0.00221,0.0022,0.00219,0.00218,0.00217,0.00216,0.00215,0.00214,0.00213,0.00212,0.00222,0.00223,0.00224,0.00225,0.00226,0.00227,0.00228,0.00229,0.0023,0.00231,1215462.5,3032976.6,1143977.8,840878.3,481123.6,532190.7,57302.3,56639.6,443347.5,56906.6,242651.1,2532140.3,2239316.9,3537690.5,5172466.8,6746014.7,1734414.4,92045.5,647049.1,77104
224,0.00223,0.00222,0.00221,0.0022,0.00219,0.00218,0.00217,0.00216,0.00215,0.00214,0.00224,0.00225,0.00226,0.00227,0.00228,0.00229,0.0023,0.00231,0.00232,0.00233,308624.5,2217645.8,1117541.9,618122.5,945166.9,327314.3,101926.3,230615.3,91080,336060.1,288675.7,2779398.6,5854185.3,7194799.4,2004691.9,431552.8,681710.9,77104,4758363.2,1410058.9
225,0.00223,0.00222,0.00221,0.0022,0.00219,0.00218,0.00217,0.00216,0.00215,0.00214,0.00224,0.00225,0.00226,0.00227,0.00228,0.00229,0.0023,0.00231,0.00232,0.00233,275866.7,3087849.5,1909576.5,880260,521595.5,222527.5,100002.3,232930.2,478080,336060.1,575118.7,4543632.6,6359075.4,5936864.9,1987730.9,1484366.4,647049.1,77104,3345862.9,1410058.9
226,0.00222,0.00221,0.0022,0.00219,0.00218,0.00217,0.00216,0.00215,0.00214,0.00213,0.00223,0.00224,0.00225,0.00226,0.00227,0.00228,0.00229,0.0023,0.00231,0.00232,2252567,2024957.9,1924091.6,535778,411320.1,54000,313357,56325.6,56639.6,68068.1,300773.1,2216819.6,3708933.2,3871439.5,5742816.7,1987730.9,3284627.9,647049.1,77104,3345862.9
227,0.00222,0.00221,0.0022,0.00219,0.00218,0.00217,0.00216,0.00215,0.00214,0.00213,0.00223,0.00224,0.00225,0.00226,0.00227,0.00228,0.00229,0.0023,0.00231,0.00232,2220847,2728667.3,824284.6,535778,411320.1,99622.1,267523.7,56325.6,56639.6,68068.1,310691,2207089.9,3716621.2,3871439.5,5742816.7,1987730.9,3284627.9,647049.1,77104,133255.1
228,0.00222,0.00221,0.0022,0.00219,0.00218,0.00217,0.00216,0.00215,0.00214,0.00213,0.00223,0.00224,0.00225,0.00226,0.00227,0.00228,0.00229,0.0023,0.00231,0.00232,488488,4916246.1,1293498,489991.3,476854.9,267002.9,267523.7,56325.6,443639.6,68068.1,225871.7,1423618.2,4097400.8,2760444.4,5936864.9,2022696.7,4863947.6,647049.1,77104,133255.1
229,0.00222,0.00221,0.0022,0.00219,0.00218,0.00217,0.00216,0.00215,0.00214,0.00213,0.00223,0.00224,0.00225,0.00226,0.00227,0.00228,0.00229,0.0023,0.00231,0.00232,322254.8,4923759,1528052.2,447841.2,522646.2,276310.6,346089.7,54000,686205.2,58694.9,233739.2,1397541.9,3843299.4,2663975.9,5936864.9,1987730.9,4898760.7,647049.1,77104,133255.1
230,0.00221,0.0022,0.00219,0.00218,0.00217,0.00216,0.00215,0.00214,0.00213,0.00212,0.00222,0.00223,0.00224,0.00225,0.00226,0.00227,0.00228,0.00229,0.0023,0.00231,2031007.5,3727834.2,716243.2,555273.5,472942.2,627137,54000,70642,58694.9,341321.7,346182.9,806510,3158396.6,14446991.8,960713.3,6886592.6,1732221.4,4433391.2,647049.1,79268.6
231,0.00221,0.0022,0.00219,0.00218,0.00217,0.00216,0.00215,0.00214,0.00213,0.00212,0.00222,0.00223,0.00224,0.00225,0.00226,0.00227,0.00228,0.00229,0.0023,0.00231,415332.5,5413205.1,1197713.7,465501.7,518736.4,525355.9,100430.2,70642,58694.9,59265.1,237486.8,1714162.1,3317105,23293198.3,274091,6703684.9,2143953.4,4398578.1,647049.1,79268.6
232,0.00221,0.0022,0.00219,0.00218,0.00217,0.00216,0.00215,0.00214,0.00213,0.00212,0.00222,0.00223,0.00224,0.00225,0.00226,0.00227,0.00228,0.00229,0.0023,0.00231,415301.3,5406887.6,1108528.7,1060544.7,518736.4,525737.9,100430.2,70642,445694.9,59265.1,317017.7,1713591.6,3253050.4,23303699.7,257130,6703684.9,2143953.4,4398578.1,647049.1,79268.6
233,0.00221,0.0022,0.00219,0.00218,0.00217,0.00216,0.00215,0.00214,0.00213,0.00212,0.00222,0.00223,0.00224,0.00225,0.00226,0.00227,0.00228,0.00229,0.0023,0.00231,235536.9,3855881.5,3098731.3,1520290.4,518356.2,534662.8,137510.2,68305.5,448042.4,56906.6,510912.7,1215178.1,2894952.9,23393998.8,881775,6703684.9,2143953.4,3986352.8,647049.1,79268.6
234,0.00221,0.0022,0.00219,0.00218,0.00217,0.00216,0.00215,0.00214,0.00213,0.00212,0.00222,0.00223,0.00224,0.00225,0.00226,0.00227,0.00228,0.00229,0.0023,0.00231,515350.7,4045768.8,2388875.3,1520290.4,564453.5,297241.4,137510.2,292212.3,445694.9,56906.6,236442.9,1223031.8,2898305.6,23303699.7,1035697.9,6883646.7,2108987.6,4021165.9,649223.1,77104
235,0.00221,0.0022,0.00219,0.00218,0.00217,0.00216,0.00215,0.00214,0.00213,0.00212,0.00222,0.00223,0.00224,0.00225,0.00226,0.00227,0.00228,0.00229,0.0023,0.00231,444675.2,3650845,1350220.8,1520487.4,565681.5,334531.8,100430.2,292212.3,455068.1,56906.6,229592.5,1102003,2831916.3,21345364.7,1030698.4,6883646.7,2108987.6,4021165.9,3550212.1,77104
236,0.00221,0.0022,0.00219,0.00218,0.00217,0.00216,0.00215,0.00214,0.00213,0.00212,0.00222,0.00223,0.00224,0.00225,0.00226,0.00227,0.00228,0.00229,0.0023,0.00231,413881.7,3703555.9,1843353.9,1498474.6,565681.5,510942.3,100430.2,292212.3,455068.1,56906.6,297081.5,1482553,2831916.3,21345364.7,1030698.4,6883646.7,2143953.4,3986352.8,3550212.1,77104
237,0.00221,0.0022,0.00219,0.00218,0.00217,0.00216,0.00215,0.00214,0.00213,0.00212,0.00222,0.00223,0.00224,0.00225,0.00226,0.00227,0.00228,0.00229,0.0023,0.00231,667525.8,3645714.1,1629976.7,1476588.9,565681.5,557157.6,54000,292212.3,455068.1,56906.6,297081.5,1482553,2831916.3,21345364.7,1030698.4,6883646.7,2108987.6,4021165.9,3550212.1,77104
238,0.00221,0.0022,0.00219,0.00218,0.00217,0.00216,0.00215,0.00214,0.00213,0.00212,0.00222,0.00223,0.00224,0.00225,0.00226,0.00227,0.00228,0.00229,0.0023,0.00231,667526.7,3525363.7,1821074.1,1520334.8,611683.8,510942.3,54000,292212.3,68068.1,56906.6,304365.7,1475200.7,2831916.3,21345364.7,1030698.4,6883646.7,2143953.4,3986352.8,3550212.1,77104
239,0.00221,0.0022,0.00219,0.00218,0.00217,0.00216,0.00215,0.00214,0.00213,0.00212,0.00222,0.00223,0.00224,0.00225,0.00226,0.00227,0.00228,0.00229,0.0023,0.00231,667466.6,3600086,1390127.2,1498378.5,611683.8,510942.3,54000,292212.3,455068.1,83610.2,297081.5,1109284.3,2831916.3,21345364.7,1030698.4,6883646.7,2108987.6,4021165.9,3550212.1,77104
240,0.00221,0.0022,0.00219,0.00218,0.00217,0.00216,0.00215,0.00214,0.00213,0.00212,0.00222,0.00223,0.00224,0.00225,0.00226,0.00227,0.00228,0.00229,0.0023,0.00231,667459.3,3518124.5,1839044.1,1566291.3,602419.8,474033.9,54000,292212.3,445694.9,56906.6,297081.5,1117705.7,2831916.3,21345364.7,1030698.4,6883646.7,2108987.6,4021165.9,3550212.1,77104
241,0.00221,0.0022,0.00219,0.00218,0.00217,0.00216,0.00215,0.00214,0.00213,0.00212,0.00222,0.00223,0.00224,0.00225,0.00226,0.00227,0.00228,0.00229,0.0023,0.00231,667557.3,3524956.4,1861310.3,1498378.5,602419.8,474033.9,54000,292212.3,445694.9,56906.6,297081.5,1117736.5,2831916.3,21539412.9,836650.2,6879187.7,4066162.7,2047643.6,3544718.4,77104
242,0.00221,0.0022,0.00219,0.00218,0.00217,0.00216,0.00215,0.00214,0.00213,0.00212,0.00222,0.00223,0.00224,0.00225,0.00226,0.00227,0.00228,0.00229,0.0023,0.00231,259058.7,3617186.5,1883479.3,1522380.2,565681.5,510942.3,54000,292212.3,445694.9,83610.2,309304.3,1478665.1,2831916.3,21345364.7,1030698.4,6883646.7,4114243.3,2016062.9,3550212.1,77104
243,0.00221,0.0022,0.00219,0.00218,0.00217,0.00216,0.00215,0.00214,0.00213,0.00212,0.00222,0.00223,0.00224,0.00225,0.00226,0.00227,0.00228,0.00229,0.0023,0.00231,1332625.2,3184257.4,1956653.7,1060783,602419.8,1132262.4,91080,292212.3,448320,83610.2,512832.9,2786642.6,2718531.7,21539412.9,836650.2,6703684.9,5281185,848968.5,3550212.1,77104
244,0.00222,0.00221,0.0022,0.00219,0.00218,0.00217,0.00216,0.00215,0.00214,0.00213,0.00223,0.00224,0.00225,0.00226,0.00227,0.00228,0.00229,0.0023,0.00231,0.00232,1576164.1,2392370.8,2914119,1304665.8,982493.1,308908.6,228300.4,355796.8,58976.1,448320,462545.9,5076953,21388633.6,854153.6,7034591.4,5448253.7,814155.4,3584873.9,77104,133255.1
245,0.00223,0.00222,0.00221,0.0022,0.00219,0.00218,0.00217,0.00216,0.00215,0.00214,0.00224,0.00225,0.00226,0.00227,0.00228,0.00229,0.0023,0.00231,0.00232,0.00233,271983.8,4388863.8,2984443.4,1674926.7,1426264,268318.8,90738.3,228300.4,358122.4,443639.6,513609.6,23209661.1,2285859.3,6087037.2,5648116.3,1446201.6,4341796.9,77104,133255.1,4622666.7
246,0.00223,0.00222,0.00221,0.0022,0.00219,0.00218,0.00217,0.00216,0.00215,0.00214,0.00224,0.00225,0.00226,0.00227,0.00228,0.00229,0.0023,0.00231,0.00232,0.00233,2088025.7,2464474.9,3132097.8,1034700.6,461196,651126.2,166519.1,110583.2,123645.4,443639.6,109504.1,22908856.6,3662436.5,6126018,5465398.3,1279524.9,4339622.9,453870.2,133255.1,4622666.7
247,0.00224,0.00223,0.00222,0.00221,0.0022,0.00219,0.00218,0.00217,0.00216,0.00215,0.00225,0.00226,0.00227,0.00228,0.00229,0.0023,0.00231,0.00232,0.00233,0.00234,263255,1056830,3545291.6,2012684.9,1084234,909385.1,99791.3,56304.2,608308.4,123645.4,21218283.8,2744630.5,5573846.9,5487249.3,1455602,4938335,453870.2,133255.1,4622666.7,1489198
248,0.00223,0.00222,0.00221,0.0022,0.00219,0.00218,0.00217,0.00216,0.00215,0.00214,0.00224,0.00225,0.00226,0.00227,0.00228,0.00229,0.0023,0.00231,0.00232,0.00233,495406.4,3954803.9,1903359.2,1556575.1,875481,145204.1,93042.5,147491.6,160725.4,56639.6,226715.7,21648638.9,2137302.1,4792952.8,5452283.5,1285664.9,6387448.5,453870.2,133255.1,4622666.7
249,0.00223,0.00222,0.00221,0.0022,0.00219,0.00218,0.00217,0.00216,0.00215,0.00214,0.00224,0.00225,0.00226,0.00227,0.00228,0.00229,0.0023,0.00231,0.00232,0.00233,1386426.2,4329898.9,1909194,1556575.1,875575.2,145204.1,93042.5,145176.7,160725.4,56639.6,54000,22026039.2,3490162.6,4627041.4,5452283.5,1285664.9,6387448.5,453870.2,133255.1,4622666.7
250,0.00224,0.00223,0.00222,0.00221,0.0022,0.00219,0.00218,0.00217,0.00216,0.00215,0.00225,0.00226,0.00227,0.00228,0.00229,0.0023,0.00231,0.00232,0.00233,0.00234,245099.8,484550.9,5618189.4,1518385.6,1548336.1,403841.5,99791.3,95346.7,495268.3,197805.4,21515548.4,3093566,5054589.2,5424873.8,1320478,6352786.7,453870.2,133255.1,4622666.7,1489198
251,0.00224,0.00223,0.00222,0.00221,0.0022,0.00219,0.00218,0.00217,0.00216,0.00215,0.00225,0.00226,0.00227,0.00228,0.00229,0.0023,0.00231,0.00232,0.00233,0.00234,292064.1,2557257.5,3195277.3,2171294.8,1589721,317156.4,99791.3,58608.4,495268.3,234885.4,21026084.2,2042592.9,3396908.3,5652758.5,1320478,9033708.5,453870.2,133255.1,5193780,1487024
252,0.00222,0.00221,0.0022,0.00219,0.00218,0.00217,0.00216,0.00215,0.00214,0.00213,0.00223,0.00224,0.00225,0.00226,0.00227,0.00228,0.00229,0.0023,0.00231,0.00232,218300,592283.5,3739086.9,2689941,520332.5,604917.1,96852.8,239536.6,56639.6,344392.2,1198742.8,4070511.6,21256594.5,514467,973615.4,3263487.8,1479713.1,9033708.5,2116652.2,133255.1
253,0.00221,0.0022,0.00219,0.00218,0.00217,0.00216,0.00215,0.00214,0.00213,0.00212,0.00222,0.00223,0.00224,0.00225,0.00226,0.00227,0.00228,0.00229,0.0023,0.00231,300421.4,5240767.6,1659462.8,552864.5,475105.7,844809.1,255144,58976.1,61320,59265.1,220848.8,1005693.1,4204596.5,21285980.6,508467,796108,3228522,1320478,9033708.5,2116652.2
254,0.00222,0.00221,0.0022,0.00219,0.00218,0.00217,0.00216,0.00215,0.00214,0.00213,0.00223,0.00224,0.00225,0.00226,0.00227,0.00228,0.00229,0.0023,0.00231,0.00232,297506.5,2020605.9,4144869.5,1697282.3,565366.8,836160,133761.2,209097.5,58976.1,61320,488562.3,4256886,21084830.7,961912.4,957992,3387005,1320478,9033708.5,2116652.2,133255.1
255,0.00222,0.00221,0.0022,0.00219,0.00218,0.00217,0.00216,0.00215,0.00214,0.00213,0.00223,0.00224,0.00225,0.00226,0.00227,0.00228,0.00229,0.0023,0.00231,0.00232,187332.9,2938484.8,4349422.7,1277297.1,520048.6,996082.7,133761.2,395202.4,56639.6,61320,483821.8,4261659,21421748.7,624992.4,957992,3387005,1320478,9033708.5,2116652.2,133255.1
256,0.00222,0.00221,0.0022,0.00219,0.00218,0.00217,0.00216,0.00215,0.00214,0.00213,0.00223,0.00224,0.00225,0.00226,0.00227,0.00228,0.00229,0.0023,0.00231,0.00232,355119.2,1854416.2,4238858.7,1210003.2,490170.8,882162.3,133761.2,395202.4,56639.6,61320,99756,4969811.2,21084830.7,624992.4,957992,1416715.1,3290767.9,9033708.5,2116652.2,133255.1
257,0.00222,0.00221,0.0022,0.00219,0.00218,0.00217,0.00216,0.00215,0.00214,0.00213,0.00223,0.00224,0.00225,0.00226,0.00227,0.00228,0.00229,0.0023,0.00231,0.00232,336708.8,1215074.6,4575747.1,1231847,520771.5,934573.5,170669.6,358122.4,56639.6,61320,280558.5,4936207.4,21085058.7,430944.2,1152040.2,1258232.1,3255954.8,9068370.3,2116652.2,133255.1
258,0.0022,0.00219,0.00218,0.00217,0.00216,0.00215,0.00214,0.00213,0.00212,0.00211,0.00221,0.00222,0.00223,0.00224,0.00225,0.00226,0.00227,0.00228,0.00229,0.0023,236990.8,5733575,1025023.6,403143.9,533066.2,383536.6,102901.2,66015,83610.2,344715,300255.5,1702808.8,2408230.3,3276975.1,21412038.5,245365,610998.5,1258232.1,3290767.9,9035882.5
259,0.0022,0.00219,0.00218,0.00217,0.00216,0.00215,0.00214,0.00213,0.00212,0.00211,0.00221,0.00222,0.00223,0.00224,0.00225,0.00226,0.00227,0.00228,0.00229,0.0023,230815,1658445.4,2662984.2,1982576.7,1136225.7,516549.8,680978,66015,56906.6,104629.1,2706474.3,1014687.9,1163863.6,3142024.3,21127251.6,65721.4,610998.5,1293197.9,3258138.3,9033708.5
260,0.0022,0.00219,0.00218,0.00217,0.00216,0.00215,0.00214,0.00213,0.00212,0.00211,0.00221,0.00222,0.00223,0.00224,0.00225,0.00226,0.00227,0.00228,0.00229,0.0023,320261,3020034.2,3556030.5,649737,1694823.4,325587.1,103286.8,297998.7,56906.6,104629.1,536438.7,844846.7,1843643.6,3209922.1,21127251.6,225102.4,987764.7,1293197.9,3258138.3,9033708.5
261,0.0022,0.00219,0.00218,0.00217,0.00216,0.00215,0.00214,0.00213,0.00212,0.00211,0.00221,0.00222,0.00223,0.00224,0.00225,0.00226,0.00227,0.00228,0.00229,0.0023,180771.5,750202.4,4156254.4,1119638.5,1620911.1,430007.3,103286.8,66015,56906.6,491629.1,2379195.6,1091071.2,925003.9,3438952.9,21127251.6,1485012,1744687.7,1293197.9,2032613.4,8237917.9
262,0.00219,0.00218,0.00217,0.00216,0.00215,0.00214,0.00213,0.00212,0.00211,0.0021,0.0022,0.00221,0.00222,0.00223,0.00224,0.00225,0.00226,0.00227,0.00228,0.00229,418296.1,5307326.2,1147231.6,1068716.3,570055.9,798118.1,344864.9,85968.7,464799,54000,296052.4,2770643.4,1458186.9,421346.4,466689.3,21368694.2,1326881.5,1760253,1258232.1,2032613.4
263,0.00218,0.00217,0.00216,0.00215,0.00214,0.00213,0.00212,0.00211,0.0021,0.00209,0.00219,0.0022,0.00221,0.00222,0.00223,0.00224,0.00225,0.00226,0.00227,0.00228,1540830.2,4671140.4,1323320.9,632608.4,1006190,331398.3,104719.2,450699.1,54000,327387.3,308395.7,1241156.2,3320620.7,763591.2,285863.4,466689.3,21841447.9,1362156.7,1725133.2,1258232.1
264,0.00219,0.00218,0.00217,0.00216,0.00215,0.00214,0.00213,0.00212,0.00211,0.0021,0.0022,0.00221,0.00222,0.00223,0.00224,0.00225,0.00226,0.00227,0.00228,0.00229,322311.6,2946503.6,3150750.8,981484.5,652702.8,846936.8,352786.6,107077.7,448329.4,54000,494802.7,2896751.7,1356215.4,425170.2,466689.3,23002205.9,1326881.5,1760253,1258232.1,2035845.8
265,0.00219,0.00218,0.00217,0.00216,0.00215,0.00214,0.00213,0.00212,0.00211,0.0021,0.0022,0.00221,0.00222,0.00223,0.00224,0.00225,0.00226,0.00227,0.00228,0.00229,289482.2,897381.2,3595122.1,981484.5,664789.9,835371.4,118455.4,104719.2,448329.4,54000,1675262.3,2898328.7,648661.4,432761,466689.3,23002205.9,1326881.5,1760253,1258232.1,2035845.8
266,0.00219,0.00218,0.00217,0.00216,0.00215,0.00214,0.00213,0.00212,0.00211,0.0021,0.0022,0.00221,0.00222,0.00223,0.00224,0.00225,0.00226,0.00227,0.00228,0.00229,289482.2,818119.2,3435544.1,981484.5,748300.1,751856.5,118455.4,340155.8,448329.4,54000,1506475.5,3260482.6,648661.4,425170.2,466689.3,26054695.8,1326881.5,1760253,1827199.4,2035845.8
267,0.00219,0.00218,0.00217,0.00216,0.00215,0.00214,0.00213,0.00212,0.00211,0.0021,0.0022,0.00221,0.00222,0.00223,0.00224,0.00225,0.00226,0.00227,0.00228,0.00229,431451.5,574769.6,4009158.1,981484.5,1279729.7,217557.7,379364.8,311093.7,448329.4,54000,500346.8,2872570.7,619734.7,371170.2,412689.3,26054695.8,2935663.5,1706253,1773199.4,1981845.8
268,0.00219,0.00218,0.00217,0.00216,0.00215,0.00214,0.00213,0.00212,0.00211,0.0021,0.0022,0.00221,0.00222,0.00223,0.00224,0.00225,0.00226,0.00227,0.00228,0.00229,431451.5,916243.7,3515734.5,981484.5,665173.6,301458.2,854555,311093.7,61329.4,54000,1209050.1,2287334,543007,371170.2,412689.3,26054695.8,2935663.5,1706253,1775392.4,1979662.3
269,0.00219,0.00218,0.00217,0.00216,0.00215,0.00214,0.00213,0.00212,0.00211,0.0021,0.0022,0.00221,0.00222,0.00223,0.00224,0.00225,0.00226,0.00227,0.00228,0.00229,418904.2,2836163.5,2174820.8,981484.5,1159523.2,338711.5,323125.4,311093.7,61329.4,54000,75454.5,2370945.4,884492,371170.2,412689.3,26054695.8,2935663.5,1706253,1775392.4,1979662.3
270,0.00219,0.00218,0.00217,0.00216,0.00215,0.00214,0.00213,0.00212,0.00211,0.0021,0.0022,0.00221,0.00222,0.00223,0.00224,0.00225,0.00226,0.00227,0.00228,0.00229,418904.2,2836162.2,1981294.8,937512.4,1280113.4,264204.9,323125.4,311093.7,448329.4,54000,75454.5,2347970.1,896171.2,371170.2,412689.3,26054695.8,4905953.4,1706253,1775392.4,9372.4
271,0.00219,0.00218,0.00217,0.00216,0.00215,0.00214,0.00213,0.00212,0.00211,0.0021,0.0022,0.00221,0.00222,0.00223,0.00224,0.00225,0.00226,0.00227,0.00228,0.00229,413196.5,1813073.2,3367359.4,1029179,1187253,103286.8,298894.7,102360.7,448329.4,54000,8151.6,3934543.6,1200722.5,371170.2,1846216.8,26054695.8,4941228.6,1671133.2,1775392.4,9372.4
272,0.00219,0.00218,0.00217,0.00216,0.00215,0.00214,0.00213,0.00212,0.00211,0.0021,0.00221,0.00222,0.00223,0.00224,0.00225,0.00226,0.00227,0.00228,0.00229,0.0023,1468048,995938.7,3780295.5,1029179,1150173,373776.3,91141.7,75657.1,61329.4,54000,3523192,1180064.8,357313.9,2128473.5,26054695.8,4941228.6,1671133.2,1775392.4,9372.4,2925070.8
273,0.00219,0.00218,0.00217,0.00216,0.00215,0.00214,0.00213,0.00212,0.00211,0.0021,0.0022,0.00221,0.00222,0.00223,0.00224,0.00225,0.00226,0.00227,0.00228,0.00229,413196.5,1528216.5,3774803.2,1429799.8,1345244.4,376762.3,91141.7,75657.1,448329.4,366534.8,237080.6,3496567,1159387.8,355051.2,412689.3,26054695.8,4941228.6,1671133.2,1775392.4,9372.4
274,0.00219,0.00218,0.00217,0.00216,0.00215,0.00214,0.00213,0.00212,0.00211,0.0021,0.0022,0.00221,0.00222,0.00223,0.00224,0.00225,0.00226,0.00227,0.00228,0.00229,1453923,2545174.9,2925825.4,981487.8,1187253,302255.7,91141.7,75657.1,448329.4,366534.8,164178.3,1836166.5,1159387.8,355051.2,412689.3,26054695.8,6107860.9,1671133.2,608450.7,9372.4
275,0.0022,0.00219,0.00218,0.00217,0.00216,0.00215,0.00214,0.00213,0.00212,0.00211,0.00221,0.00222,0.00223,0.00224,0.00225,0.00226,0.00227,0.00228,0.00229,0.0023,247856.5,1418538.2,3433886.8,1292622.7,917383,387614.8,86540.1,12911,29610.2,23799,2374677.1,1163869.1,390898,2833934.2,26248744,7241550.1,537444,608450.7,9372.4,2925070.8
276,0.0022,0.00219,0.00218,0.00217,0.00216,0.00215,0.00214,0.00213,0.00212,0.00211,0.00221,0.00222,0.00223,0.00224,0.00225,0.00226,0.00227,0.00228,0.00229,0.0023,431902.3,3049121,2676963.9,1012036.6,933988.8,327781.8,86540.1,10563.5,48360.7,4959.7,258920.2,1819684.2,716156.9,2838747.8,26583508.6,7457239.5,537444,571291.9,46369,2925070.8
277,0.0022,0.00219,0.00218,0.00217,0.00216,0.00215,0.00214,0.00213,0.00212,0.00211,0.00221,0.00222,0.00223,0.00224,0.00225,0.00226,0.00227,0.00228,0.00229,0.0023,431902.3,1922455.9,3805950.5,1058038.9,933988.8,374638,42229.4,10563.5,435360.7,288353,165195.6,2558660.4,718560.9,2838747.8,26504734.3,7241550.1,572563.8,571291.9,11555.9,2925070.8
278,0.0022,0.00219,0.00218,0.00217,0.00216,0.00215,0.00214,0.00213,0.00212,0.00211,0.00221,0.00222,0.00223,0.00224,0.00225,0.00226,0.00227,0.00228,0.00229,0.0023,423947.8,3143940.6,2437869.2,1058038.9,934084.3,337558,79482.7,10563.5,435360.7,288353,235529.8,1871709.6,725395,2911254.2,26310686.1,7241550.1,537444,571291.9,46369,2925070.8
279,0.00219,0.00218,0.00217,0.00216,0.00215,0.00214,0.00213,0.00212,0.00211,0.0021,0.0022,0.00221,0.00222,0.00223,0.00224,0.00225,0.00226,0.00227,0.00228,0.00229,169256.5,2886340.1,1971013.5,1338265.5,573527.6,751345.3,58151.6,2906.6,4959.7,312534.8,257878.2,2555174.7,1208050.4,457416.5,429650.3,25211693.5,7241550.1,1539670.4,606257.7,11555.9
280,0.00219,0.00218,0.00217,0.00216,0.00215,0.00214,0.00213,0.00212,0.00211,0.0021,0.0022,0.00221,0.00222,0.00223,0.00224,0.00225,0.00226,0.00227,0.00228,0.00229,169903.5,2886340.1,1595040.5,1338265.5,666736.8,1184865.5,58151.6,2906.6,4959.7,312534.8,262725.3,2550442.9,1208050.4,478093.5,429650.3,25211693.5,7241550.1,1539670.4,606257.7,11555.9
281,0.00219,0.00218,0.00217,0.00216,0.00215,0.00214,0.00213,0.00212,0.00211,0.0021,0.0022,0.00221,0.00222,0.00223,0.00224,0.00225,0.00226,0.00227,0.00228,0.00229,1068896.9,3351247,1595040.5,1342424.9,560094.5,1184865.5,58151.6,2906.6,4959.7,312534.8,262725.3,2550442.9,1208050.4,478093.5,429650.3,25211693.5,7241550.1,1539670.4,606257.7,11555.9
282,0.00219,0.00218,0.00217,0.00216,0.00215,0.00214,0.00213,0.00212,0.00211,0.0021,0.0022,0.00221,0.00222,0.00223,0.00224,0.00225,0.00226,0.00227,0.00228,0.00229,1068896.9,2940605,1551086.7,1340728.2,560094.5,1184865.5,55804.1,238343.2,391959.7,312534.8,396638.3,2891891.9,866534.4,478093.5,429650.3,25211693.5,7241550.1,1539670.4,606257.7,11555.9
283,0.00219,0.00218,0.00217,0.00216,0.00215,0.00214,0.00213,0.00212,0.00211,0.0021,0.0022,0.00221,0.00222,0.00223,0.00224,0.00225,0.00226,0.00227,0.00228,0.00229,1068896.9,3463557.3,1551086.7,1340728.2,560094.5,1184865.5,55804.1,238343.2,391959.7,312534.8,262725.3,3103883.2,490619.4,478093.5,429650.3,25052469.4,7241550.1,1539670.4,606257.7,11555.9
284,0.00218,0.00217,0.00216,0.00215,0.00214,0.00213,0.00212,0.00211,0.0021,0.00209,0.00219,0.0022,0.00221,0.00222,0.00223,0.00224,0.00225,0.00226,0.00227,0.00228,2260259.6,4187095.8,1346728.2,548487,594271.7,249967.2,238343.2,394329.4,312534.8,825218.4,677088.7,1401294.9,3194616.4,390390.7,252540.4,412689.3,25052469.4,7241550.1,1539670.4,606257.7
285,0.00219,0.00218,0.00217,0.00216,0.00215,0.00214,0.00213,0.00212,0.00211,0.0021,0.0022,0.00221,0.00222,0.00223,0.00224,0.00225,0.00226,0.00227,0.00228,0.00229,258473.2,3290907.3,2995614.8,1340728.2,606428.8,865904.8,4694.9,286917.4,394329.4,312534.8,134014.9,3054552.9,517932.5,382187.8,412689.3,25052469.4,7241550.1,1539670.4,608450.7,9372.4
286,0.00218,0.00217,0.00216,0.00215,0.00214,0.00213,0.00212,0.00211,0.0021,0.00209,0.00219,0.0022,0.00221,0.00222,0.00223,0.00224,0.00225,0.00226,0.00227,0.00228,583512.2,5466667.9,768662.1,1125963.1,429079.2,256335,241463.3,7329.4,312534.8,293788.8,250920.7,2711278.7,1791833.1,396850.3,260491.1,412689.3,25052469.4,7241550.1,1539670.4,608450.7
287,0.00218,0.00217,0.00216,0.00215,0.00214,0.00213,0.00212,0.00211,0.0021,0.00209,0.00219,0.0022,0.00221,0.00222,0.00223,0.00224,0.00225,0.00226,0.00227,0.00228,603789.6,4783091,907246.1,1172777,464841.5,256722.4,772892.9,243881.8,312534.8,293788.8,247776.5,1209981.7,2142781.8,396850.3,252540.4,412689.3,25052469.4,7241550.1,1574790.2,573484.9
288,0.00218,0.00217,0.00216,0.00215,0.00214,0.00213,0.00212,0.00211,0.0021,0.00209,0.00219,0.0022,0.00221,0.00222,0.00223,0.00224,0.00225,0.00226,0.00227,0.00228,595193.3,4783047,768662.1,1172777,425794.4,256722.4,772892.9,246880.3,312534.8,293788.8,247776.5,1526787.1,2134985,396801.3,252540.4,412689.3,25052469.4,7241550.1,1574790.2,573484.9
289,0.00218,0.00217,0.00216,0.00215,0.00214,0.00213,0.00212,0.00211,0.0021,0.00209,0.00219,0.0022,0.00221,0.00222,0.00223,0.00224,0.00225,0.00226,0.00227,0.00228,595193.3,5513586.1,768662.1,1172777,473209.6,256722.4,772892.9,246880.3,699534.8,5299,247776.5,1058025.7,2055772.5,396801.3,252540.4,501571.6,25809392.4,6484627.1,1485907.9,573484.9
