timestamp,bid_price_0,bid_price_1,bid_price_2,bid_price_3,bid_price_4,bid_price_5,bid_price_6,bid_price_7,bid_price_8,bid_price_9,ask_price_0,ask_price_1,ask_price_2,ask_price_3,ask_price_4,ask_price_5,ask_price_6,ask_price_7,ask_price_8,ask_price_9,bid_size_0,bid_size_1,bid_size_2,bid_size_3,bid_size_4,bid_size_5,bid_size_6,bid_size_7,bid_size_8,bid_size_9,ask_size_0,ask_size_1,ask_size_2,ask_size_3,ask_size_4,ask_size_5,ask_size_6,ask_size_7,ask_size_8,ask_size_9
0,0.00213,0.00212,0.00211,0.0021,0.00209,0.00208,0.00207,0.00206,0.00205,0.00204,0.00214,0.00215,0.00216,0.00217,0.00218,0.00219,0.0022,0.00221,0.00222,0.00223,252089.2,3879218.9,2667474.6,1242403.9,678345.6,256083.8,154982.4,95127.2,464283.7,269566.3,474026,2401393.1,1805391.7,2211557.1,3875981.6,3616139.9,125401.1,642905.9,126166.3,3310752.9
1,0.00213,0.00212,0.00211,0.0021,0.00209,0.00208,0.00207,0.00206,0.00205,0.00204,0.00214,0.00215,0.00216,0.00217,0.00218,0.00219,0.0022,0.00221,0.00222,0.00223,371874.2,2757605.4,3615439.1,1463205.4,678345.6,256083.8,154982.4,95127.2,464283.7,269566.3,691052.5,1798790,1443064.2,2203294.7,3873311.4,3609945.7,107743.9,628707.5,126166.3,3310752.9
2,0.00212,0.00211,0.0021,0.00209,0.00208,0.00207,0.00206,0.00205,0.00204,0.00203,0.00213,0.00214,0.00215,0.00216,0.00217,0.00218,0.00219,0.0022,0.00221,0.00222,386344,2368410.9,4039241.6,1112405.3,465531.2,340923.1,95127.2,65283.7,269566.3,351016.6,816197.2,1835020.4,820658.1,1477995.9,2021783.2,3912551.3,3616139.9,89163.8,642905.9,126166.3
3,0.00212,0.00211,0.0021,0.00209,0.00208,0.00207,0.00206,0.00205,0.00204,0.00203,0.00213,0.00214,0.00215,0.00216,0.00217,0.00218,0.00219,0.0022,0.00221,0.00222,386344,1845625.9,4368256.3,861025,465531.2,263896.9,172527.2,65283.7,269566.3,351016.6,1761208.4,2048938.4,872478,1477995.9,2058521.5,3875981.6,3616139.9,89163.8,642905.9,126166.3
4,0.00212,0.00211,0.0021,0.00209,0.00208,0.00207,0.00206,0.00205,0.00204,0.00203,0.00213,0.00214,0.00215,0.00216,0.00217,0.00218,0.00219,0.0022,0.00221,0.00222,441453.7,5008743.1,3136800.8,566359.6,465531.2,302410,133827.2,65283.7,269566.3,351016.6,474693.5,2148001,985019.4,1384049.5,2294864.7,3912551.3,3616139.9,89163.8,642905.9,126166.3
5,0.00212,0.00211,0.0021,0.00209,0.00208,0.00207,0.00206,0.00205,0.00204,0.00203,0.00213,0.00214,0.00215,0.00216,0.00217,0.00218,0.00219,0.0022,0.00221,0.00222,441384.2,5376855.6,2301504.6,566359.6,465531.2,302410,133827.2,65283.7,668566.3,351016.6,484327.1,2192190.6,1218129.5,1075666.8,2294864.7,3912551.3,3616139.9,89163.8,642905.9,126166.3
6,0.00212,0.00211,0.0021,0.00209,0.00208,0.00207,0.00206,0.00205,0.00204,0.00203,0.00213,0.00214,0.00215,0.00216,0.00217,0.00218,0.00219,0.0022,0.00221,0.00222,567542.9,4400174.7,2997379.4,610208.9,465531.2,263896.9,172527.2,65283.7,668566.3,351016.6,484311.3,2040554.6,1218129.5,1075666.8,2331603,3875981.6,3616139.9,89163.8,642905.9,126166.3
7,0.00212,0.00211,0.0021,0.00209,0.00208,0.00207,0.00206,0.00205,0.00204,0.00203,0.00213,0.00214,0.00215,0.00216,0.00217,0.00218,0.00219,0.0022,0.00221,0.00222,571369.1,4390537.6,2997543.2,610208.9,465531.2,263896.9,172527.2,65283.7,668566.3,54000,454601.2,2078783,1611160.5,901244.9,2294864.7,3912551.3,3616139.9,89163.8,642905.9,126166.3
8,0.00212,0.00211,0.0021,0.00209,0.00208,0.00207,0.00206,0.00205,0.00204,0.00203,0.00213,0.00214,0.00215,0.00216,0.00217,0.00218,0.00219,0.0022,0.00221,0.00222,914705.6,5137179.6,2687549.1,566359.6,465531.2,263896.9,172527.2,65283.7,668566.3,54000,469141,2422750.9,1257607.5,901244.9,2294864.7,2086026.5,3616139.9,89163.8,642905.9,126166.3
9,0.00212,0.00211,0.0021,0.00209,0.00208,0.00207,0.00206,0.00205,0.00204,0.00203,0.00213,0.00214,0.00215,0.00216,0.00217,0.00218,0.00219,0.0022,0.00221,0.00222,784741,5534916.9,2249658.1,610289.9,465531.2,263896.9,172527.2,65283.7,269566.3,54000,459519.2,2473037.7,864576.5,1204914.4,2294864.7,2086026.5,3616139.9,91436.6,642905.9,123914
10,0.00212,0.00211,0.0021,0.00209,0.00208,0.00207,0.00206,0.00205,0.00204,0.00203,0.00213,0.00214,0.00215,0.00216,0.00217,0.00218,0.00219,0.0022,0.00221,0.00222,617852.7,5313203.7,2284626.1,566359.6,465531.2,263896.9,172527.2,65283.7,269566.3,54000,979775,2227358.4,864576.5,1204914.4,2331603,2049456.8,3616139.9,91436.6,642905.9,123914
11,0.00212,0.00211,0.0021,0.00209,0.00208,0.00207,0.00206,0.00205,0.00204,0.00203,0.00213,0.00214,0.00215,0.00216,0.00217,0.00218,0.00219,0.0022,0.00221,0.00222,747953,5310732.7,2272189.1,560492.8,465531.2,77956.2,172527.2,65283.7,269566.3,54000,749195.6,2245180.4,872215.9,1324802.5,2517868,2049456.8,3616139.9,91436.6,642905.9,123914
12,0.00211,0.0021,0.00209,0.00208,0.00207,0.00206,0.00205,0.00204,0.00203,0.00202,0.00212,0.00213,0.00214,0.00215,0.00216,0.00217,0.00218,0.00219,0.0022,0.00221,856930.6,5502187.3,949604.4,587857.1,409801.9,364325,112292.5,224778.1,54000,363002.3,200700.2,1393826.6,3109754.3,674451.4,1192275.4,2498031.2,1353183.5,3422091.7,91436.6,642905.9
13,0.00212,0.00211,0.0021,0.00209,0.00208,0.00207,0.00206,0.00205,0.00204,0.00203,0.00213,0.00214,0.00215,0.00216,0.00217,0.00218,0.00219,0.0022,0.00221,0.00222,328634.4,1752840.4,4852272.7,1033713.9,465531.2,371288.8,208800,112292.5,224778.1,54000,988364,2735354,942150.4,1501825.2,2709827.7,1353183.5,3422091.7,86069.6,642905.9,123914
14,0.00211,0.0021,0.00209,0.00208,0.00207,0.00206,0.00205,0.00204,0.00203,0.00202,0.00212,0.00213,0.00214,0.00215,0.00216,0.00217,0.00218,0.00219,0.0022,0.00221,635604.2,5291501.7,1172675,576360.9,371288.8,390103.5,65283.7,272017.3,453000,64515.3,255818.8,1932999.9,1646438.2,911368.5,1424870.5,2224949.7,1353183.5,3422091.7,91436.6,642905.9
15,0.00211,0.0021,0.00209,0.00208,0.00207,0.00206,0.00205,0.00204,0.00203,0.00202,0.00212,0.00213,0.00214,0.00215,0.00216,0.00217,0.00218,0.00219,0.0022,0.00221,1186484.2,5775659.1,1172675,576360.9,361577.2,170100,65283.7,272017.3,453000,363002.3,214085.7,1818782.8,1255837.3,911368.5,1424870.5,2281815.6,1296317.6,3422091.7,91436.6,642905.9
16,0.00211,0.0021,0.00209,0.00208,0.00207,0.00206,0.00205,0.00204,0.00203,0.00202,0.00212,0.00213,0.00214,0.00215,0.00216,0.00217,0.00218,0.00219,0.0022,0.00221,1186484.2,5268531.7,1172675,576360.9,323064.1,208800,65283.7,272017.3,54000,363002.3,340901.3,1824364,1255654.2,1066475.6,1857427.6,3936837.1,1296317.6,1329238.1,91436.6,642905.9
17,0.00211,0.0021,0.00209,0.00208,0.00207,0.00206,0.00205,0.00204,0.00203,0.00202,0.00212,0.00213,0.00214,0.00215,0.00216,0.00217,0.00218,0.00219,0.0022,0.00221,854730.7,5636144.3,1172675,576360.9,323064.1,208800,65283.7,272017.3,54000,363002.3,340901.3,1801680.4,1315334.1,1066475.6,1857427.6,3936837.1,1296317.6,1329238.1,91436.6,642905.9
18,0.00211,0.0021,0.00209,0.00208,0.00207,0.00206,0.00205,0.00204,0.00203,0.00202,0.00212,0.00213,0.00214,0.00215,0.00216,0.00217,0.00218,0.00219,0.0022,0.00221,841842.7,5638009.9,1128360.2,631781.4,323064.1,208800,92902,244263.6,54000,363002.3,355972.5,2141781.3,1354859.1,1066475.6,1857427.6,3936837.1,1296317.6,1329238.1,89163.8,642905.9
19,0.00211,0.0021,0.00209,0.00208,0.00207,0.00206,0.00205,0.00204,0.00203,0.00202,0.00212,0.00213,0.00214,0.00215,0.00216,0.00217,0.00218,0.00219,0.0022,0.00221,837312.5,4208876.3,2325374.7,631781.4,323064.1,447457.3,112292.5,224778.1,54000,363002.3,355976.9,1992323.2,1089177.1,1325203.1,2288841.9,4462856.3,1102269.4,106945.6,89163.8,642905.9
20,0.00211,0.0021,0.00209,0.00208,0.00207,0.00206,0.00205,0.00204,0.00203,0.00202,0.00212,0.00213,0.00214,0.00215,0.00216,0.00217,0.00218,0.00219,0.0022,0.00221,630522.8,4395002.2,2618868,588153.3,323064.1,447457.3,112292.5,224778.1,54000,363002.3,262599.5,2015236.7,1103531.1,1325203.1,2288841.9,4462856.3,1102269.4,106945.6,89163.8,642905.9
21,0.00212,0.00211,0.0021,0.00209,0.00208,0.00207,0.00206,0.00205,0.00204,0.00203,0.00213,0.00214,0.00215,0.00216,0.00217,0.00218,0.00219,0.0022,0.00221,0.00222,264996.3,1389949.8,4147784.7,2479907.2,477323.6,400090.3,131400,112292.5,224778.1,54000,2104684,1349672.2,1325203.1,2590753.4,4491332.2,1099599.2,100751.4,89163.8,642905.9,123914
22,0.00211,0.0021,0.00209,0.00208,0.00207,0.00206,0.00205,0.00204,0.00203,0.00202,0.00212,0.00213,0.00214,0.00215,0.00216,0.00217,0.00218,0.00219,0.0022,0.00221,621936.3,5653782.2,1773864.8,589444,438603.4,92700,112292.5,615778.1,54000,363002.3,241315.5,2101027.4,2057183.1,1042509.7,1110431.6,5526558.4,3390138.3,100751.4,89163.8,642905.9
23,0.00211,0.0021,0.00209,0.00208,0.00207,0.00206,0.00205,0.00204,0.00203,0.00202,0.00212,0.00213,0.00214,0.00215,0.00216,0.00217,0.00218,0.00219,0.0022,0.00221,440950,5654233.5,1781343.6,589444,438603.4,92700,112292.5,224778.1,54000,363002.3,235829.3,1959479.2,1811208.1,1042509.7,1147340,5534820.8,3356238.8,106945.6,89163.8,642905.9
24,0.00211,0.0021,0.00209,0.00208,0.00207,0.00206,0.00205,0.00204,0.00203,0.00202,0.00212,0.00213,0.00214,0.00215,0.00216,0.00217,0.00218,0.00219,0.0022,0.00221,432362.9,5654175.3,1600793.9,589444,438603.4,92700,112292.5,227369.1,56601.1,363002.3,245309.9,1957920.4,1682180.1,937987,1383513.1,5571559.1,3356238.8,106945.6,89163.8,642905.9
25,0.00211,0.0021,0.00209,0.00208,0.00207,0.00206,0.00205,0.00204,0.00203,0.00202,0.00212,0.00213,0.00214,0.00215,0.00216,0.00217,0.00218,0.00219,0.0022,0.00221,432362.9,5410707.5,1859547,589444,438603.4,92700,112292.5,618369.1,56601.1,363002.3,245309.9,1822430.5,1324369.9,937987,1383513.1,5571559.1,3356238.8,106945.6,89163.8,642905.9
26,0.00212,0.00211,0.0021,0.00209,0.00208,0.00207,0.00206,0.00205,0.00204,0.00203,0.00213,0.00214,0.00215,0.00216,0.00217,0.00218,0.00219,0.0022,0.00221,0.00222,789792.4,2912250.4,3572807.5,1498141.7,477323.6,154982.4,92700,112292.5,618369.1,56601.1,169081.4,2377141,1303088.5,1394924.3,5137248.1,4052512.1,337396.6,660403.9,73938.6,3336521.8
27,0.00212,0.00211,0.0021,0.00209,0.00208,0.00206,0.00205,0.00204,0.00203,0.00202,0.00213,0.00214,0.00215,0.00216,0.00217,0.00218,0.00219,0.0022,0.00221,0.00222,653821.4,2912247.4,3266903,1536286.2,592307.3,54000,112292.5,618369.1,56601.1,363002.3,149477.6,2883133.4,949211.5,1394924.3,5137248.1,4052512.1,337396.6,660403.9,73938.6,3336521.8
28,0.00213,0.00212,0.00211,0.0021,0.00209,0.00208,0.00206,0.00205,0.00204,0.00203,0.00214,0.00215,0.00216,0.00217,0.00218,0.00219,0.0022,0.00221,0.00222,0.00223,246309.6,1387343.7,2754923,2612223.8,974285.6,382859.9,83911.4,475674.2,224918.1,351162.6,3035105.5,1404589.8,1578691.3,3864800.3,4485069.2,1523286.3,696641.2,73938.6,3336521.8,1510645.4
29,0.00213,0.00212,0.00211,0.0021,0.00209,0.00208,0.00206,0.00205,0.00204,0.00203,0.00214,0.00215,0.00216,0.00217,0.00218,0.00219,0.0022,0.00221,0.00222,0.00223,246309.6,1387204.7,3106953.3,2612223.8,974285.6,382859.9,83911.4,475674.2,224918.1,351162.6,2725626.4,1761826.9,1346297.9,4137881.8,4485069.2,1523286.3,696641.2,73938.6,3336521.8,1510645.4
30,0.00214,0.00213,0.00212,0.00211,0.0021,0.00209,0.00208,0.00206,0.00205,0.00204,0.00215,0.00216,0.00217,0.00218,0.00219,0.0022,0.00221,0.00222,0.00223,0.00224,199891.2,1037290.8,2634755.3,1687001.9,1810913.1,724403,175252.5,56427.2,503296.9,518035.7,2546975.6,1454325,3689205.4,4268336.8,2276425.5,852179.3,110011.9,3336521.8,1512918.2,111595
31,0.00213,0.00212,0.00211,0.0021,0.00209,0.00208,0.00206,0.00205,0.00204,0.00203,0.00214,0.00215,0.00216,0.00217,0.00218,0.00219,0.0022,0.00221,0.00222,0.00223,554358.3,2929540.1,2305316.4,1923662.1,1055793.4,60268.8,103212.2,456283.7,518035.7,56601.1,203318.3,2306702,1389411.4,1190889.4,4268336.8,2276425.5,3751317.9,110011.9,3336521.8,1512918.2
32,0.00214,0.00213,0.00212,0.00211,0.0021,0.00209,0.00208,0.00206,0.00205,0.00204,0.00215,0.00216,0.00217,0.00218,0.00219,0.0022,0.00221,0.00222,0.00223,0.00224,244044.7,1326266.4,3104853.2,904717.6,863181.3,800692,98596.7,494212.2,65283.7,518035.7,2487349.4,997245,1584683.7,4268336.8,2276425.5,3875950.2,110011.9,3336521.8,1512918.2,111595
33,0.00213,0.00212,0.00211,0.0021,0.00209,0.00208,0.00206,0.00205,0.00204,0.00203,0.00214,0.00215,0.00216,0.00217,0.00218,0.00219,0.0022,0.00221,0.00222,0.00223,647118.7,3961734,1743573.6,1124186.3,986026.4,277280.7,103212.2,65283.7,518035.7,64636.2,249621.1,2536311.8,1618553.7,1156653.4,4268336.8,2276425.5,3870583.2,104271.7,3336521.8,1507694.3
34,0.00213,0.00212,0.00211,0.0021,0.00209,0.00208,0.00207,0.00206,0.00205,0.00204,0.00214,0.00215,0.00216,0.00217,0.00218,0.00219,0.0022,0.00221,0.00222,0.00223,318757.6,2389848.3,3137447.9,919217.9,659747.9,315608.6,38513.1,103212.2,65283.7,518035.7,1331684.6,2405874.2,1267300.5,883571.9,4541418.3,2278963.7,3906820.5,68198.4,3347519.9,1507694.3
35,0.00213,0.00212,0.00211,0.0021,0.00209,0.00208,0.00207,0.00206,0.00205,0.00204,0.00214,0.00215,0.00216,0.00217,0.00218,0.00219,0.0022,0.00221,0.00222,0.00223,315724.9,3657209.3,2030665.9,880233.8,659747.9,277280.7,77026.2,103212.2,456283.7,224918.1,317670.7,2170586,1378229.2,1697131.4,4938991,1582690.4,3712772.3,68198.4,3349772.2,1505421.5
36,0.00213,0.00212,0.00211,0.0021,0.00209,0.00208,0.00207,0.00206,0.00205,0.00204,0.00214,0.00215,0.00216,0.00217,0.00218,0.00219,0.0022,0.00221,0.00222,0.00223,294575.3,1757374.8,3463339.6,723424.9,659747.9,315608.6,38513.1,103212.2,456283.7,224918.1,1271819.6,2579422.1,1027750.9,1895027.4,4938991,1582690.4,3712772.3,68198.4,3349772.2,92921.2
37,0.00213,0.00212,0.00211,0.0021,0.00209,0.00208,0.00207,0.00206,0.00205,0.00204,0.00214,0.00215,0.00216,0.00217,0.00218,0.00219,0.0022,0.00221,0.00222,0.00223,282643.9,1739129.7,3405609.2,723424.9,659747.9,277280.7,77026.2,103212.2,456283.7,224918.1,1161419.5,2579352,1027554.7,1402278.6,2538363,4318421.9,3870583.2,68198.4,3349772.2,92921.2
38,0.00213,0.00212,0.00211,0.0021,0.00209,0.00208,0.00207,0.00206,0.00205,0.00204,0.00214,0.00215,0.00216,0.00217,0.00218,0.00219,0.0022,0.00221,0.00222,0.00223,282643.9,2061473.7,3123630.6,711541,659747.9,277280.7,77026.2,103212.2,456283.7,224918.1,1303297.4,2246747.7,916526.6,1050479.6,2538363,4318421.9,3870583.2,68198.4,3349772.2,92921.2
39,0.00213,0.00212,0.00211,0.0021,0.00209,0.00208,0.00207,0.00206,0.00205,0.00204,0.00214,0.00215,0.00216,0.00217,0.00218,0.00219,0.0022,0.00221,0.00222,0.00223,282643.9,2401319.4,2780590.4,711541,659747.9,277280.7,77026.2,103212.2,456283.7,224918.1,1296571.8,2598280.5,916737.8,1050479.6,2538363,4318421.9,3870583.2,68198.4,3349772.2,92921.2
40,0.00213,0.00212,0.00211,0.0021,0.00209,0.00208,0.00207,0.00206,0.00205,0.00204,0.00214,0.00215,0.00216,0.00217,0.00218,0.00219,0.0022,0.00221,0.00222,0.00223,233648.7,2632343.6,3594076,673578.1,439139.3,277280.7,77026.2,103212.2,65283.7,224918.1,2205467.9,1632015.9,1129631.5,1374474.9,2992801.6,3565282.7,3107567.7,68198.4,706131.7,92921.2
41,0.00213,0.00212,0.00211,0.0021,0.00209,0.00208,0.00207,0.00206,0.00205,0.00204,0.00214,0.00215,0.00216,0.00217,0.00218,0.00219,0.0022,0.00221,0.00222,0.00223,233648.7,2651841.2,3172378,673578.1,439139.3,277280.7,77026.2,103212.2,65283.7,224918.1,2203848.6,1663858.4,1085249.2,1374474.9,2992801.6,3565282.7,3107567.7,68198.4,706131.7,92921.2
42,0.00213,0.00212,0.00211,0.0021,0.00209,0.00208,0.00207,0.00206,0.00205,0.00204,0.00214,0.00215,0.00216,0.00217,0.00218,0.00219,0.0022,0.00221,0.00222,0.00223,186304.5,2312040.1,3160708.9,673578.1,439139.3,247110.3,115539.3,103212.2,65283.7,224918.1,2378330.9,1280232.9,1129417.7,1374474.9,2990131.4,3559088.5,3089910.5,54000,706131.7,92921.2
43,0.00213,0.00212,0.00211,0.0021,0.00209,0.00208,0.00207,0.00206,0.00205,0.00204,0.00214,0.00215,0.00216,0.00217,0.00218,0.00219,0.0022,0.00221,0.00222,0.00223,221524.2,2173756.9,3145211.1,595623,439139.3,238952.8,115539.3,103212.2,456283.7,224918.1,2459639.8,1675890.9,1085249.2,1374474.9,3029371.3,3528879.9,3107567.7,68198.4,706131.7,92921.2
44,0.00213,0.00212,0.00211,0.0021,0.00209,0.00208,0.00207,0.00206,0.00205,0.00204,0.00214,0.00215,0.00216,0.00217,0.00218,0.00219,0.0022,0.00221,0.00222,0.00223,221524.2,2183508,3145432.1,595623,439139.3,238952.8,115539.3,103212.2,456283.7,224918.1,2434402.8,1632029.4,1129014.2,1647556.1,2756289.8,3528879.9,3107567.7,70460.9,703879.4,92921.2
45,0.00213,0.00212,0.00211,0.0021,0.00209,0.00208,0.00207,0.00206,0.00205,0.00204,0.00214,0.00215,0.00216,0.00217,0.00218,0.00219,0.0022,0.00221,0.00222,0.00223,191790.7,2553759.2,3128991,595623,439139.3,238952.8,115539.3,103212.2,456283.7,224918.1,2354025.8,1631880.2,1129014.2,1639651.4,2756289.8,3528879.9,3107567.7,70460.9,703879.4,92921.2
46,0.00213,0.00212,0.00211,0.0021,0.00209,0.00208,0.00207,0.00206,0.00205,0.00204,0.00214,0.00215,0.00216,0.00217,0.00218,0.00219,0.0022,0.00221,0.00222,0.00223,196945.6,1688854.9,3943694.5,502052.5,400994.8,491791.9,77026.2,103212.2,456283.7,224918.1,2057151.7,2217982.7,1129639.4,1676389.7,2719720.1,5625049.7,1014562.4,70460.9,703879.4,92921.2
47,0.00212,0.00211,0.0021,0.00209,0.00208,0.00207,0.00206,0.00205,0.00204,0.00203,0.00213,0.00214,0.00215,0.00216,0.00217,0.00218,0.00219,0.0022,0.00221,0.00222,1037176.8,4966585.6,894765.4,614915,491791.9,284869.4,56427.2,112296.9,224918.1,359051.7,342395.1,2398961.6,2557482.7,699799.8,1663126.9,2123212.1,5625049.7,1014562.4,70460.9,703879.4
48,0.00212,0.00211,0.0021,0.00209,0.00208,0.00207,0.00206,0.00205,0.00204,0.00203,0.00213,0.00214,0.00215,0.00216,0.00217,0.00218,0.00219,0.0022,0.00221,0.00222,1215496.2,4905660.6,1294182.8,570711.9,491791.9,284869.4,103212.2,65283.7,224918.1,359051.7,337768.3,2258963.9,2557482.7,1192548.6,2060699.6,1426938.8,5431001.5,1014562.4,70460.9,703879.4
49,0.00212,0.00211,0.0021,0.00209,0.00208,0.00207,0.00206,0.00205,0.00204,0.00203,0.00213,0.00214,0.00215,0.00216,0.00217,0.00218,0.00219,0.0022,0.00221,0.00222,1592851.8,4797871.4,1094899.6,615018.5,530119.8,246356.3,56427.2,112296.9,224918.1,359051.7,317669.5,2263706.7,2557482.7,972881.3,1390045.4,2123212.1,5625049.7,1014562.4,70460.9,703879.4
50,0.00212,0.00211,0.0021,0.00209,0.00208,0.00207,0.00206,0.00205,0.00204,0.00203,0.00213,0.00214,0.00215,0.00216,0.00217,0.00218,0.00219,0.0022,0.00221,0.00222,1319246.6,3968001.5,1094899.6,615018.5,568447.7,207843.2,56427.2,112296.9,224918.1,62035.1,327347.1,2254143.6,2581609.5,972881.3,1390045.4,2123212.1,5625049.7,1014562.4,70460.9,703879.4
51,0.00212,0.00211,0.0021,0.00209,0.00208,0.00207,0.00206,0.00205,0.00204,0.00203,0.00213,0.00214,0.00215,0.00216,0.00217,0.00218,0.00219,0.0022,0.00221,0.00222,1125783.9,4458068,1094899.6,614730.2,568447.7,207843.2,56427.2,112296.9,224918.1,62035.1,378487.3,2254143.6,2581609.5,972881.3,1390045.4,2123212.1,5625049.7,1014562.4,70460.9,703879.4
52,0.00212,0.00211,0.0021,0.00209,0.00208,0.00207,0.00206,0.00205,0.00204,0.00203,0.00213,0.00214,0.00215,0.00216,0.00217,0.00218,0.00219,0.0022,0.00221,0.00222,1135909.9,5410295.2,1138675.3,570711.9,491791.9,284869.4,56427.2,112296.9,224918.1,62035.1,368893.5,2283506.1,1883484.5,972881.3,1483649.6,2029776.5,3621994.3,1014562.4,68198.4,703879.4
53,0.00212,0.00211,0.0021,0.00209,0.00208,0.00207,0.00206,0.00205,0.00204,0.00203,0.00213,0.00214,0.00215,0.00216,0.00217,0.00218,0.00219,0.0022,0.00221,0.00222,1270130.3,5410576,1138675.3,570711.9,453464,323382.5,56427.2,112296.9,224918.1,62035.1,366150.4,2040827.7,1883484.5,972881.3,1483649.6,2029776.5,3619456.1,1014562.4,68198.4,703879.4
54,0.00212,0.00211,0.0021,0.00209,0.00208,0.00207,0.00206,0.00205,0.00204,0.00203,0.00213,0.00214,0.00215,0.00216,0.00217,0.00218,0.00219,0.0022,0.00221,0.00222,1081375.4,5459806.1,1321985.4,570711.9,453464,323382.5,56427.2,112296.9,224918.1,62035.1,351596.5,2286527.6,1889944.1,1186089,2154303.8,1333503.2,3425407.9,1014562.4,68198.4,692881.3
55,0.00212,0.00211,0.0021,0.00209,0.00208,0.00207,0.00206,0.00205,0.00204,0.00203,0.00213,0.00214,0.00215,0.00216,0.00217,0.00218,0.00219,0.0022,0.00221,0.00222,710559,5338222.4,1711303.9,570711.9,453464,323382.5,83914.3,84675.7,224918.1,62035.1,363867.2,2207576.8,1889944.1,1186089,2154303.8,1333503.2,3427946.1,1014562.4,637165.7,134912.1
56,0.00212,0.00211,0.0021,0.00209,0.00208,0.00207,0.00206,0.00205,0.00204,0.00203,0.00213,0.00214,0.00215,0.00216,0.00217,0.00218,0.00219,0.0022,0.00221,0.00222,905121.4,5356051,1711303.9,570711.9,453464,323382.5,83914.3,84675.7,224918.1,62035.1,419673.8,2624137.4,896297.8,1654206.6,2154303.8,1333503.2,3427946.1,1014562.4,637165.7,134912.1
57,0.00212,0.00211,0.0021,0.00209,0.00208,0.00207,0.00206,0.00205,0.00204,0.00203,0.00213,0.00214,0.00215,0.00216,0.00217,0.00218,0.00219,0.0022,0.00221,0.00222,807204.5,6384777.3,1711606.9,550733.1,453464,323382.5,83914.3,84676.4,224918.1,62035.1,419687.5,2697725.6,954756.9,1672330.2,2117565.5,1370072.9,3427946.1,1014562.4,637165.7,134912.1
58,0.00212,0.00211,0.0021,0.00209,0.00208,0.00207,0.00206,0.00205,0.00204,0.00203,0.00213,0.00214,0.00215,0.00216,0.00217,0.00218,0.00219,0.0022,0.00221,0.00222,607669.2,6380169.2,1711606.9,550733.1,453464,323382.5,56427.2,84676.4,224918.1,62035.1,419717.9,2267804.3,954756.9,1672330.2,2117565.5,1370072.9,3427946.1,1014562.4,637165.7,134912.1
59,0.00212,0.00211,0.0021,0.00209,0.00208,0.00207,0.00206,0.00205,0.00204,0.00203,0.00213,0.00214,0.00215,0.00216,0.00217,0.00218,0.00219,0.0022,0.00221,0.00222,308719,6191118,1898864,550733.1,453464,323382.5,103214.1,65283.7,224918.1,62035.1,419750,2275745.9,1096272,1804024.1,1844484,1370072.9,3427946.1,1014562.4,637165.7,134912.1
60,0.00212,0.00211,0.0021,0.00209,0.00208,0.00207,0.00206,0.00205,0.00204,0.00203,0.00213,0.00214,0.00215,0.00216,0.00217,0.00218,0.00219,0.0022,0.00221,0.00222,835990.8,5725503.7,1565137.7,439139.3,453464,323382.5,83915.5,84676.4,224918.1,62035.1,395304.9,2067727.2,737502.2,1727187.9,1411926.9,1370072.9,3427946.1,1014562.4,637165.7,134912.1
61,0.00211,0.0021,0.00209,0.00208,0.00207,0.00206,0.00205,0.00204,0.00203,0.00202,0.00212,0.00213,0.00214,0.00215,0.00216,0.00217,0.00218,0.00219,0.0022,0.00221,818499.5,5142005.2,1481484.8,604010.1,504341.9,287028.2,65283.7,227369.1,62035.1,363002.3,374445.2,1636602.4,926990.5,1554713.8,2161669,2629372.1,1102269.4,1334059.5,1014562.4,637165.7
62,0.00211,0.0021,0.00209,0.00208,0.00207,0.00206,0.00205,0.00204,0.00203,0.00202,0.00212,0.00213,0.00214,0.00215,0.00216,0.00217,0.00218,0.00219,0.0022,0.00221,403884.6,5555729.3,1490171,604010.1,504341.9,287029.3,65283.7,227369.1,62035.1,363002.3,386338.9,1389813.3,926990.5,1554713.8,2124760.6,2754992.7,1099599.2,1327865.3,925680.1,637165.7
63,0.00211,0.0021,0.00209,0.00208,0.00207,0.00206,0.00205,0.00204,0.00203,0.00202,0.00212,0.00213,0.00214,0.00215,0.00216,0.00217,0.00218,0.00219,0.0022,0.00221,1708388.2,5314660,1381834.2,686287.7,679846.4,267729.6,84677.6,227369.1,62035.1,363002.3,386338.9,2582853.4,933450.1,1565215.2,2144708,2718254.4,1102269.4,1334059.5,925680.1,637165.7
64,0.00211,0.0021,0.00209,0.00208,0.00207,0.00206,0.00205,0.00204,0.00203,0.00202,0.00212,0.00213,0.00214,0.00215,0.00216,0.00217,0.00218,0.00219,0.0022,0.00221,931893.6,5803013,1569396.2,697798.9,679846.4,267729.6,84677.6,224778.1,62035.1,363002.3,386338.9,2579855.3,1086556.5,1838296.7,1871626.5,3940546.9,1102269.4,111767,925680.1,637165.7
65,0.00211,0.0021,0.00209,0.00208,0.00207,0.00206,0.00205,0.00204,0.00203,0.00202,0.00212,0.00213,0.00214,0.00215,0.00216,0.00217,0.00218,0.00219,0.0022,0.00221,541942,5162700,1572332,701193.3,679846.4,240241.3,112299.9,224778.1,62035.1,64515.3,384593.8,2826958,1086556.5,1838296.7,1871626.5,4746680.2,1102269.4,111767,119546.8,637165.7
66,0.00211,0.0021,0.00209,0.00208,0.00207,0.00206,0.00205,0.00204,0.00203,0.00202,0.00212,0.00213,0.00214,0.00215,0.00216,0.00217,0.00218,0.00219,0.0022,0.00221,762049.8,5531370.3,1472893.3,657021.9,679846.4,240241.3,112300.4,224778.1,62035.1,64515.3,424407.6,2324726.8,1086556.5,1838296.7,1879530.1,4746680.2,1102269.4,111767,119546.8,637165.7
67,0.00211,0.0021,0.00209,0.00208,0.00207,0.00206,0.00205,0.00204,0.00203,0.00202,0.00212,0.00213,0.00214,0.00215,0.00216,0.00217,0.00218,0.00219,0.0022,0.00221,743338.5,5657559.2,1472704.7,657021.9,465828.8,306431.4,84678.1,224778.1,62035.1,64515.3,424407.6,2189871.3,1086556.5,1838296.7,1871626.5,4746680.2,1102269.4,111767,119546.8,637165.7
68,0.0021,0.00209,0.00208,0.00207,0.00206,0.00205,0.00204,0.00203,0.00202,0.00201,0.00211,0.00212,0.00213,0.00214,0.00215,0.00216,0.00217,0.00218,0.00219,0.0022,663164.2,6537977.4,1141604.9,782014.3,625832.9,244186.7,236682.8,62035.1,453040,78353.8,340645.5,2123051,1670524,1005177.4,2688479,524511,4349169.6,1102269.4,111767,119546.8
69,0.0021,0.00209,0.00208,0.00207,0.00206,0.00205,0.00204,0.00203,0.00202,0.00201,0.00211,0.00212,0.00213,0.00214,0.00215,0.00216,0.00217,0.00218,0.00219,0.0022,834760.9,5997073,1141348.1,782014.3,645133.5,244186.7,236682.8,62035.1,453040,78353.8,340645.5,2120365.7,1670524,1005177.4,2651399,561419.4,4349169.6,1102269.4,111767,119546.8
70,0.0021,0.00209,0.00208,0.00207,0.00206,0.00205,0.00204,0.00203,0.00202,0.00201,0.00211,0.00212,0.00213,0.00214,0.00215,0.00216,0.00217,0.00218,0.00219,0.0022,485836.8,6620867.9,1234397.7,782014.3,645133.7,244186.7,236682.8,62035.1,453040,78353.8,340645.5,1624403.7,1670524,1005177.4,2688479,581376.9,4292303.7,1102269.4,680734.3,119546.8
71,0.0021,0.00209,0.00208,0.00207,0.00206,0.00205,0.00204,0.00203,0.00202,0.00201,0.00211,0.00212,0.00213,0.00214,0.00215,0.00216,0.00217,0.00218,0.00219,0.0022,570398.9,6006864.1,1321114.5,826321.5,645133.7,244186.7,236682.8,62035.1,453040,77696.3,340645.5,1168940,1670524,1005177.4,2688479,581376.9,4292303.7,1102269.4,680734.3,119546.8
72,0.0021,0.00209,0.00208,0.00207,0.00206,0.00205,0.00204,0.00203,0.00202,0.00201,0.00211,0.00212,0.00213,0.00214,0.00215,0.00216,0.00217,0.00218,0.00219,0.0022,161310.4,3328125.4,3193701.5,864834.6,606433.7,494237.9,236682.8,62035.1,453040,77696.3,1031823.1,1402228.6,1612329,1005177.4,2688479,363376.2,4292303.7,1102269.4,680734.3,119546.8
73,0.0021,0.00209,0.00208,0.00207,0.00206,0.00205,0.00204,0.00203,0.00202,0.00201,0.00211,0.00212,0.00213,0.00214,0.00215,0.00216,0.00217,0.00218,0.00219,0.0022,515705.6,4460416.2,2183488.5,820527.4,606433.7,65283.7,236682.8,62035.1,453040,77696.3,311460.3,661072.7,1050377.7,1220646,2611269.7,548903.9,4292303.7,1102269.4,678196.1,119546.8
74,0.0021,0.00209,0.00208,0.00207,0.00206,0.00205,0.00204,0.00203,0.00202,0.00201,0.00211,0.00212,0.00213,0.00214,0.00215,0.00216,0.00217,0.00218,0.00219,0.0022,1085210.3,5116306.8,2185746.9,696988.3,509227.3,84678.5,236682.8,453035.1,62040,69715.4,230342.1,1712368.1,1057634.4,1271657.9,2533374.1,585812.3,4292303.7,1102269.4,678196.1,119546.8
75,0.00211,0.0021,0.00209,0.00208,0.00207,0.00206,0.00205,0.00204,0.00203,0.00202,0.00212,0.00213,0.00214,0.00215,0.00216,0.00217,0.00218,0.00219,0.0022,0.00221,161790.2,2084334.8,4475797.2,1212071.7,733867.5,287032.2,65283.7,236682.8,453035.1,62040,1608733.1,1648290.8,881673.2,1648890.5,1824185.1,4579956.1,1102269.4,680734.3,119546.8,3280806.2
76,0.0021,0.00209,0.00208,0.00207,0.00206,0.00205,0.00204,0.00203,0.00202,0.00201,0.00211,0.00212,0.00213,0.00214,0.00215,0.00216,0.00217,0.00218,0.00219,0.0022,412288.7,5589603.8,1506051.4,839608.8,483264.4,65283.7,236682.8,62035.1,62040,69715.4,223126,1779941.1,1470363.1,866236.9,1210495.5,1657776.8,4543217.8,1102269.4,680734.3,119546.8
77,0.0021,0.00209,0.00208,0.00207,0.00206,0.00205,0.00204,0.00203,0.00202,0.00201,0.00211,0.00212,0.00213,0.00214,0.00215,0.00216,0.00217,0.00218,0.00219,0.0022,397863.4,5792148,1712203,801095.7,483264.4,65283.7,236682.8,62035.1,62040,77696.3,301798.9,2027715.8,1470363.1,1062174,2533374.1,2617726.7,2256511.7,1102269.4,680734.3,119546.8
78,0.00211,0.0021,0.00209,0.00208,0.00207,0.00206,0.00205,0.00204,0.00203,0.00202,0.00212,0.00213,0.00214,0.00215,0.00216,0.00217,0.00218,0.00219,0.0022,0.00221,232499,1785996.3,4249004.8,1256779.5,695354.4,267731.6,84678.5,236682.8,453035.1,62040,1627517.1,1607505.5,1010749,1614199.5,3913207.8,2487298.2,1102269.4,678451.1,119546.8,3280806.2
79,0.0021,0.00209,0.00208,0.00207,0.00206,0.00205,0.00204,0.00203,0.00202,0.00201,0.00211,0.00212,0.00213,0.00214,0.00215,0.00216,0.00217,0.00218,0.00219,0.0022,397755,5844807,1350556.9,733867.5,489877.7,65283.7,236682.8,453035.1,62040,77696.3,245011.8,2002005.3,1962693.7,669675.9,1218397.5,3709648.7,2487298.2,1102269.4,678451.1,121819.6
80,0.0021,0.00209,0.00208,0.00207,0.00206,0.00205,0.00204,0.00203,0.00202,0.00201,0.00211,0.00212,0.00213,0.00214,0.00215,0.00216,0.00217,0.00218,0.00219,0.0022,387764.5,6170692.3,1601141,841582.9,489877.7,65283.7,236682.8,453035.1,62040,377668.3,245011.8,1978220.5,1448754.2,1005580.8,2541276.1,2617726.7,2256511.7,1102269.4,678451.1,121819.6
81,0.0021,0.00209,0.00208,0.00207,0.00206,0.00205,0.00204,0.00203,0.00202,0.00201,0.00211,0.00212,0.00213,0.00214,0.00215,0.00216,0.00217,0.00218,0.00219,0.0022,375941.8,6170402.8,1656702.4,803069.8,489877.7,65283.7,236682.8,453035.1,62040,369687.4,242268.7,1913100.8,1091044.5,1193785.8,2533374.1,2617726.7,2256511.7,1102269.4,678451.1,121819.6
82,0.0021,0.00209,0.00208,0.00207,0.00206,0.00205,0.00204,0.00203,0.00202,0.00201,0.00211,0.00212,0.00213,0.00214,0.00215,0.00216,0.00217,0.00218,0.00219,0.0022,413891,5282949.9,1668402.3,704570.4,489877.7,65283.7,236682.8,453035.1,62040,369687.4,323684.7,1910783.8,756025.4,1124117.9,2533374.1,2674592.6,2199645.8,1099599.2,678451.1,121819.6
83,0.0021,0.00209,0.00208,0.00207,0.00206,0.00205,0.00204,0.00203,0.00202,0.00201,0.00211,0.00212,0.00213,0.00214,0.00215,0.00216,0.00217,0.00218,0.00219,0.0022,604486.6,5876305.8,1706751.9,841606.8,489877.7,65283.7,236682.8,453035.1,62040,369687.4,320941.6,2102100.5,756010.2,1116215.8,2541276.2,2674592.6,2199645.8,1099599.2,678451.1,121819.6
84,0.00211,0.0021,0.00209,0.00208,0.00207,0.00206,0.00205,0.00204,0.00203,0.00202,0.00212,0.00213,0.00214,0.00215,0.00216,0.00217,0.00218,0.00219,0.0022,0.00221,1609415.3,2897326.9,2896858.8,1450953.6,772412.8,240241.3,112302.9,236682.8,453035.1,62040,368366.2,2255170.1,757477,1411484.1,3515313.9,3346790.4,1332887.3,678451.1,121819.6,3280806.2
85,0.00211,0.0021,0.00209,0.00208,0.00207,0.00206,0.00205,0.00204,0.00203,0.00202,0.00212,0.00213,0.00214,0.00215,0.00216,0.00217,0.00218,0.00219,0.0022,0.00221,670292.6,3736491.8,3267972.9,735306.3,558341.9,54000,112302.9,236682.8,456034.6,360527,77428.3,1987100.8,734894.1,1394206.8,3515313.9,3535820,1296317.6,714853.9,121819.6,3280806.2
86,0.00212,0.00211,0.0021,0.00209,0.00208,0.00207,0.00206,0.00205,0.00204,0.00203,0.00213,0.00214,0.00215,0.00216,0.00217,0.00218,0.00219,0.0022,0.00221,0.00222,328231,1576780.4,3772745.2,1546197.2,628072.8,377382.5,54000,112302.9,236682.8,65034.6,1827245.2,1226921.5,1392306,3523214.7,3535820,1296317.6,678451.1,158056.9,3280806.2,1547412.3
87,0.00212,0.00211,0.0021,0.00209,0.00208,0.00207,0.00206,0.00205,0.00204,0.00203,0.00213,0.00214,0.00215,0.00216,0.00217,0.00218,0.00219,0.0022,0.00221,0.00222,364878.2,1992270.2,3683626.3,1847110,704728.6,338639.6,81490.3,84678.5,236682.8,65034.6,426757.5,2407967.2,2037211.4,3523214.7,3535820,1296317.6,678451.1,119546.8,3319142,1547412.3
88,0.00212,0.00211,0.0021,0.00209,0.00208,0.00207,0.00206,0.00205,0.00204,0.00203,0.00213,0.00214,0.00215,0.00216,0.00217,0.00218,0.00219,0.0022,0.00221,0.00222,507567.9,2906809.2,3976742.2,1110342.1,704728.6,300356.3,81490.3,84678.5,236682.8,65034.6,421271.3,2413260.8,2037211.4,3515313.9,3535820,1296317.6,678451.1,119546.8,3319142,1547412.3
89,0.00212,0.00211,0.0021,0.00209,0.00208,0.00207,0.00206,0.00205,0.00204,0.00203,0.00213,0.00214,0.00215,0.00216,0.00217,0.00218,0.00219,0.0022,0.00221,0.00222,472182.1,3238727.1,3335325.2,1148486.6,537628.5,377862.5,81490.3,84678.5,236682.8,65034.6,385701.1,2408221.6,1805568.5,3788395.4,3535820,1296317.6,678451.1,119546.8,3319142,1547412.3
90,0.00212,0.00211,0.0021,0.00209,0.00208,0.00207,0.00206,0.00205,0.00204,0.00203,0.00213,0.00214,0.00215,0.00216,0.00217,0.00218,0.00219,0.0022,0.00221,0.00222,472182.1,3238727.1,3346030.2,1148486.6,575956.4,300356.3,81490.3,84678.5,236682.8,65034.6,380214.9,1820368.6,2070221,3788395.4,3535820,1296317.6,678451.1,119546.8,3319142,1547412.3
91,0.00212,0.00211,0.0021,0.00209,0.00208,0.00207,0.00206,0.00205,0.00204,0.00203,0.00213,0.00214,0.00215,0.00216,0.00217,0.00218,0.00219,0.0022,0.00221,0.00222,693235.7,3979070.6,2600873.1,1148486.6,575956.4,300356.3,296294,112302.9,236682.8,65034.6,344995.2,2659688.7,1471774.5,3788395.4,3535820,1296317.6,678451.1,119546.8,3319142,1547412.3
92,0.00212,0.00211,0.0021,0.00209,0.00208,0.00207,0.00206,0.00205,0.00204,0.00203,0.00213,0.00214,0.00215,0.00216,0.00217,0.00218,0.00219,0.0022,0.00221,0.00222,743969.2,3739872.1,2480524.1,804366.8,518608.9,131026.2,298721.2,112302.9,234231.8,65034.6,314466.2,1745121.5,2346343.9,1411266.2,3318157.3,4070911.7,872499.3,119546.8,3319142,1547412.3
93,0.00212,0.00211,0.0021,0.00209,0.00208,0.00207,0.00206,0.00205,0.00204,0.00203,0.00213,0.00214,0.00215,0.00216,0.00217,0.00218,0.00219,0.0022,0.00221,0.00222,739084.9,3744898.5,2480447,804366.8,556936.8,92513.1,326211.5,84678.5,234231.8,65034.6,323986.3,1981078.1,1855049.7,1411266.2,3318157.3,4070911.7,869961.1,119546.8,3319142,1536414.2
94,0.00212,0.00211,0.0021,0.00209,0.00208,0.00207,0.00206,0.00205,0.00204,0.00203,0.00213,0.00214,0.00215,0.00216,0.00217,0.00218,0.00219,0.0022,0.00221,0.00222,743820.4,3740143.2,2971664,804366.8,530607.1,131026.2,345512.1,65283.7,234231.8,65034.6,314466.2,1745143,2100975.4,1138184.7,3591239.4,4070911.7,2535281.2,119546.8,3319142,1547412.3
95,0.00212,0.00211,0.0021,0.00209,0.00208,0.00207,0.00206,0.00205,0.00204,0.00203,0.00213,0.00214,0.00215,0.00216,0.00217,0.00218,0.00219,0.0022,0.00221,0.00222,1685038.8,3821265.5,1534774.5,935228.8,568935,92513.1,345512.1,65283.7,234231.8,65034.6,246191.4,1343799.6,2101033.2,1146087.1,3583337,4070911.7,2535281.2,119546.8,3319142,134912.1
96,0.00212,0.00211,0.0021,0.00209,0.00208,0.00207,0.00206,0.00205,0.00204,0.00203,0.00213,0.00214,0.00215,0.00216,0.00217,0.00218,0.00219,0.0022,0.00221,0.00222,1685083,3821279.2,1534736,935228.8,568935,92513.1,345512.1,65283.7,234231.8,65034.6,324167.8,1343799.6,2101014,1138184.7,3591239.4,4070911.7,2535281.2,121819.6,3316879.5,134912.1
97,0.00212,0.00211,0.0021,0.00209,0.00208,0.00207,0.00206,0.00205,0.00204,0.00203,0.00213,0.00214,0.00215,0.00216,0.00217,0.00218,0.00219,0.0022,0.00221,0.00222,1680333.4,3826119.5,1534678.2,935228.8,568935,92513.1,345512.1,65283.7,234231.8,65034.6,324026.4,1343799.6,2101014,1146087.1,3583337,4070911.7,2535281.2,121819.6,3316879.5,134912.1
98,0.00212,0.00211,0.0021,0.00209,0.00208,0.00207,0.00206,0.00205,0.00204,0.00203,0.00213,0.00214,0.00215,0.00216,0.00217,0.00218,0.00219,0.0022,0.00221,0.00222,1675523.4,3830760.9,1534736,757705.3,568935,92513.1,326211.5,84678.5,234231.8,65034.6,324003,1735321.6,2100994.7,1138184.7,3583337,4070911.7,2535281.2,121819.6,104271.7,134912.1
