timestamp,bid_price_0,bid_price_1,bid_price_2,bid_price_3,bid_price_4,bid_price_5,bid_price_6,bid_price_7,bid_price_8,bid_price_9,ask_price_0,ask_price_1,ask_price_2,ask_price_3,ask_price_4,ask_price_5,ask_price_6,ask_price_7,ask_price_8,ask_price_9,bid_size_0,bid_size_1,bid_size_2,bid_size_3,bid_size_4,bid_size_5,bid_size_6,bid_size_7,bid_size_8,bid_size_9,ask_size_0,ask_size_1,ask_size_2,ask_size_3,ask_size_4,ask_size_5,ask_size_6,ask_size_7,ask_size_8,ask_size_9
0,0.00213,0.00212,0.00211,0.0021,0.00209,0.00208,0.00207,0.00206,0.00205,0.00204,0.00214,0.00215,0.00216,0.00217,0.00218,0.00219,0.0022,0.00221,0.00222,0.00223,252089.2,3879218.9,2667474.6,1242403.9,678345.6,256083.8,154982.4,95127.2,464283.7,269566.3,474026,2401393.1,1805391.7,2211557.1,3875981.6,3616139.9,125401.1,642905.9,126166.3,3310752.9
1,0.00213,0.00212,0.00211,0.0021,0.00209,0.00208,0.00207,0.00206,0.00205,0.00204,0.00214,0.00215,0.00216,0.00217,0.00218,0.00219,0.0022,0.00221,0.00222,0.00223,371874.2,2757605.4,3615439.1,1463205.4,678345.6,256083.8,154982.4,95127.2,464283.7,269566.3,691052.5,1798790,1443064.2,2203294.7,3873311.4,3609945.7,107743.9,628707.5,126166.3,3310752.9
2,0.00212,0.00211,0.0021,0.00209,0.00208,0.00207,0.00206,0.00205,0.00204,0.00203,0.00213,0.00214,0.00215,0.00216,0.00217,0.00218,0.00219,0.0022,0.00221,0.00222,386344,2368410.9,4039241.6,1112405.3,465531.2,340923.1,95127.2,65283.7,269566.3,351016.6,816197.2,1835020.4,820658.1,1477995.9,2021783.2,3912551.3,3616139.9,89163.8,642905.9,126166.3
3,0.00212,0.00211,0.0021,0.00209,0.00208,0.00207,0.00206,0.00205,0.00204,0.00203,0.00213,0.00214,0.00215,0.00216,0.00217,0.00218,0.00219,0.0022,0.00221,0.00222,386344,1845625.9,4368256.3,861025,465531.2,263896.9,172527.2,65283.7,269566.3,351016.6,1761208.4,2048938.4,872478,1477995.9,2058521.5,3875981.6,3616139.9,89163.8,642905.9,126166.3
4,0.00212,0.00211,0.0021,0.00209,0.00208,0.00207,0.00206,0.00205,0.00204,0.00203,0.00213,0.00214,0.00215,0.00216,0.00217,0.00218,0.00219,0.0022,0.00221,0.00222,441453.7,5008743.1,3136800.8,566359.6,465531.2,302410,133827.2,65283.7,269566.3,351016.6,474693.5,2148001,985019.4,1384049.5,2294864.7,3912551.3,3616139.9,89163.8,642905.9,126166.3
5,0.00212,0.00211,0.0021,0.00209,0.00208,0.00207,0.00206,0.00205,0.00204,0.00203,0.00213,0.00214,0.00215,0.00216,0.00217,0.00218,0.00219,0.0022,0.00221,0.00222,441384.2,5376855.6,2301504.6,566359.6,465531.2,302410,133827.2,65283.7,668566.3,351016.6,484327.1,2192190.6,1218129.5,1075666.8,2294864.7,3912551.3,3616139.9,89163.8,642905.9,126166.3
6,0.00212,0.00211,0.0021,0.00209,0.00208,0.00207,0.00206,0.00205,0.00204,0.00203,0.00213,0.00214,0.00215,0.00216,0.00217,0.00218,0.00219,0.0022,0.00221,0.00222,567542.9,4400174.7,2997379.4,610208.9,465531.2,263896.9,172527.2,65283.7,668566.3,351016.6,484311.3,2040554.6,1218129.5,1075666.8,2331603,3875981.6,3616139.9,89163.8,642905.9,126166.3
7,0.00212,0.00211,0.0021,0.00209,0.00208,0.00207,0.00206,0.00205,0.00204,0.00203,0.00213,0.00214,0.00215,0.00216,0.00217,0.00218,0.00219,0.0022,0.00221,0.00222,571369.1,4390537.6,2997543.2,610208.9,465531.2,263896.9,172527.2,65283.7,668566.3,54000,454601.2,2078783,1611160.5,901244.9,2294864.7,3912551.3,3616139.9,89163.8,642905.9,126166.3
8,0.00212,0.00211,0.0021,0.00209,0.00208,0.00207,0.00206,0.00205,0.00204,0.00203,0.00213,0.00214,0.00215,0.00216,0.00217,0.00218,0.00219,0.0022,0.00221,0.00222,914705.6,5137179.6,2687549.1,566359.6,465531.2,263896.9,172527.2,65283.7,668566.3,54000,469141,2422750.9,1257607.5,901244.9,2294864.7,2086026.5,3616139.9,89163.8,642905.9,126166.3
9,0.00212,0.00211,0.0021,0.00209,0.00208,0.00207,0.00206,0.00205,0.00204,0.00203,0.00213,0.00214,0.00215,0.00216,0.00217,0.00218,0.00219,0.0022,0.00221,0.00222,784741,5534916.9,2249658.1,610289.9,465531.2,263896.9,172527.2,65283.7,269566.3,54000,459519.2,2473037.7,864576.5,1204914.4,2294864.7,2086026.5,3616139.9,91436.6,642905.9,123914
10,0.00212,0.00211,0.0021,0.00209,0.00208,0.00207,0.00206,0.00205,0.00204,0.00203,0.00213,0.00214,0.00215,0.00216,0.00217,0.00218,0.00219,0.0022,0.00221,0.00222,617852.7,5313203.7,2284626.1,566359.6,465531.2,263896.9,172527.2,65283.7,269566.3,54000,979775,2227358.4,864576.5,1204914.4,2331603,2049456.8,3616139.9,91436.6,642905.9,123914
11,0.00212,0.00211,0.0021,0.00209,0.00208,0.00207,0.00206,0.00205,0.00204,0.00203,0.00213,0.00214,0.00215,0.00216,0.00217,0.00218,0.00219,0.0022,0.00221,0.00222,747953,5310732.7,2272189.1,560492.8,465531.2,77956.2,172527.2,65283.7,269566.3,54000,749195.6,2245180.4,872215.9,1324802.5,2517868,2049456.8,3616139.9,91436.6,642905.9,123914
12,0.00211,0.0021,0.00209,0.00208,0.00207,0.00206,0.00205,0.00204,0.00203,0.00202,0.00212,0.00213,0.00214,0.00215,0.00216,0.00217,0.00218,0.00219,0.0022,0.00221,856930.6,5502187.3,949604.4,587857.1,409801.9,364325,112292.5,224778.1,54000,363002.3,200700.2,1393826.6,3109754.3,674451.4,1192275.4,2498031.2,1353183.5,3422091.7,91436.6,642905.9
13,0.00212,0.00211,0.0021,0.00209,0.00208,0.00207,0.00206,0.00205,0.00204,0.00203,0.00213,0.00214,0.00215,0.00216,0.00217,0.00218,0.00219,0.0022,0.00221,0.00222,328634.4,1752840.4,4852272.7,1033713.9,465531.2,371288.8,208800,112292.5,224778.1,54000,988364,2735354,942150.4,1501825.2,2709827.7,1353183.5,3422091.7,86069.6,642905.9,123914
14,0.00211,0.0021,0.00209,0.00208,0.00207,0.00206,0.00205,0.00204,0.00203,0.00202,0.00212,0.00213,0.00214,0.00215,0.00216,0.00217,0.00218,0.00219,0.0022,0.00221,635604.2,5291501.7,1172675,576360.9,371288.8,390103.5,65283.7,272017.3,453000,64515.3,255818.8,1932999.9,1646438.2,911368.5,1424870.5,2224949.7,1353183.5,3422091.7,91436.6,642905.9
15,0.00211,0.0021,0.00209,0.00208,0.00207,0.00206,0.00205,0.00204,0.00203,0.00202,0.00212,0.00213,0.00214,0.00215,0.00216,0.00217,0.00218,0.00219,0.0022,0.00221,1186484.2,5775659.1,1172675,576360.9,361577.2,170100,65283.7,272017.3,453000,363002.3,214085.7,1818782.8,1255837.3,911368.5,1424870.5,2281815.6,1296317.6,3422091.7,91436.6,642905.9
16,0.00211,0.0021,0.00209,0.00208,0.00207,0.00206,0.00205,0.00204,0.00203,0.00202,0.00212,0.00213,0.00214,0.00215,0.00216,0.00217,0.00218,0.00219,0.0022,0.00221,1186484.2,5268531.7,1172675,576360.9,323064.1,208800,65283.7,272017.3,54000,363002.3,340901.3,1824364,1255654.2,1066475.6,1857427.6,3936837.1,1296317.6,1329238.1,91436.6,642905.9
17,0.00211,0.0021,0.00209,0.00208,0.00207,0.00206,0.00205,0.00204,0.00203,0.00202,0.00212,0.00213,0.00214,0.00215,0.00216,0.00217,0.00218,0.00219,0.0022,0.00221,854730.7,5636144.3,1172675,576360.9,323064.1,208800,65283.7,272017.3,54000,363002.3,340901.3,1801680.4,1315334.1,1066475.6,1857427.6,3936837.1,1296317.6,1329238.1,91436.6,642905.9
18,0.00211,0.0021,0.00209,0.00208,0.00207,0.00206,0.00205,0.00204,0.00203,0.00202,0.00212,0.00213,0.00214,0.00215,0.00216,0.00217,0.00218,0.00219,0.0022,0.00221,841842.7,5638009.9,1128360.2,631781.4,323064.1,208800,92902,244263.6,54000,363002.3,355972.5,2141781.3,1354859.1,1066475.6,1857427.6,3936837.1,1296317.6,1329238.1,89163.8,642905.9
19,0.00211,0.0021,0.00209,0.00208,0.00207,0.00206,0.00205,0.00204,0.00203,0.00202,0.00212,0.00213,0.00214,0.00215,0.00216,0.00217,0.00218,0.00219,0.0022,0.00221,837312.5,4208876.3,2325374.7,631781.4,323064.1,447457.3,112292.5,224778.1,54000,363002.3,355976.9,1992323.2,1089177.1,1325203.1,2288841.9,4462856.3,1102269.4,106945.6,89163.8,642905.9
20,0.00211,0.0021,0.00209,0.00208,0.00207,0.00206,0.00205,0.00204,0.00203,0.00202,0.00212,0.00213,0.00214,0.00215,0.00216,0.00217,0.00218,0.00219,0.0022,0.00221,630522.8,4395002.2,2618868,588153.3,323064.1,447457.3,112292.5,224778.1,54000,363002.3,262599.5,2015236.7,1103531.1,1325203.1,2288841.9,4462856.3,1102269.4,106945.6,89163.8,642905.9
21,0.00212,0.00211,0.0021,0.00209,0.00208,0.00207,0.00206,0.00205,0.00204,0.00203,0.00213,0.00214,0.00215,0.00216,0.00217,0.00218,0.00219,0.0022,0.00221,0.00222,264996.3,1389949.8,4147784.7,2479907.2,477323.6,400090.3,131400,112292.5,224778.1,54000,2104684,1349672.2,1325203.1,2590753.4,4491332.2,1099599.2,100751.4,89163.8,642905.9,123914
22,0.00211,0.0021,0.00209,0.00208,0.00207,0.00206,0.00205,0.00204,0.00203,0.00202,0.00212,0.00213,0.00214,0.00215,0.00216,0.00217,0.00218,0.00219,0.0022,0.00221,621936.3,5653782.2,1773864.8,589444,438603.4,92700,112292.5,615778.1,54000,363002.3,241315.5,2101027.4,2057183.1,1042509.7,1110431.6,5526558.4,3390138.3,100751.4,89163.8,642905.9
23,0.00211,0.0021,0.00209,0.00208,0.00207,0.00206,0.00205,0.00204,0.00203,0.00202,0.00212,0.00213,0.00214,0.00215,0.00216,0.00217,0.00218,0.00219,0.0022,0.00221,440950,5654233.5,1781343.6,589444,438603.4,92700,112292.5,224778.1,54000,363002.3,235829.3,1959479.2,1811208.1,1042509.7,1147340,5534820.8,3356238.8,106945.6,89163.8,642905.9
24,0.00211,0.0021,0.00209,0.00208,0.00207,0.00206,0.00205,0.00204,0.00203,0.00202,0.00212,0.00213,0.00214,0.00215,0.00216,0.00217,0.00218,0.00219,0.0022,0.00221,432362.9,5654175.3,1600793.9,589444,438603.4,92700,112292.5,227369.1,56601.1,363002.3,245309.9,1957920.4,1682180.1,937987,1383513.1,5571559.1,3356238.8,106945.6,89163.8,642905.9
25,0.00211,0.0021,0.00209,0.00208,0.00207,0.00206,0.00205,0.00204,0.00203,0.00202,0.00212,0.00213,0.00214,0.00215,0.00216,0.00217,0.00218,0.00219,0.0022,0.00221,432362.9,5410707.5,1859547,589444,438603.4,92700,112292.5,618369.1,56601.1,363002.3,245309.9,1822430.5,1324369.9,937987,1383513.1,5571559.1,3356238.8,106945.6,89163.8,642905.9
26,0.00212,0.00211,0.0021,0.00209,0.00208,0.00207,0.00206,0.00205,0.00204,0.00203,0.00213,0.00214,0.00215,0.00216,0.00217,0.00218,0.00219,0.0022,0.00221,0.00222,789792.4,2912250.4,3572807.5,1498141.7,477323.6,154982.4,92700,112292.5,618369.1,56601.1,169081.4,2377141,1303088.5,1394924.3,5137248.1,4052512.1,337396.6,660403.9,73938.6,3336521.8
27,0.00212,0.00211,0.0021,0.00209,0.00208,0.00206,0.00205,0.00204,0.00203,0.00202,0.00213,0.00214,0.00215,0.00216,0.00217,0.00218,0.00219,0.0022,0.00221,0.00222,653821.4,2912247.4,3266903,1536286.2,592307.3,54000,112292.5,618369.1,56601.1,363002.3,149477.6,2883133.4,949211.5,1394924.3,5137248.1,4052512.1,337396.6,660403.9,73938.6,3336521.8
28,0.00213,0.00212,0.00211,0.0021,0.00209,0.00208,0.00206,0.00205,0.00204,0.00203,0.00214,0.00215,0.00216,0.00217,0.00218,0.00219,0.0022,0.00221,0.00222,0.00223,246309.6,1387343.7,2754923,2612223.8,974285.6,382859.9,83911.4,475674.2,224918.1,351162.6,3035105.5,1404589.8,1578691.3,3864800.3,4485069.2,1523286.3,696641.2,73938.6,3336521.8,1510645.4
29,0.00213,0.00212,0.00211,0.0021,0.00209,0.00208,0.00206,0.00205,0.00204,0.00203,0.00214,0.00215,0.00216,0.00217,0.00218,0.00219,0.0022,0.00221,0.00222,0.00223,246309.6,1387204.7,3106953.3,2612223.8,974285.6,382859.9,83911.4,475674.2,224918.1,351162.6,2725626.4,1761826.9,1346297.9,4137881.8,4485069.2,1523286.3,696641.2,73938.6,3336521.8,1510645.4
30,0.00214,0.00213,0.00212,0.00211,0.0021,0.00209,0.00208,0.00206,0.00205,0.00204,0.00215,0.00216,0.00217,0.00218,0.00219,0.0022,0.00221,0.00222,0.00223,0.00224,199891.2,1037290.8,2634755.3,1687001.9,1810913.1,724403,175252.5,56427.2,503296.9,518035.7,2546975.6,1454325,3689205.4,4268336.8,2276425.5,852179.3,110011.9,3336521.8,1512918.2,111595
31,0.00213,0.00212,0.00211,0.0021,0.00209,0.00208,0.00206,0.00205,0.00204,0.00203,0.00214,0.00215,0.00216,0.00217,0.00218,0.00219,0.0022,0.00221,0.00222,0.00223,554358.3,2929540.1,2305316.4,1923662.1,1055793.4,60268.8,103212.2,456283.7,518035.7,56601.1,203318.3,2306702,1389411.4,1190889.4,4268336.8,2276425.5,3751317.9,110011.9,3336521.8,1512918.2
32,0.00214,0.00213,0.00212,0.00211,0.0021,0.00209,0.00208,0.00206,0.00205,0.00204,0.00215,0.00216,0.00217,0.00218,0.00219,0.0022,0.00221,0.00222,0.00223,0.00224,244044.7,1326266.4,3104853.2,904717.6,863181.3,800692,98596.7,494212.2,65283.7,518035.7,2487349.4,997245,1584683.7,4268336.8,2276425.5,3875950.2,110011.9,3336521.8,1512918.2,111595
