timestamp,bid_price_0,bid_price_1,bid_price_2,bid_price_3,bid_price_4,bid_price_5,bid_price_6,bid_price_7,bid_price_8,bid_price_9,ask_price_0,ask_price_1,ask_price_2,ask_price_3,ask_price_4,ask_price_5,ask_price_6,ask_price_7,ask_price_8,ask_price_9,bid_size_0,bid_size_1,bid_size_2,bid_size_3,bid_size_4,bid_size_5,bid_size_6,bid_size_7,bid_size_8,bid_size_9,ask_size_0,ask_size_1,ask_size_2,ask_size_3,ask_size_4,ask_size_5,ask_size_6,ask_size_7,ask_size_8,ask_size_9
0,0.999,0.9989,0.9988,0.9987,0.9986,0.9985,0.9984,0.9983,0.9982,0.9981,0.9991,0.9992,0.9993,0.9994,0.9995,0.9996,0.9997,0.9998,0.9999,1,2825,3062,1147,522,803,905,946,868,816,1863,11992,3177,3657,2514,1432,3686,1313,1173,493,1114
1,0.999,0.9989,0.9988,0.9987,0.9986,0.9985,0.9984,0.9983,0.9982,0.9981,0.9991,0.9992,0.9993,0.9994,0.9995,0.9996,0.9997,0.9998,0.9999,1,1325,3062,1147,522,803,905,946,868,816,1863,9292,3177,3657,2514,1432,3686,1313,1173,493,1114
2,0.999,0.9989,0.9988,0.9987,0.9986,0.9985,0.9984,0.9983,0.9982,0.9981,0.9991,0.9992,0.9993,0.9994,0.9995,0.9996,0.9997,0.9998,0.9999,1,1325,3062,1147,522,803,905,946,868,816,1863,9292,3177,3657,2514,1432,3686,1313,1173,493,1114
3,0.999,0.9989,0.9988,0.9987,0.9986,0.9985,0.9984,0.9983,0.9982,0.9981,0.9991,0.9992,0.9993,0.9994,0.9995,0.9996,0.9997,0.9998,0.9999,1,1325,3062,1147,522,803,905,946,868,816,1863,9292,3177,3657,2514,1432,3686,1313,1173,493,1114
4,0.999,0.9989,0.9988,0.9987,0.9986,0.9985,0.9984,0.9983,0.9982,0.9981,0.9991,0.9992,0.9993,0.9994,0.9995,0.9996,0.9997,0.9998,0.9999,1,2310,3062,1137,149,789,905,946,868,792,1852,9251,3177,3657,3714,1432,3686,1313,1173,493,1114
5,0.999,0.9989,0.9988,0.9987,0.9986,0.9985,0.9984,0.9983,0.9982,0.9981,0.9991,0.9992,0.9993,0.9994,0.9995,0.9996,0.9997,0.9998,0.9999,1,2310,3062,1137,149,789,905,946,868,792,1852,9251,3177,3657,3714,1432,3686,1313,1173,493,1114
6,0.999,0.9989,0.9988,0.9987,0.9986,0.9985,0.9984,0.9983,0.9982,0.9981,0.9991,0.9992,0.9993,0.9994,0.9995,0.9996,0.9997,0.9998,0.9999,1,2310,3062,1137,149,789,905,946,868,792,1852,9251,3177,3657,3714,1432,3686,1313,1173,493,1114
7,0.999,0.9989,0.9988,0.9987,0.9986,0.9985,0.9984,0.9983,0.9982,0.9981,0.9991,0.9992,0.9993,0.9994,0.9995,0.9996,0.9997,0.9998,0.9999,1,2310,3062,1137,149,789,905,946,868,792,1852,9251,3177,3657,3714,1432,3686,1313,1173,493,1114
8,0.999,0.9989,0.9988,0.9987,0.9986,0.9985,0.9984,0.9983,0.9982,0.9981,0.9991,0.9992,0.9993,0.9994,0.9995,0.9996,0.9997,0.9998,0.9999,1,2310,3062,1137,149,789,905,946,868,792,1852,9251,1977,3657,3714,1432,3686,1313,1173,493,1114
9,0.999,0.9989,0.9988,0.9987,0.9986,0.9985,0.9984,0.9983,0.9982,0.9981,0.9991,0.9992,0.9993,0.9994,0.9995,0.9996,0.9997,0.9998,0.9999,1,2310,3062,1137,149,789,905,946,868,792,1852,9251,1977,3657,3714,1432,3686,1313,1173,493,1114
10,0.999,0.9989,0.9988,0.9987,0.9986,0.9985,0.9984,0.9983,0.9982,0.9981,0.9991,0.9992,0.9993,0.9994,0.9995,0.9996,0.9997,0.9998,0.9999,1,2290,3062,1137,149,789,905,946,868,792,1852,10731,1977,3657,2514,1432,3686,1313,1173,493,1114
11,0.999,0.9989,0.9988,0.9987,0.9986,0.9985,0.9984,0.9983,0.9982,0.9981,0.9991,0.9992,0.9993,0.9994,0.9995,0.9996,0.9997,0.9998,0.9999,1,780,2222,1137,149,789,905,946,868,792,1852,11305,1977,3657,2014,1432,3686,1313,1173,493,1114
12,0.999,0.9989,0.9988,0.9987,0.9986,0.9985,0.9984,0.9983,0.9982,0.9981,0.9991,0.9992,0.9993,0.9994,0.9995,0.9996,0.9997,0.9998,0.9999,1,666,2222,1137,149,789,905,946,868,792,1852,11305,1977,3657,2014,1432,3686,1313,1173,493,1114
13,0.999,0.9989,0.9988,0.9987,0.9986,0.9985,0.9984,0.9983,0.9982,0.9981,0.9991,0.9992,0.9993,0.9994,0.9995,0.9996,0.9997,0.9998,0.9999,1,560,3222,1137,149,789,905,946,868,792,1852,11305,1977,3657,2014,1432,3686,1313,1173,493,1114
14,0.999,0.9989,0.9988,0.9987,0.9986,0.9985,0.9984,0.9983,0.9982,0.9981,0.9991,0.9992,0.9993,0.9994,0.9995,0.9996,0.9997,0.9998,0.9999,1,560,3232,1262,24,914,905,946,743,792,1852,11730,1977,3657,2014,1432,3686,1313,1173,493,1114
15,0.999,0.9989,0.9988,0.9987,0.9986,0.9985,0.9984,0.9983,0.9982,0.9981,0.9991,0.9992,0.9993,0.9994,0.9995,0.9996,0.9997,0.9998,0.9999,1,527,3232,1262,24,914,905,946,743,792,1852,11730,1977,3657,2014,1432,3686,1313,1173,493,1114
16,0.999,0.9989,0.9988,0.9987,0.9986,0.9985,0.9984,0.9983,0.9982,0.9981,0.9991,0.9992,0.9993,0.9994,0.9995,0.9996,0.9997,0.9998,0.9999,1,373,3232,1262,24,914,905,946,743,792,1852,11730,1977,3657,2014,1432,3686,1313,1173,493,1114
17,0.999,0.9989,0.9988,0.9987,0.9986,0.9985,0.9984,0.9983,0.9982,0.9981,0.9991,0.9992,0.9993,0.9994,0.9995,0.9996,0.9997,0.9998,0.9999,1,373,3232,1262,24,914,905,946,743,792,1852,11730,1977,3657,2014,1432,3686,1313,1173,493,1114
18,0.999,0.9989,0.9988,0.9987,0.9986,0.9985,0.9984,0.9983,0.9982,0.9981,0.9991,0.9992,0.9993,0.9994,0.9995,0.9996,0.9997,0.9998,0.9999,1,373,3232,1262,24,914,905,946,743,792,1852,11730,1977,3657,2014,1432,3686,1313,1173,493,1114
19,0.999,0.9989,0.9988,0.9987,0.9986,0.9985,0.9984,0.9983,0.9982,0.9981,0.9991,0.9992,0.9993,0.9994,0.9995,0.9996,0.9997,0.9998,0.9999,1,373,3232,1262,49,914,905,1002,836,1014,1925,11730,1977,3657,2014,1432,3686,1313,1173,493,1114
20,0.999,0.9989,0.9988,0.9987,0.9986,0.9985,0.9984,0.9983,0.9982,0.9981,0.9991,0.9992,0.9993,0.9994,0.9995,0.9996,0.9997,0.9998,0.9999,1,1873,3232,1262,49,914,905,1002,836,1014,1925,11730,1977,3657,2014,1432,3686,1313,1173,493,1114
21,0.999,0.9989,0.9988,0.9987,0.9986,0.9985,0.9984,0.9983,0.9982,0.9981,0.9991,0.9992,0.9993,0.9994,0.9995,0.9996,0.9997,0.9998,0.9999,1,373,3232,1262,49,914,905,1002,836,1014,1925,10230,1977,3657,2014,1432,3686,1313,1173,493,1114
22,0.999,0.9989,0.9988,0.9987,0.9986,0.9985,0.9984,0.9983,0.9982,0.9981,0.9991,0.9992,0.9993,0.9994,0.9995,0.9996,0.9997,0.9998,0.9999,1,373,3232,1262,49,914,905,1002,836,1014,1925,10230,1977,3657,2014,1432,3686,1313,1173,493,1114
23,0.999,0.9989,0.9988,0.9987,0.9986,0.9985,0.9984,0.9983,0.9982,0.9981,0.9991,0.9992,0.9993,0.9994,0.9995,0.9996,0.9997,0.9998,0.9999,1,373,3232,1262,49,914,905,1002,836,1014,1925,10230,1977,3657,2014,1432,3686,1313,1173,493,1114
24,0.999,0.9989,0.9988,0.9987,0.9986,0.9985,0.9984,0.9983,0.9982,0.9981,0.9991,0.9992,0.9993,0.9994,0.9995,0.9996,0.9997,0.9998,0.9999,1,373,3232,1262,49,914,905,1002,836,1014,1925,10417,1977,3657,2014,1432,3686,1313,1173,493,1114
25,0.999,0.9989,0.9988,0.9987,0.9986,0.9985,0.9984,0.9983,0.9982,0.9981,0.9991,0.9992,0.9993,0.9994,0.9995,0.9996,0.9997,0.9998,0.9999,1,373,3232,1262,49,914,905,1002,836,1014,1925,10417,1977,3657,2014,1432,3686,1313,1173,493,1114
26,0.999,0.9989,0.9988,0.9987,0.9986,0.9985,0.9984,0.9983,0.9982,0.9981,0.9991,0.9992,0.9993,0.9994,0.9995,0.9996,0.9997,0.9998,0.9999,1,373,3232,1262,49,914,905,1002,836,1014,1925,10417,1977,3657,2014,1432,3686,1313,1173,493,1114
27,0.999,0.9989,0.9988,0.9987,0.9986,0.9985,0.9984,0.9983,0.9982,0.9981,0.9991,0.9992,0.9993,0.9994,0.9995,0.9996,0.9997,0.9998,0.9999,1,373,3232,1262,49,914,905,1002,836,1014,1925,10417,1977,3657,2014,1432,3686,1313,1173,493,1114
28,0.999,0.9989,0.9988,0.9987,0.9986,0.9985,0.9984,0.9983,0.9982,0.9981,0.9991,0.9992,0.9993,0.9994,0.9995,0.9996,0.9997,0.9998,0.9999,1,373,3232,1262,49,914,905,1002,836,1014,1925,10292,1977,2457,3214,2632,4886,1313,1173,493,1114
29,0.999,0.9989,0.9988,0.9987,0.9986,0.9985,0.9984,0.9983,0.9982,0.9981,0.9991,0.9992,0.9993,0.9994,0.9995,0.9996,0.9997,0.9998,0.9999,1,488,3432,1262,549,737,905,1002,836,1014,1925,6704,1977,2457,2202,1432,3686,1313,2373,493,1114
30,0.999,0.9989,0.9988,0.9987,0.9986,0.9985,0.9984,0.9983,0.9982,0.9981,0.9991,0.9992,0.9993,0.9994,0.9995,0.9996,0.9997,0.9998,0.9999,1,89,3432,1262,549,910,905,1002,836,1014,1925,6178,1977,3657,3402,2632,3686,1313,1173,493,1114
31,0.999,0.9989,0.9988,0.9987,0.9986,0.9985,0.9984,0.9983,0.9982,0.9981,0.9991,0.9992,0.9993,0.9994,0.9995,0.9996,0.9997,0.9998,0.9999,1,89,3432,1262,549,910,905,1002,836,1014,1925,6178,1977,2457,2202,2632,3686,1313,1173,493,1114
32,0.999,0.9989,0.9988,0.9987,0.9986,0.9985,0.9984,0.9983,0.9982,0.9981,0.9991,0.9992,0.9993,0.9994,0.9995,0.9996,0.9997,0.9998,0.9999,1,89,3432,1262,549,910,905,1002,836,1014,1925,6178,1977,2457,2202,2632,3686,1313,1173,493,1114
33,0.999,0.9989,0.9988,0.9987,0.9986,0.9985,0.9984,0.9983,0.9982,0.9981,0.9991,0.9992,0.9993,0.9994,0.9995,0.9996,0.9997,0.9998,0.9999,1,89,3432,1262,549,910,905,1002,836,1014,1925,6178,1977,2457,2202,2632,3686,1313,1173,493,1114
34,0.999,0.9989,0.9988,0.9987,0.9986,0.9985,0.9984,0.9983,0.9982,0.9981,0.9991,0.9992,0.9993,0.9994,0.9995,0.9996,0.9997,0.9998,0.9999,1,89,3432,1262,549,910,905,1002,836,1014,1925,6551,1977,2457,2202,2632,3686,1313,1173,493,1114
35,0.999,0.9989,0.9988,0.9987,0.9986,0.9985,0.9984,0.9983,0.9982,0.9981,0.9991,0.9992,0.9993,0.9994,0.9995,0.9996,0.9997,0.9998,0.9999,1,89,3432,1262,549,910,905,1002,836,1014,1925,6540,1977,2457,2202,2632,3686,1313,1173,493,1114
36,0.999,0.9989,0.9988,0.9987,0.9986,0.9985,0.9984,0.9983,0.9982,0.9981,0.9991,0.9992,0.9993,0.9994,0.9995,0.9996,0.9997,0.9998,0.9999,1,89,3432,1262,549,910,905,1002,836,1014,1925,6540,1977,2457,2202,2632,3686,1313,1173,493,1114
37,0.999,0.9989,0.9988,0.9987,0.9986,0.9985,0.9984,0.9983,0.9982,0.9981,0.9991,0.9992,0.9993,0.9994,0.9995,0.9996,0.9997,0.9998,0.9999,1,89,3432,1262,549,910,905,1002,836,1014,1925,6511,1977,2457,2202,2632,3686,1313,1173,493,1114
38,0.999,0.9989,0.9988,0.9987,0.9986,0.9985,0.9984,0.9983,0.9982,0.9981,0.9991,0.9992,0.9993,0.9994,0.9995,0.9996,0.9997,0.9998,0.9999,1,89,3432,1262,549,910,905,1002,836,1014,1925,6234,1977,2457,2202,2632,3686,1313,1173,493,1114
39,0.999,0.9989,0.9988,0.9987,0.9986,0.9985,0.9984,0.9983,0.9982,0.9981,0.9991,0.9992,0.9993,0.9994,0.9995,0.9996,0.9997,0.9998,0.9999,1,89,3432,1262,549,910,905,1002,836,1014,1925,6234,1977,2457,2202,2632,3686,1313,1173,493,1114
40,0.9989,0.9988,0.9987,0.9986,0.9985,0.9984,0.9983,0.9982,0.9981,0.998,0.999,0.9991,0.9992,0.9993,0.9994,0.9995,0.9996,0.9997,0.9998,0.9999,2609,2760,549,737,905,1026,836,1014,1925,672964,3264,6102,1977,1957,2202,1432,3662,1313,1173,493
41,0.9989,0.9988,0.9987,0.9986,0.9985,0.9984,0.9983,0.9982,0.9981,0.998,0.999,0.9991,0.9992,0.9993,0.9994,0.9995,0.9996,0.9997,0.9998,0.9999,745,2687,549,737,968,1026,836,1014,1925,672964,1036,4255,1977,2689,2202,1432,3656,1313,1173,493
42,0.9989,0.9988,0.9987,0.9986,0.9985,0.9984,0.9983,0.9982,0.9981,0.998,0.9991,0.9992,0.9993,0.9994,0.9995,0.9996,0.9997,0.9998,0.9999,1,745,2687,549,969,968,1026,836,1014,1925,672964,3653,1977,2457,2202,1432,3680,1313,1173,493,1114
43,0.9989,0.9988,0.9987,0.9986,0.9985,0.9984,0.9983,0.9982,0.9981,0.998,0.9991,0.9992,0.9993,0.9994,0.9995,0.9996,0.9997,0.9998,0.9999,1,1145,2687,549,969,968,1026,836,1014,1925,672964,3653,1977,2457,2202,1432,3680,1313,1173,493,1114
44,0.9987,0.9986,0.9985,0.9984,0.9983,0.9982,0.9981,0.998,0.9979,0.9978,0.9988,0.9989,0.999,0.9991,0.9992,0.9993,0.9994,0.9995,0.9996,0.9997,13440,1112,736,793,672,1038,1925,672964,561,555,524,289,755,2755,1707,2189,2178,1233,3656,1313
45,0.9987,0.9986,0.9985,0.9984,0.9983,0.9982,0.9981,0.998,0.9979,0.9978,0.9988,0.9989,0.999,0.9991,0.9992,0.9993,0.9994,0.9995,0.9996,0.9997,13464,1112,736,793,672,801,1925,672964,561,555,324,810,934,2755,1707,2189,2178,1233,3656,1313
46,0.9987,0.9986,0.9985,0.9984,0.9983,0.9982,0.9981,0.998,0.9979,0.9978,0.9988,0.9989,0.999,0.9991,0.9992,0.9993,0.9994,0.9995,0.9996,0.9997,13351,1112,736,793,672,801,1925,672964,561,555,438,685,1059,2755,1707,2189,3378,1233,3656,1313
47,0.9989,0.9988,0.9987,0.9986,0.9985,0.9984,0.9983,0.9982,0.9981,0.998,0.999,0.9991,0.9992,0.9993,0.9994,0.9995,0.9996,0.9997,0.9998,0.9999,2540,2222,12552,1112,736,1023,855,1007,799,672964,5,3025,1977,2689,2202,2673,4856,1313,1173,493
48,0.999,0.9989,0.9988,0.9987,0.9986,0.9985,0.9984,0.9983,0.9982,0.9981,0.9991,0.9992,0.9993,0.9994,0.9995,0.9996,0.9997,0.9998,0.9999,1,221,2022,849,524,929,966,999,855,1007,1925,2906,3177,15556,3214,1287,3680,1313,1173,493,1114
49,0.999,0.9989,0.9988,0.9987,0.9986,0.9985,0.9984,0.9983,0.9982,0.9981,0.9991,0.9992,0.9993,0.9994,0.9995,0.9996,0.9997,0.9998,0.9999,1,300,2022,849,524,929,966,979,855,1007,1925,2906,1977,14356,2014,1287,3680,1313,1173,493,1114
50,0.999,0.9989,0.9988,0.9987,0.9986,0.9985,0.9984,0.9983,0.9982,0.9981,0.9991,0.9992,0.9993,0.9994,0.9995,0.9996,0.9997,0.9998,0.9999,1,300,2022,849,524,929,966,979,855,1007,1925,2471,1977,14356,2014,1287,3680,1313,1173,493,1114
51,0.999,0.9989,0.9988,0.9987,0.9986,0.9985,0.9984,0.9983,0.9982,0.9981,0.9991,0.9992,0.9993,0.9994,0.9995,0.9996,0.9997,0.9998,0.9999,1,280,2022,849,524,929,966,979,855,1007,1925,2491,1977,14356,2014,1287,3680,1313,1173,493,1114
52,0.999,0.9989,0.9988,0.9987,0.9986,0.9985,0.9984,0.9983,0.9982,0.9981,0.9991,0.9992,0.9993,0.9994,0.9995,0.9996,0.9997,0.9998,0.9999,1,270,2022,849,524,929,966,979,855,1007,1925,2501,1977,14356,2014,1442,3680,1313,1173,493,1114
53,0.999,0.9989,0.9988,0.9987,0.9986,0.9985,0.9984,0.9983,0.9982,0.9981,0.9991,0.9992,0.9993,0.9994,0.9995,0.9996,0.9997,0.9998,0.9999,1,250,2022,849,524,929,966,979,855,1007,1925,2521,1977,14356,2014,1442,3680,1313,1173,493,1114
54,0.999,0.9989,0.9988,0.9987,0.9986,0.9985,0.9984,0.9983,0.9982,0.9981,0.9991,0.9992,0.9993,0.9994,0.9995,0.9996,0.9997,0.9998,0.9999,1,240,2032,849,524,929,966,979,855,1007,1925,2531,1977,14356,2014,1442,3680,1313,1173,493,1114
55,0.999,0.9989,0.9988,0.9987,0.9986,0.9985,0.9984,0.9983,0.9982,0.9981,0.9991,0.9992,0.9993,0.9994,0.9995,0.9996,0.9997,0.9998,0.9999,1,428,2032,849,524,929,966,979,855,1007,1925,2943,1977,14356,2014,1442,3680,1313,1173,493,1114
56,0.999,0.9989,0.9988,0.9987,0.9986,0.9985,0.9984,0.9983,0.9982,0.9981,0.9991,0.9992,0.9993,0.9994,0.9995,0.9996,0.9997,0.9998,0.9999,1,189,2032,849,524,929,966,979,855,1007,1925,2983,1977,14356,2014,1442,3680,1313,1173,493,1114
57,0.999,0.9989,0.9988,0.9987,0.9986,0.9985,0.9984,0.9983,0.9982,0.9981,0.9991,0.9992,0.9993,0.9994,0.9995,0.9996,0.9997,0.9998,0.9999,1,179,2032,849,524,929,966,979,855,1007,1925,3183,1977,14356,2014,1442,3680,1313,1173,493,1114
58,0.999,0.9989,0.9988,0.9987,0.9986,0.9985,0.9984,0.9983,0.9982,0.9981,0.9991,0.9992,0.9993,0.9994,0.9995,0.9996,0.9997,0.9998,0.9999,1,169,2032,849,524,929,966,979,855,1007,1925,3183,1977,14356,2014,1442,3680,1313,1173,493,1114
59,0.999,0.9989,0.9988,0.9987,0.9986,0.9985,0.9984,0.9983,0.9982,0.9981,0.9991,0.9992,0.9993,0.9994,0.9995,0.9996,0.9997,0.9998,0.9999,1,169,2032,849,524,929,966,979,855,1007,1925,3183,1977,14356,2014,1442,3680,1313,1173,493,1114
60,0.999,0.9989,0.9988,0.9987,0.9986,0.9985,0.9984,0.9983,0.9982,0.9981,0.9991,0.9992,0.9993,0.9994,0.9995,0.9996,0.9997,0.9998,0.9999,1,159,2032,849,524,929,966,979,855,1007,1925,3183,1977,14356,2014,1442,3680,1313,1173,493,1114
61,0.999,0.9989,0.9988,0.9987,0.9986,0.9985,0.9984,0.9983,0.9982,0.9981,0.9991,0.9992,0.9993,0.9994,0.9995,0.9996,0.9997,0.9998,0.9999,1,159,2032,849,524,929,966,979,855,1007,1925,3183,1977,14356,2014,1442,3680,1313,1173,493,1114
62,0.999,0.9989,0.9988,0.9987,0.9986,0.9985,0.9984,0.9983,0.9982,0.9981,0.9991,0.9992,0.9993,0.9994,0.9995,0.9996,0.9997,0.9998,0.9999,1,159,2032,849,524,929,966,979,855,1007,1925,3183,1977,14356,2014,1442,3680,1313,1173,493,1114
63,0.999,0.9989,0.9988,0.9987,0.9986,0.9985,0.9984,0.9983,0.9982,0.9981,0.9991,0.9992,0.9993,0.9994,0.9995,0.9996,0.9997,0.9998,0.9999,1,40,534,2347,524,929,966,979,855,1007,1925,3183,1977,14356,2014,1442,3680,1313,1173,493,1114
64,0.999,0.9989,0.9988,0.9987,0.9986,0.9985,0.9984,0.9983,0.9982,0.9981,0.9991,0.9992,0.9993,0.9994,0.9995,0.9996,0.9997,0.9998,0.9999,1,40,534,2347,524,929,966,979,855,1007,1925,3183,1977,14356,2014,1442,3680,1313,1173,493,1114
65,0.999,0.9989,0.9988,0.9987,0.9986,0.9985,0.9984,0.9983,0.9982,0.9981,0.9991,0.9992,0.9993,0.9994,0.9995,0.9996,0.9997,0.9998,0.9999,1,40,534,2347,524,929,966,979,855,1007,1925,3183,1977,14356,2014,1442,3680,1313,1173,493,1114
66,0.999,0.9989,0.9988,0.9987,0.9986,0.9985,0.9984,0.9983,0.9982,0.9981,0.9991,0.9992,0.9993,0.9994,0.9995,0.9996,0.9997,0.9998,0.9999,1,40,534,2347,524,929,966,979,855,1007,1925,3142,1977,14356,2014,1442,3680,1313,1173,493,1114
67,0.999,0.9989,0.9988,0.9987,0.9986,0.9985,0.9984,0.9983,0.9982,0.9981,0.9991,0.9992,0.9993,0.9994,0.9995,0.9996,0.9997,0.9998,0.9999,1,40,534,2347,524,929,966,979,855,1007,1925,3142,1977,14356,2014,1442,3680,1313,1173,493,1114
68,0.999,0.9989,0.9988,0.9987,0.9986,0.9985,0.9984,0.9983,0.9982,0.9981,0.9991,0.9992,0.9993,0.9994,0.9995,0.9996,0.9997,0.9998,0.9999,1,40,534,2347,524,929,966,979,855,1007,1925,3142,1977,14356,2014,1442,3680,1313,1173,493,1114
69,0.999,0.9989,0.9988,0.9987,0.9986,0.9985,0.9984,0.9983,0.9982,0.9981,0.9991,0.9992,0.9993,0.9994,0.9995,0.9996,0.9997,0.9998,0.9999,1,40,534,2347,524,929,966,979,855,1007,1925,3142,1977,14356,2014,1442,3680,1313,1173,493,1114
70,0.999,0.9989,0.9988,0.9987,0.9986,0.9985,0.9984,0.9983,0.9982,0.9981,0.9991,0.9992,0.9993,0.9994,0.9995,0.9996,0.9997,0.9998,0.9999,1,40,534,2347,524,929,966,979,855,1007,1925,3142,1977,14356,2014,1442,3680,1313,1173,493,1114
71,0.999,0.9989,0.9988,0.9987,0.9986,0.9985,0.9984,0.9983,0.9982,0.9981,0.9991,0.9992,0.9993,0.9994,0.9995,0.9996,0.9997,0.9998,0.9999,1,40,534,2347,524,929,966,979,855,1007,1925,3142,1977,14356,2014,1442,3680,1313,1173,493,1114
72,0.999,0.9989,0.9988,0.9987,0.9986,0.9985,0.9984,0.9983,0.9982,0.9981,0.9991,0.9992,0.9993,0.9994,0.9995,0.9996,0.9997,0.9998,0.9999,1,1,534,2347,524,929,966,979,855,1007,1925,3142,1977,14356,2014,1442,3680,1313,1173,493,1114
73,0.999,0.9989,0.9988,0.9987,0.9986,0.9985,0.9984,0.9983,0.9982,0.9981,0.9991,0.9992,0.9993,0.9994,0.9995,0.9996,0.9997,0.9998,0.9999,1,1,534,2347,524,929,966,979,855,1007,1925,3142,1977,14356,2014,1442,3680,1313,1173,493,1114
74,0.999,0.9989,0.9988,0.9987,0.9986,0.9985,0.9984,0.9983,0.9982,0.9981,0.9991,0.9992,0.9993,0.9994,0.9995,0.9996,0.9997,0.9998,0.9999,1,1,534,2347,524,929,966,979,855,1007,1925,3142,1977,14356,2014,1442,3680,1313,1173,493,1114
75,0.999,0.9989,0.9988,0.9987,0.9986,0.9985,0.9984,0.9983,0.9982,0.9981,0.9991,0.9992,0.9993,0.9994,0.9995,0.9996,0.9997,0.9998,0.9999,1,1,534,2347,524,929,966,979,855,1007,1925,3142,1977,14356,2014,1442,3680,1313,1173,493,1114
76,0.999,0.9989,0.9988,0.9987,0.9986,0.9985,0.9984,0.9983,0.9982,0.9981,0.9991,0.9992,0.9993,0.9994,0.9995,0.9996,0.9997,0.9998,0.9999,1,1,534,2347,524,929,966,979,855,1007,1925,3142,1977,14356,2014,1442,3680,1313,1173,493,1114
77,0.999,0.9989,0.9988,0.9987,0.9986,0.9985,0.9984,0.9983,0.9982,0.9981,0.9991,0.9992,0.9993,0.9994,0.9995,0.9996,0.9997,0.9998,0.9999,1,1,534,2347,524,929,966,979,855,1007,1925,3142,1977,14356,2014,1442,3680,1313,1173,493,1114
78,0.999,0.9989,0.9988,0.9987,0.9986,0.9985,0.9984,0.9983,0.9982,0.9981,0.9991,0.9992,0.9993,0.9994,0.9995,0.9996,0.9997,0.9998,0.9999,1,1,534,2347,524,929,966,979,855,1007,1925,3142,1977,14356,2014,1442,3680,1313,1173,493,1114
79,0.999,0.9989,0.9988,0.9987,0.9986,0.9985,0.9984,0.9983,0.9982,0.9981,0.9991,0.9992,0.9993,0.9994,0.9995,0.9996,0.9997,0.9998,0.9999,1,1,534,2347,524,929,966,979,806,966,1925,3142,1977,14356,2014,1442,3680,1313,1173,493,1114
80,0.999,0.9989,0.9988,0.9987,0.9986,0.9985,0.9984,0.9983,0.9982,0.9981,0.9991,0.9992,0.9993,0.9994,0.9995,0.9996,0.9997,0.9998,0.9999,1,1,534,2347,524,929,966,979,806,966,1925,3142,1977,14356,2014,1442,3680,1313,1173,493,1114
81,0.999,0.9989,0.9988,0.9987,0.9986,0.9985,0.9984,0.9983,0.9982,0.9981,0.9991,0.9992,0.9993,0.9994,0.9995,0.9996,0.9997,0.9998,0.9999,1,1,534,2347,524,929,966,979,806,966,1925,3142,1977,14356,2014,1442,3680,1313,1173,493,1114
82,0.9989,0.9988,0.9987,0.9986,0.9985,0.9984,0.9983,0.9982,0.9981,0.998,0.9991,0.9992,0.9993,0.9994,0.9995,0.9996,0.9997,0.9998,0.9999,1,529,2347,557,929,966,970,806,966,1925,672964,3142,1977,2457,2244,1442,3680,1313,1173,493,1114
83,0.9989,0.9988,0.9987,0.9986,0.9985,0.9984,0.9983,0.9982,0.9981,0.998,0.9991,0.9992,0.9993,0.9994,0.9995,0.9996,0.9997,0.9998,0.9999,1,729,2347,557,737,966,970,806,966,1925,672964,3142,1977,2663,2244,1442,3680,1313,1173,493,1114
84,0.9989,0.9988,0.9987,0.9986,0.9985,0.9984,0.9983,0.9982,0.9981,0.998,0.9991,0.9992,0.9993,0.9994,0.9995,0.9996,0.9997,0.9998,0.9999,1,729,2347,557,737,966,970,806,966,1925,672964,3142,1977,2663,2244,1442,3680,1313,1173,493,1114
85,0.9989,0.9988,0.9987,0.9986,0.9985,0.9984,0.9983,0.9982,0.9981,0.998,0.9991,0.9992,0.9993,0.9994,0.9995,0.9996,0.9997,0.9998,0.9999,1,729,2347,557,737,966,970,806,966,1925,672964,3142,1977,2663,2244,1442,3680,1313,1173,493,1114
86,0.9989,0.9988,0.9987,0.9986,0.9985,0.9984,0.9983,0.9982,0.9981,0.998,0.9991,0.9992,0.9993,0.9994,0.9995,0.9996,0.9997,0.9998,0.9999,1,729,2347,557,737,966,970,806,966,1925,672964,3097,1977,2663,2244,1442,3680,1313,1173,493,1114
87,0.9989,0.9988,0.9987,0.9986,0.9985,0.9984,0.9983,0.9982,0.9981,0.998,0.9991,0.9992,0.9993,0.9994,0.9995,0.9996,0.9997,0.9998,0.9999,1,729,2347,557,737,966,970,806,966,1925,672964,3097,1977,2663,2244,1442,3680,1313,1173,493,1114
88,0.9989,0.9988,0.9987,0.9986,0.9985,0.9984,0.9983,0.9982,0.9981,0.998,0.9991,0.9992,0.9993,0.9994,0.9995,0.9996,0.9997,0.9998,0.9999,1,729,2347,557,737,966,970,806,966,1925,672964,3097,1977,2663,2244,1442,3680,1313,1173,493,1114
89,0.9989,0.9988,0.9987,0.9986,0.9985,0.9984,0.9983,0.9982,0.9981,0.998,0.9991,0.9992,0.9993,0.9994,0.9995,0.9996,0.9997,0.9998,0.9999,1,684,2347,557,737,966,970,806,966,1925,672964,3097,1977,2663,2244,1442,3680,1313,1173,493,1114
90,0.9989,0.9988,0.9987,0.9986,0.9985,0.9984,0.9983,0.9982,0.9981,0.998,0.9991,0.9992,0.9993,0.9994,0.9995,0.9996,0.9997,0.9998,0.9999,1,1810,2347,12457,737,736,970,806,966,799,672964,3097,1977,2663,2244,1442,3680,1313,1173,493,1114
91,0.9989,0.9988,0.9987,0.9986,0.9985,0.9984,0.9983,0.9982,0.9981,0.998,0.9991,0.9992,0.9993,0.9994,0.9995,0.9996,0.9997,0.9998,0.9999,1,684,2347,557,737,966,970,806,966,1925,672964,3097,1977,2663,2244,1442,3680,1313,1173,493,1114
92,0.9989,0.9988,0.9987,0.9986,0.9985,0.9984,0.9983,0.9982,0.9981,0.998,0.9991,0.9992,0.9993,0.9994,0.9995,0.9996,0.9997,0.9998,0.9999,1,684,2347,557,737,966,970,806,966,1925,672964,3097,1977,2663,2244,1442,3680,1313,1173,493,1114
93,0.9989,0.9988,0.9987,0.9986,0.9985,0.9984,0.9983,0.9982,0.9981,0.998,0.9991,0.9992,0.9993,0.9994,0.9995,0.9996,0.9997,0.9998,0.9999,1,684,2347,557,737,966,970,806,966,1925,672964,3097,1977,2663,2244,1442,3680,1313,1173,493,1114
94,0.9989,0.9988,0.9987,0.9986,0.9985,0.9984,0.9983,0.9982,0.9981,0.998,0.9991,0.9992,0.9993,0.9994,0.9995,0.9996,0.9997,0.9998,0.9999,1,684,2347,557,737,966,970,806,966,1925,672964,3097,1977,2663,2244,1442,3680,1313,1173,493,1114
95,0.9989,0.9988,0.9987,0.9986,0.9985,0.9984,0.9983,0.9982,0.9981,0.998,0.9991,0.9992,0.9993,0.9994,0.9995,0.9996,0.9997,0.9998,0.9999,1,1810,2347,12457,737,736,970,806,966,799,672964,3097,1977,2663,2244,1442,3680,1313,1173,493,1114
96,0.9989,0.9988,0.9987,0.9986,0.9985,0.9984,0.9983,0.9982,0.9981,0.998,0.9991,0.9992,0.9993,0.9994,0.9995,0.9996,0.9997,0.9998,0.9999,1,684,2347,557,737,966,970,806,966,1925,672964,3097,1977,2663,2244,1442,3680,1313,1173,493,1114
97,0.9989,0.9988,0.9987,0.9986,0.9985,0.9984,0.9983,0.9982,0.9981,0.998,0.9991,0.9992,0.9993,0.9994,0.9995,0.9996,0.9997,0.9998,0.9999,1,684,2347,557,737,966,970,806,966,1925,672964,3097,1977,2663,2244,1442,3680,1313,1173,493,1114
98,0.9989,0.9988,0.9987,0.9986,0.9985,0.9984,0.9983,0.9982,0.9981,0.998,0.9991,0.9992,0.9993,0.9994,0.9995,0.9996,0.9997,0.9998,0.9999,1,1810,2347,12457,737,736,970,806,966,799,672964,3097,1977,2663,2244,1442,3680,1313,1173,493,1114
99,0.9989,0.9988,0.9987,0.9986,0.9985,0.9984,0.9983,0.9982,0.9981,0.998,0.9991,0.9992,0.9993,0.9994,0.9995,0.9996,0.9997,0.9998,0.9999,1,684,2347,557,737,966,970,806,966,1925,672964,3097,1977,2663,2244,1442,3680,1313,1173,493,1114
100,0.9989,0.9988,0.9987,0.9986,0.9985,0.9984,0.9983,0.9982,0.9981,0.998,0.9991,0.9992,0.9993,0.9994,0.9995,0.9996,0.9997,0.9998,0.9999,1,1810,2347,12457,737,736,970,806,966,799,672964,3097,1977,2663,2244,1442,3680,1313,1173,493,1114
101,0.9989,0.9988,0.9987,0.9986,0.9985,0.9984,0.9983,0.9982,0.9981,0.998,0.9991,0.9992,0.9993,0.9994,0.9995,0.9996,0.9997,0.9998,0.9999,1,684,2347,557,737,966,970,806,966,1925,672964,3097,1977,2663,2244,1442,3680,1313,1173,493,1114
102,0.9989,0.9988,0.9987,0.9986,0.9985,0.9984,0.9983,0.9982,0.9981,0.998,0.9991,0.9992,0.9993,0.9994,0.9995,0.9996,0.9997,0.9998,0.9999,1,684,2347,557,737,966,970,806,966,1925,672964,3097,1977,2663,2244,1442,3680,1313,1173,493,1114
103,0.9989,0.9988,0.9987,0.9986,0.9985,0.9984,0.9983,0.9982,0.9981,0.998,0.9991,0.9992,0.9993,0.9994,0.9995,0.9996,0.9997,0.9998,0.9999,1,1810,2347,12457,737,736,970,806,966,799,672964,3097,1977,2663,2244,1442,3680,1313,1173,493,1114
104,0.9989,0.9988,0.9987,0.9986,0.9985,0.9984,0.9983,0.9982,0.9981,0.998,0.9991,0.9992,0.9993,0.9994,0.9995,0.9996,0.9997,0.9998,0.9999,1,684,2347,557,737,966,970,806,966,1925,672964,2679,1977,2663,2244,1442,3680,1313,1173,493,1114
105,0.9989,0.9988,0.9987,0.9986,0.9985,0.9984,0.9983,0.9982,0.9981,0.998,0.9991,0.9992,0.9993,0.9994,0.9995,0.9996,0.9997,0.9998,0.9999,1,884,2347,557,737,966,970,806,966,1925,672964,2679,1977,2663,2244,1442,3680,1313,1173,493,1114
106,0.9989,0.9988,0.9987,0.9986,0.9985,0.9984,0.9983,0.9982,0.9981,0.998,0.9991,0.9992,0.9993,0.9994,0.9995,0.9996,0.9997,0.9998,0.9999,1,884,2347,557,737,966,970,806,966,1925,672964,2679,1977,2663,2244,1442,3680,1313,1173,493,1114
107,0.9989,0.9988,0.9987,0.9986,0.9985,0.9984,0.9983,0.9982,0.9981,0.998,0.9991,0.9992,0.9993,0.9994,0.9995,0.9996,0.9997,0.9998,0.9999,1,884,2347,557,737,966,970,806,966,1925,672964,2679,1977,2663,2244,1442,3680,1313,1173,493,1114
108,0.9989,0.9988,0.9987,0.9986,0.9985,0.9984,0.9983,0.9982,0.9981,0.998,0.9991,0.9992,0.9993,0.9994,0.9995,0.9996,0.9997,0.9998,0.9999,1,884,2347,557,737,966,970,806,966,1925,672964,2654,1977,2663,2244,1442,3680,1313,1173,493,1114
109,0.9989,0.9988,0.9987,0.9986,0.9985,0.9984,0.9983,0.9982,0.9981,0.998,0.9991,0.9992,0.9993,0.9994,0.9995,0.9996,0.9997,0.9998,0.9999,1,884,2347,557,1112,966,946,762,785,1864,672964,2654,1977,2663,2244,1442,3680,1313,1173,493,1114
110,0.9989,0.9988,0.9987,0.9986,0.9985,0.9984,0.9983,0.9982,0.9981,0.998,0.9991,0.9992,0.9993,0.9994,0.9995,0.9996,0.9997,0.9998,0.9999,1,884,2347,557,1112,966,946,762,785,1864,672964,2654,1977,2663,2244,1442,3680,1313,1173,493,1114
111,0.9989,0.9988,0.9987,0.9986,0.9985,0.9984,0.9983,0.9982,0.9981,0.998,0.9991,0.9992,0.9993,0.9994,0.9995,0.9996,0.9997,0.9998,0.9999,1,884,2347,557,1112,966,946,762,785,1864,672964,2654,1977,2663,2244,1442,3680,1313,1173,493,1114
112,0.9989,0.9988,0.9987,0.9986,0.9985,0.9984,0.9983,0.9982,0.9981,0.998,0.9991,0.9992,0.9993,0.9994,0.9995,0.9996,0.9997,0.9998,0.9999,1,884,2347,557,1112,966,946,762,785,1864,672964,2654,1977,2663,2244,1442,3680,1313,1173,493,1114
113,0.9989,0.9988,0.9987,0.9986,0.9985,0.9984,0.9983,0.9982,0.9981,0.998,0.9991,0.9992,0.9993,0.9994,0.9995,0.9996,0.9997,0.9998,0.9999,1,884,2347,557,1112,966,946,762,785,1864,672964,2654,1977,2663,2244,1442,3680,1313,1173,493,1114
114,0.9989,0.9988,0.9987,0.9986,0.9985,0.9984,0.9983,0.9982,0.9981,0.998,0.9991,0.9992,0.9993,0.9994,0.9995,0.9996,0.9997,0.9998,0.9999,1,884,2347,557,1112,966,946,762,785,1864,672964,2654,1977,2663,2244,1442,3680,1313,1173,493,1114
115,0.9989,0.9988,0.9987,0.9986,0.9985,0.9984,0.9983,0.9982,0.9981,0.998,0.9991,0.9992,0.9993,0.9994,0.9995,0.9996,0.9997,0.9998,0.9999,1,884,2347,557,1112,966,946,762,785,1864,672964,2842,1977,2663,2244,1442,3680,1313,1173,493,1114
116,0.9989,0.9988,0.9987,0.9986,0.9985,0.9984,0.9983,0.9982,0.9981,0.998,0.9991,0.9992,0.9993,0.9994,0.9995,0.9996,0.9997,0.9998,0.9999,1,884,2347,557,1112,966,946,762,785,1864,672964,2842,1977,2663,2244,1442,3680,1313,1173,493,1114
117,0.9989,0.9988,0.9987,0.9986,0.9985,0.9984,0.9983,0.9982,0.9981,0.998,0.9991,0.9992,0.9993,0.9994,0.9995,0.9996,0.9997,0.9998,0.9999,1,884,2347,557,1112,966,946,762,785,1864,672964,2842,1977,2663,2244,1442,3680,1313,1173,493,1114
118,0.9989,0.9988,0.9987,0.9986,0.9985,0.9984,0.9983,0.9982,0.9981,0.998,0.9991,0.9992,0.9993,0.9994,0.9995,0.9996,0.9997,0.9998,0.9999,1,884,2347,557,1112,966,946,762,785,1864,672964,2842,1977,2663,2244,1442,3680,1313,1173,493,1114
119,0.9989,0.9988,0.9987,0.9986,0.9985,0.9984,0.9983,0.9982,0.9981,0.998,0.9991,0.9992,0.9993,0.9994,0.9995,0.9996,0.9997,0.9998,0.9999,1,884,2347,557,1112,966,946,762,785,1864,672964,2842,1977,2663,2244,1442,3680,1313,1173,493,1114
120,0.9989,0.9988,0.9987,0.9986,0.9985,0.9984,0.9983,0.9982,0.9981,0.998,0.9991,0.9992,0.9993,0.9994,0.9995,0.9996,0.9997,0.9998,0.9999,1,2010,2347,12457,1112,736,946,762,785,738,672964,2842,1977,2663,2244,1442,3680,1313,1173,493,1114
121,0.999,0.9989,0.9988,0.9987,0.9986,0.9985,0.9984,0.9983,0.9982,0.9981,0.9991,0.9992,0.9993,0.9994,0.9995,0.9996,0.9997,0.9998,0.9999,1,200,2382,849,557,1268,966,922,762,785,1864,2601,1977,14562,2014,1287,3680,1313,1173,493,1114
122,0.999,0.9989,0.9988,0.9987,0.9986,0.9985,0.9984,0.9983,0.9982,0.9981,0.9991,0.9992,0.9993,0.9994,0.9995,0.9996,0.9997,0.9998,0.9999,1,93,2382,849,557,1268,966,922,762,785,1864,2494,1977,14562,2014,1287,3680,1313,1173,493,1114
123,0.999,0.9989,0.9988,0.9987,0.9986,0.9985,0.9984,0.9983,0.9982,0.9981,0.9991,0.9992,0.9993,0.9994,0.9995,0.9996,0.9997,0.9998,0.9999,1,93,2382,849,557,1268,966,922,762,785,1864,2494,1977,14562,2014,1287,3680,1313,1173,493,1114
124,0.999,0.9989,0.9988,0.9987,0.9986,0.9985,0.9984,0.9983,0.9982,0.9981,0.9991,0.9992,0.9993,0.9994,0.9995,0.9996,0.9997,0.9998,0.9999,1,93,2408,849,557,893,966,999,834,925,1924,2494,1977,14562,2014,1287,3680,1313,1173,493,1114
125,0.999,0.9989,0.9988,0.9987,0.9986,0.9985,0.9984,0.9983,0.9982,0.9981,0.9991,0.9992,0.9993,0.9994,0.9995,0.9996,0.9997,0.9998,0.9999,1,93,2408,849,557,893,966,999,834,925,1924,2494,1977,14562,2014,1287,3680,1313,1173,493,1114
126,0.999,0.9989,0.9988,0.9987,0.9986,0.9985,0.9984,0.9983,0.9982,0.9981,0.9991,0.9992,0.9993,0.9994,0.9995,0.9996,0.9997,0.9998,0.9999,1,93,2408,849,557,893,966,999,834,925,1924,2494,1977,14562,2014,1287,3680,1313,1173,493,1114
127,0.999,0.9989,0.9988,0.9987,0.9986,0.9985,0.9984,0.9983,0.9982,0.9981,0.9991,0.9992,0.9993,0.9994,0.9995,0.9996,0.9997,0.9998,0.9999,1,93,2408,849,557,893,966,999,834,925,1924,2381,1977,14356,2014,1287,3680,1313,1173,493,1114
128,0.999,0.9989,0.9988,0.9987,0.9986,0.9985,0.9984,0.9983,0.9982,0.9981,0.9991,0.9992,0.9993,0.9994,0.9995,0.9996,0.9997,0.9998,0.9999,1,93,2408,849,557,893,966,999,834,925,1924,2381,1977,14356,2014,1287,3680,1313,1173,493,1114
129,0.999,0.9989,0.9988,0.9987,0.9986,0.9985,0.9984,0.9983,0.9982,0.9981,0.9991,0.9992,0.9993,0.9994,0.9995,0.9996,0.9997,0.9998,0.9999,1,93,2408,849,557,893,966,999,834,925,1924,6525,1977,14356,2014,1287,3680,1313,1173,493,1114
130,0.999,0.9989,0.9988,0.9987,0.9986,0.9985,0.9984,0.9983,0.9982,0.9981,0.9991,0.9992,0.9993,0.9994,0.9995,0.9996,0.9997,0.9998,0.9999,1,93,2408,849,557,893,966,999,834,925,1924,6525,1977,14356,2014,1287,3680,1313,1173,493,1114
131,0.999,0.9989,0.9988,0.9987,0.9986,0.9985,0.9984,0.9983,0.9982,0.9981,0.9991,0.9992,0.9993,0.9994,0.9995,0.9996,0.9997,0.9998,0.9999,1,93,2408,849,557,893,966,999,834,925,1924,6525,1977,14356,2014,1287,3680,1313,1173,493,1114
132,0.999,0.9989,0.9988,0.9987,0.9986,0.9985,0.9984,0.9983,0.9982,0.9981,0.9991,0.9992,0.9993,0.9994,0.9995,0.9996,0.9997,0.9998,0.9999,1,93,2408,849,557,893,966,999,834,925,1924,6525,1977,14356,2014,1287,3680,1313,1173,493,1114
133,0.999,0.9989,0.9988,0.9987,0.9986,0.9985,0.9984,0.9983,0.9982,0.9981,0.9991,0.9992,0.9993,0.9994,0.9995,0.9996,0.9997,0.9998,0.9999,1,93,2408,849,557,893,966,999,834,925,1924,6525,1977,14356,2014,1287,3680,1313,1173,493,1114
134,0.999,0.9989,0.9988,0.9987,0.9986,0.9985,0.9984,0.9983,0.9982,0.9981,0.9991,0.9992,0.9993,0.9994,0.9995,0.9996,0.9997,0.9998,0.9999,1,93,2533,724,682,893,966,874,834,925,1924,6525,1977,14356,2014,1287,3680,1313,1173,493,1114
135,0.999,0.9989,0.9988,0.9987,0.9986,0.9985,0.9984,0.9983,0.9982,0.9981,0.9991,0.9992,0.9993,0.9994,0.9995,0.9996,0.9997,0.9998,0.9999,1,639,2533,724,182,893,966,874,834,925,1924,5143,3177,15556,3714,1257,3680,1313,1173,493,1114
136,0.999,0.9989,0.9988,0.9987,0.9986,0.9985,0.9984,0.9983,0.9982,0.9981,0.9991,0.9992,0.9993,0.9994,0.9995,0.9996,0.9997,0.9998,0.9999,1,772,2533,724,182,893,966,874,834,925,1924,866,3177,15556,3714,1257,3680,1313,1173,493,1114
137,0.999,0.9989,0.9988,0.9987,0.9986,0.9985,0.9984,0.9983,0.9982,0.9981,0.9991,0.9992,0.9993,0.9994,0.9995,0.9996,0.9997,0.9998,0.9999,1,772,2533,724,182,893,966,874,834,925,1924,866,3177,15556,3714,1257,3680,1313,1173,493,1114
138,0.999,0.9989,0.9988,0.9987,0.9986,0.9985,0.9984,0.9983,0.9982,0.9981,0.9991,0.9992,0.9993,0.9994,0.9995,0.9996,0.9997,0.9998,0.9999,1,772,2533,724,182,893,966,874,834,925,1924,866,3177,15556,3714,1257,3680,1313,1173,493,1114
139,0.999,0.9989,0.9988,0.9987,0.9986,0.9985,0.9984,0.9983,0.9982,0.9981,0.9991,0.9992,0.9993,0.9994,0.9995,0.9996,0.9997,0.9998,0.9999,1,772,2520,724,182,893,966,1112,779,804,1875,866,3177,15556,3714,1257,3680,1313,1173,493,1114
140,0.999,0.9989,0.9988,0.9987,0.9986,0.9985,0.9984,0.9983,0.9982,0.9981,0.9991,0.9992,0.9993,0.9994,0.9995,0.9996,0.9997,0.9998,0.9999,1,772,2520,724,182,893,966,1112,779,804,1875,866,3177,15556,3714,1414,3680,1313,1173,493,1114
141,0.999,0.9989,0.9988,0.9987,0.9986,0.9985,0.9984,0.9983,0.9982,0.9981,0.9991,0.9992,0.9993,0.9994,0.9995,0.9996,0.9997,0.9998,0.9999,1,798,2520,724,182,893,966,1112,779,804,1875,5634,1977,15556,3714,1414,3680,1487,1173,493,1114
142,0.999,0.9989,0.9988,0.9987,0.9986,0.9985,0.9984,0.9983,0.9982,0.9981,0.9991,0.9992,0.9993,0.9994,0.9995,0.9996,0.9997,0.9998,0.9999,1,664,2520,724,182,893,966,1112,779,804,1875,5675,3177,15556,3714,1414,3680,1487,1173,493,1114
143,0.999,0.9989,0.9988,0.9987,0.9986,0.9985,0.9984,0.9983,0.9982,0.9981,0.9991,0.9992,0.9993,0.9994,0.9995,0.9996,0.9997,0.9998,0.9999,1,607,2520,724,182,893,966,1112,779,804,1875,5875,3177,15556,3714,1414,3680,1487,1173,493,1114
144,0.999,0.9989,0.9988,0.9987,0.9986,0.9985,0.9984,0.9983,0.9982,0.9981,0.9991,0.9992,0.9993,0.9994,0.9995,0.9996,0.9997,0.9998,0.9999,1,607,2520,724,182,910,1293,785,762,827,1852,5875,1977,15556,3714,1414,3680,1487,1173,493,1114
145,0.999,0.9989,0.9988,0.9987,0.9986,0.9985,0.9984,0.9983,0.9982,0.9981,0.9991,0.9992,0.9993,0.9994,0.9995,0.9996,0.9997,0.9998,0.9999,1,607,2520,724,182,910,1293,785,762,827,1852,5875,1977,14356,2514,1414,3680,1487,1173,493,1114
146,0.999,0.9989,0.9988,0.9987,0.9986,0.9985,0.9984,0.9983,0.9982,0.9981,0.9991,0.9992,0.9993,0.9994,0.9995,0.9996,0.9997,0.9998,0.9999,1,607,2520,724,182,910,1293,785,762,827,1852,1044,3177,15556,3714,1414,3680,1487,1173,493,1114
147,0.999,0.9989,0.9988,0.9987,0.9986,0.9985,0.9984,0.9983,0.9982,0.9981,0.9991,0.9992,0.9993,0.9994,0.9995,0.9996,0.9997,0.9998,0.9999,1,607,2520,724,182,910,1293,785,762,827,1852,1044,3177,15556,3714,1414,3680,1487,1173,493,1114
148,0.999,0.9989,0.9988,0.9987,0.9986,0.9985,0.9984,0.9983,0.9982,0.9981,0.9991,0.9992,0.9993,0.9994,0.9995,0.9996,0.9997,0.9998,0.9999,1,607,2520,724,182,910,1293,785,762,827,1852,1044,3177,15556,3714,1414,3680,1487,1173,493,1114
149,0.999,0.9989,0.9988,0.9987,0.9986,0.9985,0.9984,0.9983,0.9982,0.9981,0.9991,0.9992,0.9993,0.9994,0.9995,0.9996,0.9997,0.9998,0.9999,1,607,2520,724,182,910,1293,785,762,827,1852,1044,1977,15556,3714,1414,3680,1487,1173,493,1114
150,0.999,0.9989,0.9988,0.9987,0.9986,0.9985,0.9984,0.9983,0.9982,0.9981,0.9991,0.9992,0.9993,0.9994,0.9995,0.9996,0.9997,0.9998,0.9999,1,607,2520,724,182,910,1293,785,762,827,1852,1044,1977,15556,3714,1414,3680,1487,1173,493,1114
151,0.999,0.9989,0.9988,0.9987,0.9986,0.9985,0.9984,0.9983,0.9982,0.9981,0.9991,0.9992,0.9993,0.9994,0.9995,0.9996,0.9997,0.9998,0.9999,1,607,2520,724,182,910,1293,785,762,827,1852,1044,1977,15556,3714,2614,3680,1487,1173,493,1114
152,0.999,0.9989,0.9988,0.9987,0.9986,0.9985,0.9984,0.9983,0.9982,0.9981,0.9991,0.9992,0.9993,0.9994,0.9995,0.9996,0.9997,0.9998,0.9999,1,607,2520,724,182,910,1293,785,762,827,1852,1044,1977,15556,3714,1414,3680,1487,1173,493,1114
153,0.999,0.9989,0.9988,0.9987,0.9986,0.9985,0.9984,0.9983,0.9982,0.9981,0.9991,0.9992,0.9993,0.9994,0.9995,0.9996,0.9997,0.9998,0.9999,1,607,2520,724,182,910,1293,785,762,827,1852,1034,1977,15556,3714,2614,3680,1487,1173,493,1114
154,0.999,0.9989,0.9988,0.9987,0.9986,0.9985,0.9984,0.9983,0.9982,0.9981,0.9991,0.9992,0.9993,0.9994,0.9995,0.9996,0.9997,0.9998,0.9999,1,597,2534,724,193,927,1026,817,797,961,1876,1034,1977,15556,3714,1414,3680,1487,1173,493,1114
155,0.999,0.9989,0.9988,0.9987,0.9986,0.9985,0.9984,0.9983,0.9982,0.9981,0.9991,0.9992,0.9993,0.9994,0.9995,0.9996,0.9997,0.9998,0.9999,1,597,2534,724,193,927,1026,817,797,961,1876,1034,3177,15556,3714,1414,3680,1487,1173,493,1114
156,0.999,0.9989,0.9988,0.9987,0.9986,0.9985,0.9984,0.9983,0.9982,0.9981,0.9991,0.9992,0.9993,0.9994,0.9995,0.9996,0.9997,0.9998,0.9999,1,597,2534,724,193,927,1026,817,797,961,1876,1034,3177,15556,3714,1414,3680,1487,1173,493,1114
157,0.999,0.9989,0.9988,0.9987,0.9986,0.9985,0.9984,0.9983,0.9982,0.9981,0.9991,0.9992,0.9993,0.9994,0.9995,0.9996,0.9997,0.9998,0.9999,1,597,2534,724,193,927,1026,817,797,961,1876,1034,1977,14356,2514,1414,3680,1487,1173,493,1114
158,0.999,0.9989,0.9988,0.9987,0.9986,0.9985,0.9984,0.9983,0.9982,0.9981,0.9991,0.9992,0.9993,0.9994,0.9995,0.9996,0.9997,0.9998,0.9999,1,597,2534,724,193,927,1026,817,797,961,1876,1034,1977,15556,3714,1414,3680,1487,1173,493,1114
159,0.999,0.9989,0.9988,0.9987,0.9986,0.9985,0.9984,0.9983,0.9982,0.9981,0.9991,0.9992,0.9993,0.9994,0.9995,0.9996,0.9997,0.9998,0.9999,1,597,2534,724,193,927,1026,817,797,961,1876,900,1977,15556,3714,2614,3680,1487,1173,493,1114
160,0.999,0.9989,0.9988,0.9987,0.9986,0.9985,0.9984,0.9983,0.9982,0.9981,0.9991,0.9992,0.9993,0.9994,0.9995,0.9996,0.9997,0.9998,0.9999,1,597,2534,724,193,927,1026,817,797,961,1876,900,1977,14356,2514,1414,4880,2687,2373,493,1114
161,0.999,0.9989,0.9988,0.9987,0.9986,0.9985,0.9984,0.9983,0.9982,0.9981,0.9991,0.9992,0.9993,0.9994,0.9995,0.9996,0.9997,0.9998,0.9999,1,597,2534,724,193,927,1026,817,797,961,1876,900,1977,15556,3714,2614,3680,1487,1173,493,1114
162,0.999,0.9989,0.9988,0.9987,0.9986,0.9985,0.9984,0.9983,0.9982,0.9981,0.9991,0.9992,0.9993,0.9994,0.9995,0.9996,0.9997,0.9998,0.9999,1,597,2534,724,193,927,1026,817,797,961,1876,900,1977,14356,3714,2614,3680,1487,1173,493,1114
163,0.999,0.9989,0.9988,0.9987,0.9986,0.9985,0.9984,0.9983,0.9982,0.9981,0.9991,0.9992,0.9993,0.9994,0.9995,0.9996,0.9997,0.9998,0.9999,1,597,2534,724,193,927,1026,817,797,961,1876,900,1977,15556,3714,1414,3680,1487,1173,493,1114
164,0.999,0.9989,0.9988,0.9987,0.9986,0.9985,0.9984,0.9983,0.9982,0.9981,0.9991,0.9992,0.9993,0.9994,0.9995,0.9996,0.9997,0.9998,0.9999,1,597,2534,724,193,927,1026,817,797,961,1876,900,1977,15556,3714,1414,3680,1487,1173,493,1114
165,0.999,0.9989,0.9988,0.9987,0.9986,0.9985,0.9984,0.9983,0.9982,0.9981,0.9991,0.9992,0.9993,0.9994,0.9995,0.9996,0.9997,0.9998,0.9999,1,597,2534,724,193,927,1026,817,797,961,1876,900,1977,14356,3714,2614,3680,1487,1173,493,1114
166,0.999,0.9989,0.9988,0.9987,0.9986,0.9985,0.9984,0.9983,0.9982,0.9981,0.9991,0.9992,0.9993,0.9994,0.9995,0.9996,0.9997,0.9998,0.9999,1,597,2534,724,193,927,1026,817,797,961,1876,900,1977,15556,3714,1414,3680,1487,1173,493,1114
167,0.999,0.9989,0.9988,0.9987,0.9986,0.9985,0.9984,0.9983,0.9982,0.9981,0.9991,0.9992,0.9993,0.9994,0.9995,0.9996,0.9997,0.9998,0.9999,1,597,2534,724,193,927,1026,817,797,961,1876,900,1977,15556,3714,1414,3680,1487,1173,493,1114
168,0.999,0.9989,0.9988,0.9987,0.9986,0.9985,0.9984,0.9983,0.9982,0.9981,0.9991,0.9992,0.9993,0.9994,0.9995,0.9996,0.9997,0.9998,0.9999,1,597,2534,724,193,927,1026,817,797,961,1876,900,1977,15556,3714,1414,3680,1487,1173,493,1114
169,0.999,0.9989,0.9988,0.9987,0.9986,0.9985,0.9984,0.9983,0.9982,0.9981,0.9991,0.9992,0.9993,0.9994,0.9995,0.9996,0.9997,0.9998,0.9999,1,597,2534,724,193,927,1026,817,797,961,1876,900,1977,15556,3714,1414,3680,1487,1173,493,1114
170,0.999,0.9989,0.9988,0.9987,0.9986,0.9985,0.9984,0.9983,0.9982,0.9981,0.9991,0.9992,0.9993,0.9994,0.9995,0.9996,0.9997,0.9998,0.9999,1,597,2534,724,193,927,1026,817,797,961,1876,900,3177,15556,2514,1414,3680,1487,1173,493,1114
171,0.999,0.9989,0.9988,0.9987,0.9986,0.9985,0.9984,0.9983,0.9982,0.9981,0.9991,0.9992,0.9993,0.9994,0.9995,0.9996,0.9997,0.9998,0.9999,1,597,2534,724,193,927,1026,817,797,961,1876,900,3177,15556,2514,1414,3680,1487,1173,493,1114
172,0.999,0.9989,0.9988,0.9987,0.9986,0.9985,0.9984,0.9983,0.9982,0.9981,0.9991,0.9992,0.9993,0.9994,0.9995,0.9996,0.9997,0.9998,0.9999,1,597,2534,724,193,927,1026,817,797,961,1876,900,3177,15556,2514,1414,3680,1487,1173,493,1114
173,0.999,0.9989,0.9988,0.9987,0.9986,0.9985,0.9984,0.9983,0.9982,0.9981,0.9991,0.9992,0.9993,0.9994,0.9995,0.9996,0.9997,0.9998,0.9999,1,597,2534,724,193,927,1026,817,797,961,1876,2100,3177,15556,2514,1414,3680,1487,1173,493,1114
174,0.999,0.9989,0.9988,0.9987,0.9986,0.9985,0.9984,0.9983,0.9982,0.9981,0.9991,0.9992,0.9993,0.9994,0.9995,0.9996,0.9997,0.9998,0.9999,1,597,2534,724,193,927,1026,817,797,961,1876,900,3177,15556,2514,1414,3680,1487,1173,493,1114
175,0.999,0.9989,0.9988,0.9987,0.9986,0.9985,0.9984,0.9983,0.9982,0.9981,0.9991,0.9992,0.9993,0.9994,0.9995,0.9996,0.9997,0.9998,0.9999,1,697,2534,724,193,927,1026,817,797,961,1876,900,1977,15556,3714,2614,3680,1487,1173,493,1114
176,0.999,0.9989,0.9988,0.9987,0.9986,0.9985,0.9984,0.9983,0.9982,0.9981,0.9991,0.9992,0.9993,0.9994,0.9995,0.9996,0.9997,0.9998,0.9999,1,697,2534,724,193,927,1026,817,797,961,1876,900,1977,15556,2514,1414,3680,1487,1173,493,1114
177,0.999,0.9989,0.9988,0.9987,0.9986,0.9985,0.9984,0.9983,0.9982,0.9981,0.9991,0.9992,0.9993,0.9994,0.9995,0.9996,0.9997,0.9998,0.9999,1,1,1036,2222,193,927,1026,817,797,961,1876,1564,1977,15556,2014,1414,3680,1313,1173,493,1114
178,0.999,0.9989,0.9988,0.9987,0.9986,0.9985,0.9984,0.9983,0.9982,0.9981,0.9991,0.9992,0.9993,0.9994,0.9995,0.9996,0.9997,0.9998,0.9999,1,1,1036,2222,193,927,1026,817,797,961,1876,1564,1977,15556,2014,1414,3680,1313,1173,493,1114
179,0.999,0.9989,0.9988,0.9987,0.9986,0.9985,0.9984,0.9983,0.9982,0.9981,0.9991,0.9992,0.9993,0.9994,0.9995,0.9996,0.9997,0.9998,0.9999,1,1,1036,2222,193,927,1026,817,797,961,1876,1564,1977,15556,2014,1414,3680,1313,1173,493,1114
180,0.999,0.9989,0.9988,0.9987,0.9986,0.9985,0.9984,0.9983,0.9982,0.9981,0.9991,0.9992,0.9993,0.9994,0.9995,0.9996,0.9997,0.9998,0.9999,1,1,1036,2222,193,927,1026,817,797,961,1876,1564,1977,15556,2014,1414,3680,1313,1173,493,1114
181,0.999,0.9989,0.9988,0.9987,0.9986,0.9985,0.9984,0.9983,0.9982,0.9981,0.9991,0.9992,0.9993,0.9994,0.9995,0.9996,0.9997,0.9998,0.9999,1,1,1036,2222,193,927,1026,817,797,961,1876,1564,1977,15556,2014,1414,3680,1313,1173,493,1114
182,0.999,0.9989,0.9988,0.9987,0.9986,0.9985,0.9984,0.9983,0.9982,0.9981,0.9991,0.9992,0.9993,0.9994,0.9995,0.9996,0.9997,0.9998,0.9999,1,1,1036,2222,193,927,1026,817,797,961,1876,1564,1977,15556,2014,1414,3680,1313,1173,493,1114
183,0.999,0.9989,0.9988,0.9987,0.9986,0.9985,0.9984,0.9983,0.9982,0.9981,0.9991,0.9992,0.9993,0.9994,0.9995,0.9996,0.9997,0.9998,0.9999,1,1,1036,2222,193,927,1026,817,797,961,1876,1564,1977,15556,2014,1414,3680,1313,1173,493,1114
184,0.999,0.9989,0.9988,0.9987,0.9986,0.9985,0.9984,0.9983,0.9982,0.9981,0.9991,0.9992,0.9993,0.9994,0.9995,0.9996,0.9997,0.9998,0.9999,1,1,1036,2222,193,927,1026,817,797,961,1876,1523,1977,15556,2014,1414,3680,1313,1173,493,1114
185,0.9989,0.9988,0.9987,0.9986,0.9985,0.9984,0.9983,0.9982,0.9981,0.998,0.9991,0.9992,0.9993,0.9994,0.9995,0.9996,0.9997,0.9998,0.9999,1,1024,2222,193,771,1026,841,797,961,1876,672964,1523,1977,2644,2244,1414,3680,1313,1173,493,1114
186,0.9989,0.9988,0.9987,0.9986,0.9985,0.9984,0.9983,0.9982,0.9981,0.998,0.9991,0.9992,0.9993,0.9994,0.9995,0.9996,0.9997,0.9998,0.9999,1,1024,2222,193,771,1026,841,797,961,1876,672964,1523,1977,2644,2244,1414,3680,1313,1173,493,1114
187,0.9989,0.9988,0.9987,0.9986,0.9985,0.9984,0.9983,0.9982,0.9981,0.998,0.9991,0.9992,0.9993,0.9994,0.9995,0.9996,0.9997,0.9998,0.9999,1,1024,2222,193,771,1026,841,797,961,1876,672964,1523,1977,2644,2244,1414,3680,1313,1173,493,1114
188,0.9989,0.9988,0.9987,0.9986,0.9985,0.9984,0.9983,0.9982,0.9981,0.998,0.9991,0.9992,0.9993,0.9994,0.9995,0.9996,0.9997,0.9998,0.9999,1,1024,2222,193,771,1026,841,797,961,1876,672964,1523,1977,2644,2244,1414,3680,1313,1173,493,1114
189,0.9989,0.9988,0.9987,0.9986,0.9985,0.9984,0.9983,0.9982,0.9981,0.998,0.9991,0.9992,0.9993,0.9994,0.9995,0.9996,0.9997,0.9998,0.9999,1,1024,2222,193,771,1026,841,797,961,1876,672964,4795,1977,2457,2244,1414,3680,1313,1173,493,1114
190,0.9989,0.9988,0.9987,0.9986,0.9985,0.9984,0.9983,0.9982,0.9981,0.998,0.9991,0.9992,0.9993,0.9994,0.9995,0.9996,0.9997,0.9998,0.9999,1,1024,2222,193,771,1026,841,797,961,1876,672964,4795,1977,2457,2244,1414,3680,1313,1173,493,1114
191,0.999,0.9989,0.9988,0.9987,0.9986,0.9985,0.9984,0.9983,0.9982,0.9981,0.9991,0.9992,0.9993,0.9994,0.9995,0.9996,0.9997,0.9998,0.9999,1,445,2522,724,193,930,1026,817,797,961,1876,3769,1977,14356,2014,1414,3680,1313,1173,493,1114
192,0.999,0.9989,0.9988,0.9987,0.9986,0.9985,0.9984,0.9983,0.9982,0.9981,0.9991,0.9992,0.9993,0.9994,0.9995,0.9996,0.9997,0.9998,0.9999,1,311,2522,724,193,930,1026,817,797,961,1876,3793,1977,14356,2014,1414,3680,1313,1173,493,1114
193,0.999,0.9989,0.9988,0.9987,0.9986,0.9985,0.9984,0.9983,0.9982,0.9981,0.9991,0.9992,0.9993,0.9994,0.9995,0.9996,0.9997,0.9998,0.9999,1,511,2522,724,193,930,1026,817,797,961,1876,3793,1977,14356,2014,1414,3680,1313,1173,493,1114
194,0.999,0.9989,0.9988,0.9987,0.9986,0.9985,0.9984,0.9983,0.9982,0.9981,0.9991,0.9992,0.9993,0.9994,0.9995,0.9996,0.9997,0.9998,0.9999,1,636,2397,849,193,930,901,817,797,961,1876,3793,1977,14356,2014,1414,3680,1313,1173,493,1114
195,0.999,0.9989,0.9988,0.9987,0.9986,0.9985,0.9984,0.9983,0.9982,0.9981,0.9991,0.9992,0.9993,0.9994,0.9995,0.9996,0.9997,0.9998,0.9999,1,636,2397,849,193,930,901,817,797,961,1876,3793,1977,14356,2014,1414,3680,1313,1173,493,1114
196,0.999,0.9989,0.9988,0.9987,0.9986,0.9985,0.9984,0.9983,0.9982,0.9981,0.9991,0.9992,0.9993,0.9994,0.9995,0.9996,0.9997,0.9998,0.9999,1,636,2397,849,193,930,901,817,897,961,1876,413,1977,14356,2014,1414,3680,1481,1173,493,1114
197,0.999,0.9989,0.9988,0.9987,0.9986,0.9985,0.9984,0.9983,0.9982,0.9981,0.9991,0.9992,0.9993,0.9994,0.9995,0.9996,0.9997,0.9998,0.9999,1,636,2397,849,193,930,901,817,897,961,1876,413,1977,14356,2014,1414,3680,1481,1173,493,1114
198,0.999,0.9989,0.9988,0.9987,0.9986,0.9985,0.9984,0.9983,0.9982,0.9981,0.9991,0.9992,0.9993,0.9994,0.9995,0.9996,0.9997,0.9998,0.9999,1,636,2397,849,193,930,901,817,897,961,1876,413,1977,14356,2014,1414,3680,1481,1173,493,1114
199,0.999,0.9989,0.9988,0.9987,0.9986,0.9985,0.9984,0.9983,0.9982,0.9981,0.9991,0.9992,0.9993,0.9994,0.9995,0.9996,0.9997,0.9998,0.9999,1,636,2397,849,193,930,901,817,897,961,1876,413,1977,14356,2014,1414,3680,1481,1173,493,1114
200,0.999,0.9989,0.9988,0.9987,0.9986,0.9985,0.9984,0.9983,0.9982,0.9981,0.9991,0.9992,0.9993,0.9994,0.9995,0.9996,0.9997,0.9998,0.9999,1,636,2397,849,193,930,901,817,897,961,1876,413,1977,14356,2014,1414,3680,1481,1173,493,1114
201,0.999,0.9989,0.9988,0.9987,0.9986,0.9985,0.9984,0.9983,0.9982,0.9981,0.9991,0.9992,0.9993,0.9994,0.9995,0.9996,0.9997,0.9998,0.9999,1,636,2397,849,193,930,901,817,897,961,1876,413,1977,14356,2014,1414,3680,1481,1173,493,1114
202,0.999,0.9989,0.9988,0.9987,0.9986,0.9985,0.9984,0.9983,0.9982,0.9981,0.9991,0.9992,0.9993,0.9994,0.9995,0.9996,0.9997,0.9998,0.9999,1,636,2397,849,193,930,901,817,897,961,1876,260,1977,14356,2014,1414,3680,1481,1173,493,1114
203,0.999,0.9989,0.9988,0.9987,0.9986,0.9985,0.9984,0.9983,0.9982,0.9981,0.9991,0.9992,0.9993,0.9994,0.9995,0.9996,0.9997,0.9998,0.9999,1,636,2397,849,193,930,901,817,897,961,1876,260,1977,14356,2014,1414,3680,1481,1173,493,1114
204,0.999,0.9989,0.9988,0.9987,0.9986,0.9985,0.9984,0.9983,0.9982,0.9981,0.9991,0.9992,0.9993,0.9994,0.9995,0.9996,0.9997,0.9998,0.9999,1,636,2397,849,193,930,901,817,897,961,1876,219,1977,14356,2014,1414,3680,1481,1173,493,1114
205,0.9989,0.9988,0.9987,0.9986,0.9985,0.9984,0.9983,0.9982,0.9981,0.998,0.999,0.9991,0.9992,0.9993,0.9994,0.9995,0.9996,0.9997,0.9998,0.9999,1625,1893,12093,771,671,841,897,961,750,672964,2600,771,2141,2687,2197,1414,3656,1481,1173,493
206,0.9989,0.9988,0.9987,0.9986,0.9985,0.9984,0.9983,0.9982,0.9981,0.998,0.999,0.9991,0.9992,0.9993,0.9994,0.9995,0.9996,0.9997,0.9998,0.9999,1468,1850,12093,771,671,841,897,961,750,672964,200,1671,2141,2687,2197,1414,3656,1481,1173,493
207,0.9989,0.9988,0.9987,0.9986,0.9985,0.9984,0.9983,0.9982,0.9981,0.998,0.999,0.9991,0.9992,0.9993,0.9994,0.9995,0.9996,0.9997,0.9998,0.9999,1070,2448,12093,771,671,841,897,961,750,672964,2434,771,2141,2687,2197,1414,3656,1481,1173,493
208,0.999,0.9989,0.9988,0.9987,0.9986,0.9985,0.9984,0.9983,0.9982,0.9981,0.9991,0.9992,0.9993,0.9994,0.9995,0.9996,0.9997,0.9998,0.9999,1,612,2222,849,193,965,901,817,897,961,1876,1133,1977,14586,2514,1257,3680,1481,1173,493,1114
209,0.9989,0.9988,0.9987,0.9986,0.9985,0.9984,0.9983,0.9982,0.9981,0.998,0.999,0.9991,0.9992,0.9993,0.9994,0.9995,0.9996,0.9997,0.9998,0.9999,2713,1850,12093,771,671,841,897,916,750,672964,4,992,1977,2687,2244,1487,3656,1481,1173,493
210,0.9989,0.9988,0.9987,0.9986,0.9985,0.9984,0.9983,0.9982,0.9981,0.998,0.999,0.9991,0.9992,0.9993,0.9994,0.9995,0.9996,0.9997,0.9998,0.9999,2741,1850,12093,771,671,841,897,916,750,672964,4,992,1977,2687,2244,1487,3656,1481,1173,493
211,0.999,0.9989,0.9988,0.9987,0.9986,0.9985,0.9984,0.9983,0.9982,0.9981,0.9991,0.9992,0.9993,0.9994,0.9995,0.9996,0.9997,0.9998,0.9999,1,406,2417,724,193,938,901,817,897,916,1876,907,1977,14586,2014,1257,3680,1481,1173,493,1114
212,0.999,0.9989,0.9988,0.9987,0.9986,0.9985,0.9984,0.9983,0.9982,0.9981,0.9991,0.9992,0.9993,0.9994,0.9995,0.9996,0.9997,0.9998,0.9999,1,163,2417,724,193,938,901,817,897,916,1876,870,1977,14586,2014,1257,3680,1481,1173,493,1114
213,0.999,0.9989,0.9988,0.9987,0.9986,0.9985,0.9984,0.9983,0.9982,0.9981,0.9991,0.9992,0.9993,0.9994,0.9995,0.9996,0.9997,0.9998,0.9999,1,163,2417,724,193,938,901,817,897,916,1876,870,1977,14586,2014,1257,3680,1481,1173,493,1114
214,0.999,0.9989,0.9988,0.9987,0.9986,0.9985,0.9984,0.9983,0.9982,0.9981,0.9991,0.9992,0.9993,0.9994,0.9995,0.9996,0.9997,0.9998,0.9999,1,1138,2417,724,182,904,841,785,862,802,1852,870,1977,14586,2014,1257,3680,1481,1173,493,1114
215,0.999,0.9989,0.9988,0.9987,0.9986,0.9985,0.9984,0.9983,0.9982,0.9981,0.9991,0.9992,0.9993,0.9994,0.9995,0.9996,0.9997,0.9998,0.9999,1,1138,2417,724,182,904,841,785,862,802,1852,870,1977,14586,2014,1257,3680,1481,1173,493,1114
216,0.999,0.9989,0.9988,0.9987,0.9986,0.9985,0.9984,0.9983,0.9982,0.9981,0.9991,0.9992,0.9993,0.9994,0.9995,0.9996,0.9997,0.9998,0.9999,1,1138,2417,724,182,904,841,785,862,802,1852,870,1977,14586,2014,1257,3680,1481,1173,493,1114
217,0.999,0.9989,0.9988,0.9987,0.9986,0.9985,0.9984,0.9983,0.9982,0.9981,0.9991,0.9992,0.9993,0.9994,0.9995,0.9996,0.9997,0.9998,0.9999,1,1138,2417,724,182,904,841,785,862,802,1852,870,1977,14586,2014,1257,3680,1481,1173,493,1114
218,0.999,0.9989,0.9988,0.9987,0.9986,0.9985,0.9984,0.9983,0.9982,0.9981,0.9992,0.9993,0.9994,0.9995,0.9996,0.9997,0.9998,0.9999,1,1.0001,3381,919,724,341,904,841,785,862,802,1852,845,14356,2014,1257,3680,1505,1173,493,1114,1156
219,0.999,0.9989,0.9988,0.9987,0.9986,0.9985,0.9984,0.9983,0.9982,0.9981,0.9992,0.9993,0.9994,0.9995,0.9996,0.9997,0.9998,0.9999,1,1.0001,3506,794,849,341,904,841,785,862,802,1852,845,14356,2514,1257,3680,1505,1173,493,1114,1156
220,0.999,0.9989,0.9988,0.9987,0.9986,0.9985,0.9984,0.9983,0.9982,0.9981,0.9992,0.9993,0.9994,0.9995,0.9996,0.9997,0.9998,0.9999,1,1.0001,3506,794,849,341,904,841,785,862,802,1852,845,14356,2514,1257,3680,1505,1173,493,1114,1156
221,0.999,0.9989,0.9988,0.9987,0.9986,0.9985,0.9984,0.9983,0.9982,0.9981,0.9992,0.9993,0.9994,0.9995,0.9996,0.9997,0.9998,0.9999,1,1.0001,3506,794,849,341,904,841,785,862,802,1852,845,14356,2514,1257,3680,1505,1173,493,1114,1156
222,0.999,0.9989,0.9988,0.9987,0.9986,0.9985,0.9984,0.9983,0.9982,0.9981,0.9992,0.9993,0.9994,0.9995,0.9996,0.9997,0.9998,0.9999,1,1.0001,3506,794,849,341,904,841,785,862,802,1852,845,14356,2514,1257,3680,1505,1173,493,1114,1156
223,0.999,0.9989,0.9988,0.9987,0.9986,0.9985,0.9984,0.9983,0.9982,0.9981,0.9992,0.9993,0.9994,0.9995,0.9996,0.9997,0.9998,0.9999,1,1.0001,3506,794,849,341,904,841,785,862,802,1852,845,14356,2514,1257,3680,1505,1173,493,1114,1156
224,0.999,0.9989,0.9988,0.9987,0.9986,0.9985,0.9984,0.9983,0.9982,0.9981,0.9992,0.9993,0.9994,0.9995,0.9996,0.9997,0.9998,0.9999,1,1.0001,3506,804,849,341,904,841,785,862,802,1852,845,14356,2514,1257,3680,1505,1173,493,1114,1156
225,0.999,0.9989,0.9988,0.9987,0.9986,0.9985,0.9984,0.9983,0.9982,0.9981,0.9992,0.9993,0.9994,0.9995,0.9996,0.9997,0.9998,0.9999,1,1.0001,3506,804,849,341,904,841,785,862,802,1852,845,14356,2514,1257,3680,1505,1173,493,1114,1156
226,0.999,0.9989,0.9988,0.9987,0.9986,0.9985,0.9984,0.9983,0.9982,0.9981,0.9992,0.9993,0.9994,0.9995,0.9996,0.9997,0.9998,0.9999,1,1.0001,3506,804,849,341,904,841,785,862,802,1852,845,14356,2514,1257,3680,1505,1173,493,1114,1156
227,0.999,0.9989,0.9988,0.9987,0.9986,0.9985,0.9984,0.9983,0.9982,0.9981,0.9992,0.9993,0.9994,0.9995,0.9996,0.9997,0.9998,0.9999,1,1.0001,3506,804,849,341,904,841,785,862,802,1852,845,14356,2514,1257,3680,1505,1173,493,1114,1156
228,0.999,0.9989,0.9988,0.9987,0.9986,0.9985,0.9984,0.9983,0.9982,0.9981,0.9992,0.9993,0.9994,0.9995,0.9996,0.9997,0.9998,0.9999,1,1.0001,3506,804,849,341,904,841,785,862,802,1852,845,14356,2514,1257,3680,1505,1173,493,1114,1156
229,0.999,0.9989,0.9988,0.9987,0.9986,0.9985,0.9984,0.9983,0.9982,0.9981,0.9992,0.9993,0.9994,0.9995,0.9996,0.9997,0.9998,0.9999,1,1.0001,3506,847,862,374,945,859,864,896,915,1874,845,14356,2514,1257,3680,1505,1173,493,1114,1156
230,0.999,0.9989,0.9988,0.9987,0.9986,0.9985,0.9984,0.9983,0.9982,0.9981,0.9992,0.9993,0.9994,0.9995,0.9996,0.9997,0.9998,0.9999,1,1.0001,3506,847,862,374,945,859,864,896,915,1874,845,14356,2514,1257,3680,1505,1173,493,1114,1156
231,0.999,0.9989,0.9988,0.9987,0.9986,0.9985,0.9984,0.9983,0.9982,0.9981,0.9992,0.9993,0.9994,0.9995,0.9996,0.9997,0.9998,0.9999,1,1.0001,3506,847,862,374,945,859,864,896,915,1874,845,14356,2514,1257,3680,1505,1173,493,1114,1156
232,0.999,0.9989,0.9988,0.9987,0.9986,0.9985,0.9984,0.9983,0.9982,0.9981,0.9992,0.9993,0.9994,0.9995,0.9996,0.9997,0.9998,0.9999,1,1.0001,3506,847,862,374,945,859,864,896,915,1874,845,14356,2514,1257,3680,1505,1173,493,1114,1156
233,0.999,0.9989,0.9988,0.9987,0.9986,0.9985,0.9984,0.9983,0.9982,0.9981,0.9992,0.9993,0.9994,0.9995,0.9996,0.9997,0.9998,0.9999,1,1.0001,3506,847,862,374,945,859,864,896,915,1874,845,14356,2514,1257,3680,1505,1173,493,1114,1156
234,0.999,0.9989,0.9988,0.9987,0.9986,0.9985,0.9984,0.9983,0.9982,0.9981,0.9992,0.9993,0.9994,0.9995,0.9996,0.9997,0.9998,0.9999,1,1.0001,3506,847,862,374,945,859,864,896,915,748,845,14356,2514,1257,3680,1505,1173,493,1114,1156
235,0.999,0.9989,0.9988,0.9987,0.9986,0.9985,0.9984,0.9983,0.9982,0.9981,0.9992,0.9993,0.9994,0.9995,0.9996,0.9997,0.9998,0.9999,1,1.0001,4005,847,862,374,945,859,864,896,915,1874,944,14356,2514,1257,3680,1505,1173,493,1114,1156
236,0.9991,0.999,0.9989,0.9988,0.9987,0.9986,0.9985,0.9984,0.9983,0.9982,0.9992,0.9993,0.9994,0.9995,0.9996,0.9997,0.9998,0.9999,1,1.0001,976,3784,847,862,374,945,835,864,2022,915,944,14356,2514,1257,3680,1505,1173,493,1114,1156
237,0.9991,0.999,0.9989,0.9988,0.9987,0.9986,0.9985,0.9984,0.9983,0.9982,0.9992,0.9993,0.9994,0.9995,0.9996,0.9997,0.9998,0.9999,1,1.0001,445,3784,647,662,929,945,835,864,896,2041,189,14356,2514,3257,3509,1505,1332,493,1114,1156
238,0.9991,0.999,0.9989,0.9988,0.9987,0.9986,0.9985,0.9984,0.9983,0.9982,0.9992,0.9993,0.9994,0.9995,0.9996,0.9997,0.9998,0.9999,1,1.0001,445,3784,647,662,929,945,835,864,896,2041,189,14356,2514,3257,3509,1505,1332,493,1114,1156
239,0.9991,0.999,0.9989,0.9988,0.9987,0.9986,0.9985,0.9984,0.9983,0.9982,0.9992,0.9993,0.9994,0.9995,0.9996,0.9997,0.9998,0.9999,1,1.0001,445,3784,647,662,929,945,835,864,2022,915,189,14356,2514,2257,3509,1505,1332,493,1114,1156
240,0.9991,0.999,0.9989,0.9988,0.9987,0.9986,0.9985,0.9984,0.9983,0.9982,0.9992,0.9993,0.9994,0.9995,0.9996,0.9997,0.9998,0.9999,1,1.0001,445,3784,647,662,929,945,835,864,2022,915,189,14356,2514,2257,3509,1505,1332,493,1114,1156
241,0.9991,0.999,0.9989,0.9988,0.9987,0.9986,0.9985,0.9984,0.9983,0.9982,0.9992,0.9993,0.9994,0.9995,0.9996,0.9997,0.9998,0.9999,1,1.0001,445,3784,647,662,929,945,835,864,2022,915,189,14356,2514,2257,3509,1505,1332,493,1114,1156
242,0.9991,0.999,0.9989,0.9988,0.9987,0.9986,0.9985,0.9984,0.9983,0.9982,0.9992,0.9993,0.9994,0.9995,0.9996,0.9997,0.9998,0.9999,1,1.0001,445,3784,647,662,929,945,835,864,2022,915,189,14356,2514,2257,3509,1505,1332,493,1114,1156
243,0.9991,0.999,0.9989,0.9988,0.9987,0.9986,0.9985,0.9984,0.9983,0.9982,0.9992,0.9993,0.9994,0.9995,0.9996,0.9997,0.9998,0.9999,1,1.0001,445,3784,647,662,929,945,835,864,2022,915,189,14356,2514,2257,3509,1505,1332,493,1114,1156
244,0.9991,0.999,0.9989,0.9988,0.9987,0.9986,0.9985,0.9984,0.9983,0.9982,0.9992,0.9993,0.9994,0.9995,0.9996,0.9997,0.9998,0.9999,1,1.0001,398,3784,647,662,929,945,835,864,2022,915,236,14356,2514,2257,3509,1505,1332,493,1114,1156
245,0.9991,0.999,0.9989,0.9988,0.9987,0.9986,0.9985,0.9984,0.9983,0.9982,0.9992,0.9993,0.9994,0.9995,0.9996,0.9997,0.9998,0.9999,1,1.0001,398,3784,647,662,929,945,835,864,2022,915,236,14356,2514,2257,3509,1505,1332,493,1114,1156
246,0.999,0.9989,0.9988,0.9987,0.9986,0.9985,0.9984,0.9983,0.9982,0.9981,0.9992,0.9993,0.9994,0.9995,0.9996,0.9997,0.9998,0.9999,1,1.0001,3784,647,662,929,945,859,864,896,915,1874,434,14356,2514,2257,3706,1505,1332,493,1114,1156
247,0.999,0.9989,0.9988,0.9987,0.9986,0.9985,0.9984,0.9983,0.9982,0.9981,0.9991,0.9992,0.9993,0.9994,0.9995,0.9996,0.9997,0.9998,0.9999,1,2068,647,662,929,945,859,864,896,915,1874,435,1763,14356,2514,2424,3706,1481,1332,493,1114
248,0.9991,0.999,0.9989,0.9988,0.9987,0.9986,0.9985,0.9984,0.9983,0.9982,0.9992,0.9993,0.9994,0.9995,0.9996,0.9997,0.9998,0.9999,1,1.0001,14,1647,647,662,929,945,835,864,896,915,2146,14356,2514,2757,3706,1505,1332,493,1114,1156
249,0.999,0.9989,0.9988,0.9987,0.9986,0.9985,0.9984,0.9983,0.9982,0.9981,0.9991,0.9992,0.9993,0.9994,0.9995,0.9996,0.9997,0.9998,0.9999,1,623,1160,662,929,945,859,864,896,915,1874,1758,706,14356,2514,2430,3706,1481,1332,493,1114
250,0.999,0.9989,0.9988,0.9987,0.9986,0.9985,0.9984,0.9983,0.9982,0.9981,0.9991,0.9992,0.9993,0.9994,0.9995,0.9996,0.9997,0.9998,0.9999,1,565,1285,537,929,945,859,864,896,915,1874,1831,706,14356,2014,2430,3706,1481,1332,493,1114
251,0.999,0.9989,0.9988,0.9987,0.9986,0.9985,0.9984,0.9983,0.9982,0.9981,0.9991,0.9992,0.9993,0.9994,0.9995,0.9996,0.9997,0.9998,0.9999,1,565,1285,537,929,945,859,864,896,915,1874,1831,706,14356,2014,2430,3706,1481,1332,493,1114
252,0.999,0.9989,0.9988,0.9987,0.9986,0.9985,0.9984,0.9983,0.9982,0.9981,0.9991,0.9992,0.9993,0.9994,0.9995,0.9996,0.9997,0.9998,0.9999,1,565,1285,537,929,945,859,864,896,915,1874,1831,706,14356,2014,2430,3706,1481,1332,493,1114
253,0.999,0.9989,0.9988,0.9987,0.9986,0.9985,0.9984,0.9983,0.9982,0.9981,0.9991,0.9992,0.9993,0.9994,0.9995,0.9996,0.9997,0.9998,0.9999,1,565,1285,537,929,945,859,864,896,915,1874,1831,706,14356,2014,2430,3706,1481,1332,493,1114
254,0.999,0.9989,0.9988,0.9987,0.9986,0.9985,0.9984,0.9983,0.9982,0.9981,0.9991,0.9992,0.9993,0.9994,0.9995,0.9996,0.9997,0.9998,0.9999,1,565,1285,537,929,945,859,864,896,915,1874,1831,706,14356,2014,2430,3706,1481,1332,493,1114
255,0.999,0.9989,0.9988,0.9987,0.9986,0.9985,0.9984,0.9983,0.9982,0.9981,0.9991,0.9992,0.9993,0.9994,0.9995,0.9996,0.9997,0.9998,0.9999,1,65,1064,758,1429,945,859,864,896,915,1874,1855,706,14356,2014,2430,3706,1481,1332,493,1114
256,0.999,0.9989,0.9988,0.9987,0.9986,0.9985,0.9984,0.9983,0.9982,0.9981,0.9991,0.9992,0.9993,0.9994,0.9995,0.9996,0.9997,0.9998,0.9999,1,65,1064,758,1429,945,859,864,896,915,1874,1855,706,14356,2014,2430,3706,1481,1332,493,1114
257,0.999,0.9989,0.9988,0.9987,0.9986,0.9985,0.9984,0.9983,0.9982,0.9981,0.9991,0.9992,0.9993,0.9994,0.9995,0.9996,0.9997,0.9998,0.9999,1,65,1064,758,1429,945,859,864,896,915,1874,1855,706,14356,2014,2430,3706,1481,1332,493,1114
258,0.999,0.9989,0.9988,0.9987,0.9986,0.9985,0.9984,0.9983,0.9982,0.9981,0.9991,0.9992,0.9993,0.9994,0.9995,0.9996,0.9997,0.9998,0.9999,1,65,1064,758,1429,945,859,864,896,915,1874,1855,706,14356,2014,2430,3706,1481,1332,493,1114
259,0.999,0.9989,0.9988,0.9987,0.9986,0.9985,0.9984,0.9983,0.9982,0.9981,0.9991,0.9992,0.9993,0.9994,0.9995,0.9996,0.9997,0.9998,0.9999,1,65,1064,758,1429,945,859,864,896,915,1874,1855,706,14356,2014,2430,3706,1481,1332,493,1114
260,0.999,0.9989,0.9988,0.9987,0.9986,0.9985,0.9984,0.9983,0.9982,0.9981,0.9991,0.9992,0.9993,0.9994,0.9995,0.9996,0.9997,0.9998,0.9999,1,65,1064,758,1429,945,859,864,896,915,1874,1855,706,14356,2014,2430,3706,1481,1332,493,1114
261,0.999,0.9989,0.9988,0.9987,0.9986,0.9985,0.9984,0.9983,0.9982,0.9981,0.9991,0.9992,0.9993,0.9994,0.9995,0.9996,0.9997,0.9998,0.9999,1,65,1064,758,1429,945,859,864,896,915,1874,1855,706,14356,2014,2430,3706,1481,1332,493,1114
262,0.999,0.9989,0.9988,0.9987,0.9986,0.9985,0.9984,0.9983,0.9982,0.9981,0.9991,0.9992,0.9993,0.9994,0.9995,0.9996,0.9997,0.9998,0.9999,1,65,1064,758,1429,945,859,864,896,915,1874,1855,706,14356,2014,2430,3706,1481,1332,493,1114
263,0.999,0.9989,0.9988,0.9987,0.9986,0.9985,0.9984,0.9983,0.9982,0.9981,0.9991,0.9992,0.9993,0.9994,0.9995,0.9996,0.9997,0.9998,0.9999,1,1,1064,758,1270,945,859,864,896,915,1874,1855,706,14356,2014,2430,3706,1481,1332,493,1114
264,0.999,0.9989,0.9988,0.9987,0.9986,0.9985,0.9984,0.9983,0.9982,0.9981,0.9991,0.9992,0.9993,0.9994,0.9995,0.9996,0.9997,0.9998,0.9999,1,1,1064,758,1270,945,859,864,896,915,1874,1855,706,14356,2014,2430,3706,1481,1332,493,1114
265,0.999,0.9989,0.9988,0.9987,0.9986,0.9985,0.9984,0.9983,0.9982,0.9981,0.9991,0.9992,0.9993,0.9994,0.9995,0.9996,0.9997,0.9998,0.9999,1,1,1064,758,1270,945,859,864,896,915,1874,1855,706,14356,2014,2430,3706,1481,1332,493,1114
266,0.999,0.9989,0.9988,0.9987,0.9986,0.9985,0.9984,0.9983,0.9982,0.9981,0.9991,0.9992,0.9993,0.9994,0.9995,0.9996,0.9997,0.9998,0.9999,1,1,1064,758,1270,945,859,864,896,915,1874,1855,706,14356,2014,2430,3706,1481,1332,493,1114
267,0.999,0.9989,0.9988,0.9987,0.9986,0.9985,0.9984,0.9983,0.9982,0.9981,0.9991,0.9992,0.9993,0.9994,0.9995,0.9996,0.9997,0.9998,0.9999,1,1,1064,758,1270,945,859,864,896,915,1874,1855,706,14356,2014,2430,3706,1481,1332,493,1114
268,0.999,0.9989,0.9988,0.9987,0.9986,0.9985,0.9984,0.9983,0.9982,0.9981,0.9991,0.9992,0.9993,0.9994,0.9995,0.9996,0.9997,0.9998,0.9999,1,1,1064,758,1270,945,859,864,896,915,1874,1855,706,14356,2014,2430,3706,1481,1332,493,1114
269,0.999,0.9989,0.9988,0.9987,0.9986,0.9985,0.9984,0.9983,0.9982,0.9981,0.9991,0.9992,0.9993,0.9994,0.9995,0.9996,0.9997,0.9998,0.9999,1,1,1064,758,1270,945,859,864,896,915,1874,1855,706,14356,2014,2430,3706,1481,1332,493,1114
270,0.999,0.9989,0.9988,0.9987,0.9986,0.9985,0.9984,0.9983,0.9982,0.9981,0.9991,0.9992,0.9993,0.9994,0.9995,0.9996,0.9997,0.9998,0.9999,1,411,2251,537,1270,1007,859,864,896,915,1874,649,706,14356,2014,2430,3706,1481,1332,493,1114
271,0.999,0.9989,0.9988,0.9987,0.9986,0.9985,0.9984,0.9983,0.9982,0.9981,0.9991,0.9992,0.9993,0.9994,0.9995,0.9996,0.9997,0.9998,0.9999,1,221,2251,537,1270,1007,859,864,896,915,1874,659,706,14356,2014,2430,3706,1481,1332,493,1114
272,0.999,0.9989,0.9988,0.9987,0.9986,0.9985,0.9984,0.9983,0.9982,0.9981,0.9991,0.9992,0.9993,0.9994,0.9995,0.9996,0.9997,0.9998,0.9999,1,102,2251,537,1270,1007,859,864,896,915,1874,659,825,14356,2014,2430,3706,1481,1332,493,1114
273,0.999,0.9989,0.9988,0.9987,0.9986,0.9985,0.9984,0.9983,0.9982,0.9981,0.9991,0.9992,0.9993,0.9994,0.9995,0.9996,0.9997,0.9998,0.9999,1,102,2251,537,1270,1007,859,864,896,915,1874,659,825,14356,2014,2430,3706,1481,1332,493,1114
274,0.999,0.9989,0.9988,0.9987,0.9986,0.9985,0.9984,0.9983,0.9982,0.9981,0.9991,0.9992,0.9993,0.9994,0.9995,0.9996,0.9997,0.9998,0.9999,1,102,2251,537,1270,966,859,816,896,878,1874,659,825,14356,2014,2430,3706,1481,1332,493,1114
275,0.999,0.9989,0.9988,0.9987,0.9986,0.9985,0.9984,0.9983,0.9982,0.9981,0.9991,0.9992,0.9993,0.9994,0.9995,0.9996,0.9997,0.9998,0.9999,1,102,2251,537,1270,966,859,816,896,878,1874,659,825,14356,2014,2430,3706,1481,1332,493,1114
276,0.999,0.9989,0.9988,0.9987,0.9986,0.9985,0.9984,0.9983,0.9982,0.9981,0.9991,0.9992,0.9993,0.9994,0.9995,0.9996,0.9997,0.9998,0.9999,1,102,2251,537,1270,966,859,816,896,878,1874,659,825,14356,2014,2430,3706,1481,1332,493,1114
277,0.999,0.9989,0.9988,0.9987,0.9986,0.9985,0.9984,0.9983,0.9982,0.9981,0.9991,0.9992,0.9993,0.9994,0.9995,0.9996,0.9997,0.9998,0.9999,1,85,2251,537,1270,966,859,816,896,878,1874,659,842,14356,2014,2430,3706,1481,1332,493,1114
278,0.999,0.9989,0.9988,0.9987,0.9986,0.9985,0.9984,0.9983,0.9982,0.9981,0.9991,0.9992,0.9993,0.9994,0.9995,0.9996,0.9997,0.9998,0.9999,1,71,2251,537,1270,966,859,816,896,878,1874,659,856,14356,2014,2430,3706,1481,1332,493,1114
279,0.999,0.9989,0.9988,0.9987,0.9986,0.9985,0.9984,0.9983,0.9982,0.9981,0.9991,0.9992,0.9993,0.9994,0.9995,0.9996,0.9997,0.9998,0.9999,1,57,2251,537,1270,966,859,816,896,878,1874,659,870,14356,2014,2430,3706,1481,1332,493,1114
280,0.9989,0.9988,0.9987,0.9986,0.9985,0.9984,0.9983,0.9982,0.9981,0.998,0.999,0.9991,0.9992,0.9993,0.9994,0.9995,0.9996,0.9997,0.9998,0.9999,2300,1696,13170,737,597,840,896,878,748,672964,121,659,878,2670,2185,2430,3682,1481,1332,493
281,0.9989,0.9988,0.9987,0.9986,0.9985,0.9984,0.9983,0.9982,0.9981,0.998,0.9991,0.9992,0.9993,0.9994,0.9995,0.9996,0.9997,0.9998,0.9999,1,2368,570,1270,737,826,840,896,878,1874,672964,659,878,2670,2185,2430,3706,1481,1332,493,1114
282,0.9989,0.9988,0.9987,0.9986,0.9985,0.9984,0.9983,0.9982,0.9981,0.998,0.9991,0.9992,0.9993,0.9994,0.9995,0.9996,0.9997,0.9998,0.9999,1,2348,570,1270,737,826,840,896,878,1874,672964,659,878,2670,2185,2430,3706,1481,1332,493,1114
283,0.9989,0.9988,0.9987,0.9986,0.9985,0.9984,0.9983,0.9982,0.9981,0.998,0.9991,0.9992,0.9993,0.9994,0.9995,0.9996,0.9997,0.9998,0.9999,1,839,2068,1270,737,826,840,896,878,1874,672964,831,1706,2670,2185,2430,3706,1481,1332,493,1114
284,0.9989,0.9988,0.9987,0.9986,0.9985,0.9984,0.9983,0.9982,0.9981,0.998,0.9991,0.9992,0.9993,0.9994,0.9995,0.9996,0.9997,0.9998,0.9999,1,828,2068,13170,737,597,840,896,878,1874,672964,831,1706,2670,2185,2430,3706,1481,1332,493,1114
285,0.9989,0.9988,0.9987,0.9986,0.9985,0.9984,0.9983,0.9982,0.9981,0.998,0.9991,0.9992,0.9993,0.9994,0.9995,0.9996,0.9997,0.9998,0.9999,1,1939,2068,13170,737,597,840,896,878,748,672964,831,1706,2670,2185,2430,3706,1481,1332,493,1114
286,0.9989,0.9988,0.9987,0.9986,0.9985,0.9984,0.9983,0.9982,0.9981,0.998,0.9991,0.9992,0.9993,0.9994,0.9995,0.9996,0.9997,0.9998,0.9999,1,801,2068,1270,737,826,840,896,878,1874,672964,831,1706,2670,2185,2430,3706,1481,1332,493,1114
287,0.9989,0.9988,0.9987,0.9986,0.9985,0.9984,0.9983,0.9982,0.9981,0.998,0.9991,0.9992,0.9993,0.9994,0.9995,0.9996,0.9997,0.9998,0.9999,1,788,2068,1270,737,826,840,896,878,1874,672964,831,1706,2670,2185,2430,3706,1481,1332,493,1114
288,0.9989,0.9988,0.9987,0.9986,0.9985,0.9984,0.9983,0.9982,0.9981,0.998,0.9991,0.9992,0.9993,0.9994,0.9995,0.9996,0.9997,0.9998,0.9999,1,774,2068,1270,737,826,840,896,878,1874,672964,831,1706,2670,2185,2430,3706,1481,1332,493,1114
289,0.9989,0.9988,0.9987,0.9986,0.9985,0.9984,0.9983,0.9982,0.9981,0.998,0.9991,0.9992,0.9993,0.9994,0.9995,0.9996,0.9997,0.9998,0.9999,1,760,2068,1270,737,826,840,896,878,1874,672964,831,1706,2670,2185,2430,3706,1481,1332,493,1114
290,0.9989,0.9988,0.9987,0.9986,0.9985,0.9984,0.9983,0.9982,0.9981,0.998,0.9991,0.9992,0.9993,0.9994,0.9995,0.9996,0.9997,0.9998,0.9999,1,735,2068,1270,737,826,840,896,878,1874,672964,831,1706,2670,2185,2430,3706,1481,1332,493,1114
291,0.9989,0.9988,0.9987,0.9986,0.9985,0.9984,0.9983,0.9982,0.9981,0.998,0.9991,0.9992,0.9993,0.9994,0.9995,0.9996,0.9997,0.9998,0.9999,1,2215,586,1286,704,826,840,896,878,1874,672964,831,1706,2670,2185,2430,3706,1481,1332,493,1114
292,0.9989,0.9988,0.9987,0.9986,0.9985,0.9984,0.9983,0.9982,0.9981,0.998,0.9991,0.9992,0.9993,0.9994,0.9995,0.9996,0.9997,0.9998,0.9999,1,690,2084,1286,704,826,840,896,878,1874,672964,831,1706,2670,2185,2430,3706,1481,1332,493,1114
293,0.9989,0.9988,0.9987,0.9986,0.9985,0.9984,0.9983,0.9982,0.9981,0.998,0.9991,0.9992,0.9993,0.9994,0.9995,0.9996,0.9997,0.9998,0.9999,1,667,2084,1286,704,826,840,896,878,1874,672964,831,1706,2670,2185,2430,3706,1481,1332,493,1114
294,0.999,0.9989,0.9988,0.9987,0.9986,0.9985,0.9984,0.9983,0.9982,0.9981,0.9991,0.9992,0.9993,0.9994,0.9995,0.9996,0.9997,0.9998,0.9999,1,501,2095,586,1286,870,779,816,896,878,1874,876,1011,14569,2014,2257,3706,1481,1332,493,1114
295,0.999,0.9989,0.9988,0.9987,0.9986,0.9985,0.9984,0.9983,0.9982,0.9981,0.9991,0.9992,0.9993,0.9994,0.9995,0.9996,0.9997,0.9998,0.9999,1,867,2470,211,786,870,779,816,896,878,1874,1014,1511,14356,2514,2257,3509,1481,1332,493,1114
296,0.999,0.9989,0.9988,0.9987,0.9986,0.9985,0.9984,0.9983,0.9982,0.9981,0.9991,0.9992,0.9993,0.9994,0.9995,0.9996,0.9997,0.9998,0.9999,1,284,2470,211,786,870,779,816,896,878,1874,989,1511,14356,2514,2257,3694,1481,1332,493,1114
297,0.999,0.9989,0.9988,0.9987,0.9986,0.9985,0.9984,0.9983,0.9982,0.9981,0.9991,0.9992,0.9993,0.9994,0.9995,0.9996,0.9997,0.9998,0.9999,1,252,2470,211,786,870,779,816,896,878,1874,1189,1511,14356,2514,2257,3694,1481,1332,493,1114
298,0.999,0.9989,0.9988,0.9987,0.9986,0.9985,0.9984,0.9983,0.9982,0.9981,0.9991,0.9992,0.9993,0.9994,0.9995,0.9996,0.9997,0.9998,0.9999,1,192,2470,211,786,870,779,816,896,878,1874,1189,1511,14356,2514,2257,3694,1481,1332,493,1114
299,0.999,0.9989,0.9988,0.9987,0.9986,0.9985,0.9984,0.9983,0.9982,0.9981,0.9991,0.9992,0.9993,0.9994,0.9995,0.9996,0.9997,0.9998,0.9999,1,156,2470,211,786,870,779,816,896,878,1874,1189,1511,14356,2514,2257,3694,1481,1332,493,1114
300,0.999,0.9989,0.9988,0.9987,0.9986,0.9985,0.9984,0.9983,0.9982,0.9981,0.9991,0.9992,0.9993,0.9994,0.9995,0.9996,0.9997,0.9998,0.9999,1,107,2470,211,786,870,779,816,896,878,1874,1221,1511,14356,2514,2430,3694,1481,1332,493,1114
301,0.999,0.9989,0.9988,0.9987,0.9986,0.9985,0.9984,0.9983,0.9982,0.9981,0.9991,0.9992,0.9993,0.9994,0.9995,0.9996,0.9997,0.9998,0.9999,1,70,2470,211,786,870,779,816,896,878,1874,1468,1511,14356,2514,2430,3694,1481,1332,493,1114
302,0.999,0.9989,0.9988,0.9987,0.9986,0.9985,0.9984,0.9983,0.9982,0.9981,0.9991,0.9992,0.9993,0.9994,0.9995,0.9996,0.9997,0.9998,0.9999,1,25,972,2193,1270,903,779,816,896,878,1874,1503,1511,14356,2014,2430,3694,1481,1332,493,1114
303,0.9989,0.9988,0.9987,0.9986,0.9985,0.9984,0.9983,0.9982,0.9981,0.998,0.9991,0.9992,0.9993,0.9994,0.9995,0.9996,0.9997,0.9998,0.9999,1,2098,2193,13170,737,779,840,896,878,748,672964,1535,1511,2648,2219,2430,3694,1481,1332,493,1114
304,0.9989,0.9988,0.9987,0.9986,0.9985,0.9984,0.9983,0.9982,0.9981,0.998,0.9991,0.9992,0.9993,0.9994,0.9995,0.9996,0.9997,0.9998,0.9999,1,2058,2193,13170,737,597,840,896,878,748,672964,1402,1511,2648,2219,2430,3694,1481,1332,493,1114
305,0.9989,0.9988,0.9987,0.9986,0.9985,0.9984,0.9983,0.9982,0.9981,0.998,0.9991,0.9992,0.9993,0.9994,0.9995,0.9996,0.9997,0.9998,0.9999,1,2027,2193,13170,737,597,840,896,878,748,672964,1402,1511,2648,2219,2430,3694,1481,1332,493,1114
306,0.9989,0.9988,0.9987,0.9986,0.9985,0.9984,0.9983,0.9982,0.9981,0.998,0.9991,0.9992,0.9993,0.9994,0.9995,0.9996,0.9997,0.9998,0.9999,1,874,2193,1270,737,826,840,896,878,1874,672964,1402,1511,2648,2219,2430,3694,1481,1332,493,1114
307,0.9989,0.9988,0.9987,0.9986,0.9985,0.9984,0.9983,0.9982,0.9981,0.998,0.9991,0.9992,0.9993,0.9994,0.9995,0.9996,0.9997,0.9998,0.9999,1,844,2193,1270,737,826,840,896,878,1874,672964,1402,1511,2648,2219,2430,3694,1481,1332,493,1114
308,0.9989,0.9988,0.9987,0.9986,0.9985,0.9984,0.9983,0.9982,0.9981,0.998,0.9991,0.9992,0.9993,0.9994,0.9995,0.9996,0.9997,0.9998,0.9999,1,810,2193,1270,737,826,840,896,878,1874,672964,1402,1511,2648,2219,2430,3694,1481,1332,493,1114
309,0.9989,0.9988,0.9987,0.9986,0.9985,0.9984,0.9983,0.9982,0.9981,0.998,0.9991,0.9992,0.9993,0.9994,0.9995,0.9996,0.9997,0.9998,0.9999,1,776,2193,1270,737,826,840,896,878,1874,672964,1402,1511,2648,2219,2430,3694,1481,1332,493,1114
310,0.9991,0.999,0.9989,0.9988,0.9987,0.9986,0.9985,0.9984,0.9983,0.9982,0.9992,0.9993,0.9994,0.9995,0.9996,0.9997,0.9998,0.9999,1,1.0001,245,2147,777,695,935,966,802,816,896,878,754,14169,2514,2257,3509,1505,1332,493,1114,1156
