timestamp,bid_price_0,bid_price_1,bid_price_2,bid_price_3,bid_price_4,bid_price_5,bid_price_6,bid_price_7,bid_price_8,bid_price_9,ask_price_0,ask_price_1,ask_price_2,ask_price_3,ask_price_4,ask_price_5,ask_price_6,ask_price_7,ask_price_8,ask_price_9,bid_size_0,bid_size_1,bid_size_2,bid_size_3,bid_size_4,bid_size_5,bid_size_6,bid_size_7,bid_size_8,bid_size_9,ask_size_0,ask_size_1,ask_size_2,ask_size_3,ask_size_4,ask_size_5,ask_size_6,ask_size_7,ask_size_8,ask_size_9
0,0.999,0.9989,0.9988,0.9987,0.9986,0.9985,0.9984,0.9983,0.9982,0.9981,0.9991,0.9992,0.9993,0.9994,0.9995,0.9996,0.9997,0.9998,0.9999,1,2310,3062,1137,149,789,905,946,868,792,1852,9251,3177,3657,3714,1432,3686,1313,1173,493,1114
1,0.999,0.9989,0.9988,0.9987,0.9986,0.9985,0.9984,0.9983,0.9982,0.9981,0.9991,0.9992,0.9993,0.9994,0.9995,0.9996,0.9997,0.9998,0.9999,1,2310,3062,1137,149,789,905,946,868,792,1852,9251,3177,3657,3714,1432,3686,1313,1173,493,1114
2,0.999,0.9989,0.9988,0.9987,0.9986,0.9985,0.9984,0.9983,0.9982,0.9981,0.9991,0.9992,0.9993,0.9994,0.9995,0.9996,0.9997,0.9998,0.9999,1,2310,3062,1137,149,789,905,946,868,792,1852,9251,1977,3657,3714,1432,3686,1313,1173,493,1114
3,0.999,0.9989,0.9988,0.9987,0.9986,0.9985,0.9984,0.9983,0.9982,0.9981,0.9991,0.9992,0.9993,0.9994,0.9995,0.9996,0.9997,0.9998,0.9999,1,2310,3062,1137,149,789,905,946,868,792,1852,9251,1977,3657,3714,1432,3686,1313,1173,493,1114
4,0.999,0.9989,0.9988,0.9987,0.9986,0.9985,0.9984,0.9983,0.9982,0.9981,0.9991,0.9992,0.9993,0.9994,0.9995,0.9996,0.9997,0.9998,0.9999,1,2290,3062,1137,149,789,905,946,868,792,1852,10731,1977,3657,2514,1432,3686,1313,1173,493,1114
5,0.999,0.9989,0.9988,0.9987,0.9986,0.9985,0.9984,0.9983,0.9982,0.9981,0.9991,0.9992,0.9993,0.9994,0.9995,0.9996,0.9997,0.9998,0.9999,1,780,2222,1137,149,789,905,946,868,792,1852,11305,1977,3657,2014,1432,3686,1313,1173,493,1114
6,0.999,0.9989,0.9988,0.9987,0.9986,0.9985,0.9984,0.9983,0.9982,0.9981,0.9991,0.9992,0.9993,0.9994,0.9995,0.9996,0.9997,0.9998,0.9999,1,666,2222,1137,149,789,905,946,868,792,1852,11305,1977,3657,2014,1432,3686,1313,1173,493,1114
7,0.999,0.9989,0.9988,0.9987,0.9986,0.9985,0.9984,0.9983,0.9982,0.9981,0.9991,0.9992,0.9993,0.9994,0.9995,0.9996,0.9997,0.9998,0.9999,1,560,3222,1137,149,789,905,946,868,792,1852,11305,1977,3657,2014,1432,3686,1313,1173,493,1114
8,0.999,0.9989,0.9988,0.9987,0.9986,0.9985,0.9984,0.9983,0.9982,0.9981,0.9991,0.9992,0.9993,0.9994,0.9995,0.9996,0.9997,0.9998,0.9999,1,560,3232,1262,24,914,905,946,743,792,1852,11730,1977,3657,2014,1432,3686,1313,1173,493,1114
9,0.999,0.9989,0.9988,0.9987,0.9986,0.9985,0.9984,0.9983,0.9982,0.9981,0.9991,0.9992,0.9993,0.9994,0.9995,0.9996,0.9997,0.9998,0.9999,1,527,3232,1262,24,914,905,946,743,792,1852,11730,1977,3657,2014,1432,3686,1313,1173,493,1114
10,0.999,0.9989,0.9988,0.9987,0.9986,0.9985,0.9984,0.9983,0.9982,0.9981,0.9991,0.9992,0.9993,0.9994,0.9995,0.9996,0.9997,0.9998,0.9999,1,373,3232,1262,24,914,905,946,743,792,1852,11730,1977,3657,2014,1432,3686,1313,1173,493,1114
11,0.999,0.9989,0.9988,0.9987,0.9986,0.9985,0.9984,0.9983,0.9982,0.9981,0.9991,0.9992,0.9993,0.9994,0.9995,0.9996,0.9997,0.9998,0.9999,1,373,3232,1262,24,914,905,946,743,792,1852,11730,1977,3657,2014,1432,3686,1313,1173,493,1114
12,0.999,0.9989,0.9988,0.9987,0.9986,0.9985,0.9984,0.9983,0.9982,0.9981,0.9991,0.9992,0.9993,0.9994,0.9995,0.9996,0.9997,0.9998,0.9999,1,373,3232,1262,24,914,905,946,743,792,1852,11730,1977,3657,2014,1432,3686,1313,1173,493,1114
13,0.999,0.9989,0.9988,0.9987,0.9986,0.9985,0.9984,0.9983,0.9982,0.9981,0.9991,0.9992,0.9993,0.9994,0.9995,0.9996,0.9997,0.9998,0.9999,1,373,3232,1262,49,914,905,1002,836,1014,1925,11730,1977,3657,2014,1432,3686,1313,1173,493,1114
14,0.999,0.9989,0.9988,0.9987,0.9986,0.9985,0.9984,0.9983,0.9982,0.9981,0.9991,0.9992,0.9993,0.9994,0.9995,0.9996,0.9997,0.9998,0.9999,1,1873,3232,1262,49,914,905,1002,836,1014,1925,11730,1977,3657,2014,1432,3686,1313,1173,493,1114
15,0.999,0.9989,0.9988,0.9987,0.9986,0.9985,0.9984,0.9983,0.9982,0.9981,0.9991,0.9992,0.9993,0.9994,0.9995,0.9996,0.9997,0.9998,0.9999,1,373,3232,1262,49,914,905,1002,836,1014,1925,10230,1977,3657,2014,1432,3686,1313,1173,493,1114
16,0.999,0.9989,0.9988,0.9987,0.9986,0.9985,0.9984,0.9983,0.9982,0.9981,0.9991,0.9992,0.9993,0.9994,0.9995,0.9996,0.9997,0.9998,0.9999,1,373,3232,1262,49,914,905,1002,836,1014,1925,10230,1977,3657,2014,1432,3686,1313,1173,493,1114
17,0.999,0.9989,0.9988,0.9987,0.9986,0.9985,0.9984,0.9983,0.9982,0.9981,0.9991,0.9992,0.9993,0.9994,0.9995,0.9996,0.9997,0.9998,0.9999,1,373,3232,1262,49,914,905,1002,836,1014,1925,10230,1977,3657,2014,1432,3686,1313,1173,493,1114
18,0.999,0.9989,0.9988,0.9987,0.9986,0.9985,0.9984,0.9983,0.9982,0.9981,0.9991,0.9992,0.9993,0.9994,0.9995,0.9996,0.9997,0.9998,0.9999,1,373,3232,1262,49,914,905,1002,836,1014,1925,10417,1977,3657,2014,1432,3686,1313,1173,493,1114
19,0.999,0.9989,0.9988,0.9987,0.9986,0.9985,0.9984,0.9983,0.9982,0.9981,0.9991,0.9992,0.9993,0.9994,0.9995,0.9996,0.9997,0.9998,0.9999,1,373,3232,1262,49,914,905,1002,836,1014,1925,10417,1977,3657,2014,1432,3686,1313,1173,493,1114
20,0.999,0.9989,0.9988,0.9987,0.9986,0.9985,0.9984,0.9983,0.9982,0.9981,0.9991,0.9992,0.9993,0.9994,0.9995,0.9996,0.9997,0.9998,0.9999,1,373,3232,1262,49,914,905,1002,836,1014,1925,10417,1977,3657,2014,1432,3686,1313,1173,493,1114
21,0.999,0.9989,0.9988,0.9987,0.9986,0.9985,0.9984,0.9983,0.9982,0.9981,0.9991,0.9992,0.9993,0.9994,0.9995,0.9996,0.9997,0.9998,0.9999,1,373,3232,1262,49,914,905,1002,836,1014,1925,10417,1977,3657,2014,1432,3686,1313,1173,493,1114
22,0.999,0.9989,0.9988,0.9987,0.9986,0.9985,0.9984,0.9983,0.9982,0.9981,0.9991,0.9992,0.9993,0.9994,0.9995,0.9996,0.9997,0.9998,0.9999,1,373,3232,1262,49,914,905,1002,836,1014,1925,10292,1977,2457,3214,2632,4886,1313,1173,493,1114
23,0.999,0.9989,0.9988,0.9987,0.9986,0.9985,0.9984,0.9983,0.9982,0.9981,0.9991,0.9992,0.9993,0.9994,0.9995,0.9996,0.9997,0.9998,0.9999,1,488,3432,1262,549,737,905,1002,836,1014,1925,6704,1977,2457,2202,1432,3686,1313,2373,493,1114
24,0.999,0.9989,0.9988,0.9987,0.9986,0.9985,0.9984,0.9983,0.9982,0.9981,0.9991,0.9992,0.9993,0.9994,0.9995,0.9996,0.9997,0.9998,0.9999,1,89,3432,1262,549,910,905,1002,836,1014,1925,6178,1977,2457,2202,1432,3686,1313,1173,493,1114
25,0.999,0.9989,0.9988,0.9987,0.9986,0.9985,0.9984,0.9983,0.9982,0.9981,0.9991,0.9992,0.9993,0.9994,0.9995,0.9996,0.9997,0.9998,0.9999,1,89,3432,1262,549,910,905,1002,836,1014,1925,6178,1977,2457,2202,2632,3686,1313,1173,493,1114
26,0.999,0.9989,0.9988,0.9987,0.9986,0.9985,0.9984,0.9983,0.9982,0.9981,0.9991,0.9992,0.9993,0.9994,0.9995,0.9996,0.9997,0.9998,0.9999,1,89,3432,1262,549,910,905,1002,836,1014,1925,6178,1977,2457,2202,2632,3686,1313,1173,493,1114
27,0.999,0.9989,0.9988,0.9987,0.9986,0.9985,0.9984,0.9983,0.9982,0.9981,0.9991,0.9992,0.9993,0.9994,0.9995,0.9996,0.9997,0.9998,0.9999,1,89,3432,1262,549,910,905,1002,836,1014,1925,6178,1977,2457,2202,2632,3686,1313,1173,493,1114
28,0.999,0.9989,0.9988,0.9987,0.9986,0.9985,0.9984,0.9983,0.9982,0.9981,0.9991,0.9992,0.9993,0.9994,0.9995,0.9996,0.9997,0.9998,0.9999,1,89,3432,1262,549,910,905,1002,836,1014,1925,6551,1977,2457,2202,2632,3686,1313,1173,493,1114
29,0.999,0.9989,0.9988,0.9987,0.9986,0.9985,0.9984,0.9983,0.9982,0.9981,0.9991,0.9992,0.9993,0.9994,0.9995,0.9996,0.9997,0.9998,0.9999,1,89,3432,1262,549,910,905,1002,836,1014,1925,6540,1977,2457,2202,2632,3686,1313,1173,493,1114
30,0.999,0.9989,0.9988,0.9987,0.9986,0.9985,0.9984,0.9983,0.9982,0.9981,0.9991,0.9992,0.9993,0.9994,0.9995,0.9996,0.9997,0.9998,0.9999,1,89,3432,1262,549,910,905,1002,836,1014,1925,6540,1977,2457,2202,2632,3686,1313,1173,493,1114
31,0.999,0.9989,0.9988,0.9987,0.9986,0.9985,0.9984,0.9983,0.9982,0.9981,0.9991,0.9992,0.9993,0.9994,0.9995,0.9996,0.9997,0.9998,0.9999,1,89,3432,1262,549,910,905,1002,836,1014,1925,6511,1977,2457,2202,2632,3686,1313,1173,493,1114
32,0.999,0.9989,0.9988,0.9987,0.9986,0.9985,0.9984,0.9983,0.9982,0.9981,0.9991,0.9992,0.9993,0.9994,0.9995,0.9996,0.9997,0.9998,0.9999,1,89,3432,1262,549,910,905,1002,836,1014,1925,6234,1977,2457,2202,2632,3686,1313,1173,493,1114
33,0.999,0.9989,0.9988,0.9987,0.9986,0.9985,0.9984,0.9983,0.9982,0.9981,0.9991,0.9992,0.9993,0.9994,0.9995,0.9996,0.9997,0.9998,0.9999,1,89,3432,1262,549,910,905,1002,836,1014,1925,6234,1977,2457,2202,2632,3686,1313,1173,493,1114
34,0.9989,0.9988,0.9987,0.9986,0.9985,0.9984,0.9983,0.9982,0.9981,0.998,0.999,0.9991,0.9992,0.9993,0.9994,0.9995,0.9996,0.9997,0.9998,0.9999,2609,2760,549,737,905,1026,836,1014,1925,672964,3264,6102,1977,1957,2202,1432,3662,1313,1173,493
35,0.9989,0.9988,0.9987,0.9986,0.9985,0.9984,0.9983,0.9982,0.9981,0.998,0.999,0.9991,0.9992,0.9993,0.9994,0.9995,0.9996,0.9997,0.9998,0.9999,745,2687,549,737,968,1026,836,1014,1925,672964,1036,4255,1977,2689,2202,1432,3656,1313,1173,493
36,0.9989,0.9988,0.9987,0.9986,0.9985,0.9984,0.9983,0.9982,0.9981,0.998,0.9991,0.9992,0.9993,0.9994,0.9995,0.9996,0.9997,0.9998,0.9999,1,745,2687,549,969,968,1026,836,1014,1925,672964,3653,1977,2457,2202,1432,3680,1313,1173,493,1114
37,0.9989,0.9988,0.9987,0.9986,0.9985,0.9984,0.9983,0.9982,0.9981,0.998,0.9991,0.9992,0.9993,0.9994,0.9995,0.9996,0.9997,0.9998,0.9999,1,1145,2687,549,969,968,1026,836,1014,1925,672964,3653,1977,2457,2202,1432,3680,1313,1173,493,1114
38,0.9987,0.9986,0.9985,0.9984,0.9983,0.9982,0.9981,0.998,0.9979,0.9978,0.9988,0.9989,0.999,0.9991,0.9992,0.9993,0.9994,0.9995,0.9996,0.9997,13440,1112,736,793,672,1038,1925,672964,561,555,524,289,755,2755,1707,2189,2178,1233,3656,1313
39,0.9987,0.9986,0.9985,0.9984,0.9983,0.9982,0.9981,0.998,0.9979,0.9978,0.9988,0.9989,0.999,0.9991,0.9992,0.9993,0.9994,0.9995,0.9996,0.9997,13464,1112,736,793,672,801,1925,672964,561,555,324,810,934,2755,1707,2189,2178,1233,3656,1313
40,0.9987,0.9986,0.9985,0.9984,0.9983,0.9982,0.9981,0.998,0.9979,0.9978,0.9988,0.9989,0.999,0.9991,0.9992,0.9993,0.9994,0.9995,0.9996,0.9997,13351,1112,736,793,672,801,1925,672964,561,555,438,685,1059,2755,1707,2189,3378,1233,3656,1313
41,0.9989,0.9988,0.9987,0.9986,0.9985,0.9984,0.9983,0.9982,0.9981,0.998,0.999,0.9991,0.9992,0.9993,0.9994,0.9995,0.9996,0.9997,0.9998,0.9999,2540,2222,12552,1112,736,1023,855,1007,799,672964,5,3025,1977,2689,2202,2673,4856,1313,1173,493
42,0.999,0.9989,0.9988,0.9987,0.9986,0.9985,0.9984,0.9983,0.9982,0.9981,0.9991,0.9992,0.9993,0.9994,0.9995,0.9996,0.9997,0.9998,0.9999,1,221,2022,849,524,929,966,999,855,1007,1925,2906,3177,15556,3214,1287,3680,1313,1173,493,1114
43,0.999,0.9989,0.9988,0.9987,0.9986,0.9985,0.9984,0.9983,0.9982,0.9981,0.9991,0.9992,0.9993,0.9994,0.9995,0.9996,0.9997,0.9998,0.9999,1,300,2022,849,524,929,966,979,855,1007,1925,2906,1977,14356,2014,1287,3680,1313,1173,493,1114
44,0.999,0.9989,0.9988,0.9987,0.9986,0.9985,0.9984,0.9983,0.9982,0.9981,0.9991,0.9992,0.9993,0.9994,0.9995,0.9996,0.9997,0.9998,0.9999,1,300,2022,849,524,929,966,979,855,1007,1925,2471,1977,14356,2014,1287,3680,1313,1173,493,1114
45,0.999,0.9989,0.9988,0.9987,0.9986,0.9985,0.9984,0.9983,0.9982,0.9981,0.9991,0.9992,0.9993,0.9994,0.9995,0.9996,0.9997,0.9998,0.9999,1,280,2022,849,524,929,966,979,855,1007,1925,2491,1977,14356,2014,1287,3680,1313,1173,493,1114
46,0.999,0.9989,0.9988,0.9987,0.9986,0.9985,0.9984,0.9983,0.9982,0.9981,0.9991,0.9992,0.9993,0.9994,0.9995,0.9996,0.9997,0.9998,0.9999,1,270,2022,849,524,929,966,979,855,1007,1925,2501,1977,14356,2014,1442,3680,1313,1173,493,1114
47,0.999,0.9989,0.9988,0.9987,0.9986,0.9985,0.9984,0.9983,0.9982,0.9981,0.9991,0.9992,0.9993,0.9994,0.9995,0.9996,0.9997,0.9998,0.9999,1,250,2022,849,524,929,966,979,855,1007,1925,2521,1977,14356,2014,1442,3680,1313,1173,493,1114
48,0.999,0.9989,0.9988,0.9987,0.9986,0.9985,0.9984,0.9983,0.9982,0.9981,0.9991,0.9992,0.9993,0.9994,0.9995,0.9996,0.9997,0.9998,0.9999,1,240,2032,849,524,929,966,979,855,1007,1925,2531,1977,14356,2014,1442,3680,1313,1173,493,1114
49,0.999,0.9989,0.9988,0.9987,0.9986,0.9985,0.9984,0.9983,0.9982,0.9981,0.9991,0.9992,0.9993,0.9994,0.9995,0.9996,0.9997,0.9998,0.9999,1,428,2032,849,524,929,966,979,855,1007,1925,2943,1977,14356,2014,1442,3680,1313,1173,493,1114
50,0.999,0.9989,0.9988,0.9987,0.9986,0.9985,0.9984,0.9983,0.9982,0.9981,0.9991,0.9992,0.9993,0.9994,0.9995,0.9996,0.9997,0.9998,0.9999,1,189,2032,849,524,929,966,979,855,1007,1925,2983,1977,14356,2014,1442,3680,1313,1173,493,1114
51,0.999,0.9989,0.9988,0.9987,0.9986,0.9985,0.9984,0.9983,0.9982,0.9981,0.9991,0.9992,0.9993,0.9994,0.9995,0.9996,0.9997,0.9998,0.9999,1,179,2032,849,524,929,966,979,855,1007,1925,3183,1977,14356,2014,1442,3680,1313,1173,493,1114
52,0.999,0.9989,0.9988,0.9987,0.9986,0.9985,0.9984,0.9983,0.9982,0.9981,0.9991,0.9992,0.9993,0.9994,0.9995,0.9996,0.9997,0.9998,0.9999,1,169,2032,849,524,929,966,979,855,1007,1925,3183,1977,14356,2014,1442,3680,1313,1173,493,1114
53,0.999,0.9989,0.9988,0.9987,0.9986,0.9985,0.9984,0.9983,0.9982,0.9981,0.9991,0.9992,0.9993,0.9994,0.9995,0.9996,0.9997,0.9998,0.9999,1,169,2032,849,524,929,966,979,855,1007,1925,3183,1977,14356,2014,1442,3680,1313,1173,493,1114
54,0.999,0.9989,0.9988,0.9987,0.9986,0.9985,0.9984,0.9983,0.9982,0.9981,0.9991,0.9992,0.9993,0.9994,0.9995,0.9996,0.9997,0.9998,0.9999,1,159,2032,849,524,929,966,979,855,1007,1925,3183,1977,14356,2014,1442,3680,1313,1173,493,1114
55,0.999,0.9989,0.9988,0.9987,0.9986,0.9985,0.9984,0.9983,0.9982,0.9981,0.9991,0.9992,0.9993,0.9994,0.9995,0.9996,0.9997,0.9998,0.9999,1,159,2032,849,524,929,966,979,855,1007,1925,3183,1977,14356,2014,1442,3680,1313,1173,493,1114
56,0.999,0.9989,0.9988,0.9987,0.9986,0.9985,0.9984,0.9983,0.9982,0.9981,0.9991,0.9992,0.9993,0.9994,0.9995,0.9996,0.9997,0.9998,0.9999,1,159,2032,849,524,929,966,979,855,1007,1925,3183,1977,14356,2014,1442,3680,1313,1173,493,1114
57,0.999,0.9989,0.9988,0.9987,0.9986,0.9985,0.9984,0.9983,0.9982,0.9981,0.9991,0.9992,0.9993,0.9994,0.9995,0.9996,0.9997,0.9998,0.9999,1,40,534,2347,524,929,966,979,855,1007,1925,3183,1977,14356,2014,1442,3680,1313,1173,493,1114
58,0.999,0.9989,0.9988,0.9987,0.9986,0.9985,0.9984,0.9983,0.9982,0.9981,0.9991,0.9992,0.9993,0.9994,0.9995,0.9996,0.9997,0.9998,0.9999,1,40,534,2347,524,929,966,979,855,1007,1925,3183,1977,14356,2014,1442,3680,1313,1173,493,1114
59,0.999,0.9989,0.9988,0.9987,0.9986,0.9985,0.9984,0.9983,0.9982,0.9981,0.9991,0.9992,0.9993,0.9994,0.9995,0.9996,0.9997,0.9998,0.9999,1,40,534,2347,524,929,966,979,855,1007,1925,3183,1977,14356,2014,1442,3680,1313,1173,493,1114
60,0.999,0.9989,0.9988,0.9987,0.9986,0.9985,0.9984,0.9983,0.9982,0.9981,0.9991,0.9992,0.9993,0.9994,0.9995,0.9996,0.9997,0.9998,0.9999,1,40,534,2347,524,929,966,979,855,1007,1925,3142,1977,14356,2014,1442,3680,1313,1173,493,1114
61,0.999,0.9989,0.9988,0.9987,0.9986,0.9985,0.9984,0.9983,0.9982,0.9981,0.9991,0.9992,0.9993,0.9994,0.9995,0.9996,0.9997,0.9998,0.9999,1,40,534,2347,524,929,966,979,855,1007,1925,3142,1977,14356,2014,1442,3680,1313,1173,493,1114
62,0.999,0.9989,0.9988,0.9987,0.9986,0.9985,0.9984,0.9983,0.9982,0.9981,0.9991,0.9992,0.9993,0.9994,0.9995,0.9996,0.9997,0.9998,0.9999,1,40,534,2347,524,929,966,979,855,1007,1925,3142,1977,14356,2014,1442,3680,1313,1173,493,1114
63,0.999,0.9989,0.9988,0.9987,0.9986,0.9985,0.9984,0.9983,0.9982,0.9981,0.9991,0.9992,0.9993,0.9994,0.9995,0.9996,0.9997,0.9998,0.9999,1,40,534,2347,524,929,966,979,855,1007,1925,3142,1977,14356,2014,1442,3680,1313,1173,493,1114
64,0.999,0.9989,0.9988,0.9987,0.9986,0.9985,0.9984,0.9983,0.9982,0.9981,0.9991,0.9992,0.9993,0.9994,0.9995,0.9996,0.9997,0.9998,0.9999,1,40,534,2347,524,929,966,979,855,1007,1925,3142,1977,14356,2014,1442,3680,1313,1173,493,1114
65,0.999,0.9989,0.9988,0.9987,0.9986,0.9985,0.9984,0.9983,0.9982,0.9981,0.9991,0.9992,0.9993,0.9994,0.9995,0.9996,0.9997,0.9998,0.9999,1,40,534,2347,524,929,966,979,855,1007,1925,3142,1977,14356,2014,1442,3680,1313,1173,493,1114
66,0.999,0.9989,0.9988,0.9987,0.9986,0.9985,0.9984,0.9983,0.9982,0.9981,0.9991,0.9992,0.9993,0.9994,0.9995,0.9996,0.9997,0.9998,0.9999,1,1,534,2347,524,929,966,979,855,1007,1925,3142,1977,14356,2014,1442,3680,1313,1173,493,1114
67,0.999,0.9989,0.9988,0.9987,0.9986,0.9985,0.9984,0.9983,0.9982,0.9981,0.9991,0.9992,0.9993,0.9994,0.9995,0.9996,0.9997,0.9998,0.9999,1,1,534,2347,524,929,966,979,855,1007,1925,3142,1977,14356,2014,1442,3680,1313,1173,493,1114
68,0.999,0.9989,0.9988,0.9987,0.9986,0.9985,0.9984,0.9983,0.9982,0.9981,0.9991,0.9992,0.9993,0.9994,0.9995,0.9996,0.9997,0.9998,0.9999,1,1,534,2347,524,929,966,979,855,1007,1925,3142,1977,14356,2014,1442,3680,1313,1173,493,1114
69,0.999,0.9989,0.9988,0.9987,0.9986,0.9985,0.9984,0.9983,0.9982,0.9981,0.9991,0.9992,0.9993,0.9994,0.9995,0.9996,0.9997,0.9998,0.9999,1,1,534,2347,524,929,966,979,855,1007,1925,3142,1977,14356,2014,1442,3680,1313,1173,493,1114
70,0.999,0.9989,0.9988,0.9987,0.9986,0.9985,0.9984,0.9983,0.9982,0.9981,0.9991,0.9992,0.9993,0.9994,0.9995,0.9996,0.9997,0.9998,0.9999,1,1,534,2347,524,929,966,979,855,1007,1925,3142,1977,14356,2014,1442,3680,1313,1173,493,1114
71,0.999,0.9989,0.9988,0.9987,0.9986,0.9985,0.9984,0.9983,0.9982,0.9981,0.9991,0.9992,0.9993,0.9994,0.9995,0.9996,0.9997,0.9998,0.9999,1,1,534,2347,524,929,966,979,855,1007,1925,3142,1977,14356,2014,1442,3680,1313,1173,493,1114
72,0.999,0.9989,0.9988,0.9987,0.9986,0.9985,0.9984,0.9983,0.9982,0.9981,0.9991,0.9992,0.9993,0.9994,0.9995,0.9996,0.9997,0.9998,0.9999,1,1,534,2347,524,929,966,979,855,1007,1925,3142,1977,14356,2014,1442,3680,1313,1173,493,1114
73,0.999,0.9989,0.9988,0.9987,0.9986,0.9985,0.9984,0.9983,0.9982,0.9981,0.9991,0.9992,0.9993,0.9994,0.9995,0.9996,0.9997,0.9998,0.9999,1,1,534,2347,524,929,966,979,806,966,1925,3142,1977,14356,2014,1442,3680,1313,1173,493,1114
74,0.999,0.9989,0.9988,0.9987,0.9986,0.9985,0.9984,0.9983,0.9982,0.9981,0.9991,0.9992,0.9993,0.9994,0.9995,0.9996,0.9997,0.9998,0.9999,1,1,534,2347,524,929,966,979,806,966,1925,3142,1977,14356,2014,1442,3680,1313,1173,493,1114
75,0.999,0.9989,0.9988,0.9987,0.9986,0.9985,0.9984,0.9983,0.9982,0.9981,0.9991,0.9992,0.9993,0.9994,0.9995,0.9996,0.9997,0.9998,0.9999,1,1,534,2347,524,929,966,979,806,966,1925,3142,1977,14356,2014,1442,3680,1313,1173,493,1114
76,0.9989,0.9988,0.9987,0.9986,0.9985,0.9984,0.9983,0.9982,0.9981,0.998,0.9991,0.9992,0.9993,0.9994,0.9995,0.9996,0.9997,0.9998,0.9999,1,529,2347,557,929,966,970,806,966,1925,672964,3142,1977,2457,2244,1442,3680,1313,1173,493,1114
77,0.9989,0.9988,0.9987,0.9986,0.9985,0.9984,0.9983,0.9982,0.9981,0.998,0.9991,0.9992,0.9993,0.9994,0.9995,0.9996,0.9997,0.9998,0.9999,1,729,2347,557,737,966,970,806,966,1925,672964,3142,1977,2663,2244,1442,3680,1313,1173,493,1114
78,0.9989,0.9988,0.9987,0.9986,0.9985,0.9984,0.9983,0.9982,0.9981,0.998,0.9991,0.9992,0.9993,0.9994,0.9995,0.9996,0.9997,0.9998,0.9999,1,729,2347,557,737,966,970,806,966,1925,672964,3142,1977,2663,2244,1442,3680,1313,1173,493,1114
79,0.9989,0.9988,0.9987,0.9986,0.9985,0.9984,0.9983,0.9982,0.9981,0.998,0.9991,0.9992,0.9993,0.9994,0.9995,0.9996,0.9997,0.9998,0.9999,1,729,2347,557,737,966,970,806,966,1925,672964,3142,1977,2663,2244,1442,3680,1313,1173,493,1114
80,0.9989,0.9988,0.9987,0.9986,0.9985,0.9984,0.9983,0.9982,0.9981,0.998,0.9991,0.9992,0.9993,0.9994,0.9995,0.9996,0.9997,0.9998,0.9999,1,729,2347,557,737,966,970,806,966,1925,672964,3097,1977,2663,2244,1442,3680,1313,1173,493,1114
81,0.9989,0.9988,0.9987,0.9986,0.9985,0.9984,0.9983,0.9982,0.9981,0.998,0.9991,0.9992,0.9993,0.9994,0.9995,0.9996,0.9997,0.9998,0.9999,1,729,2347,557,737,966,970,806,966,1925,672964,3097,1977,2663,2244,1442,3680,1313,1173,493,1114
82,0.9989,0.9988,0.9987,0.9986,0.9985,0.9984,0.9983,0.9982,0.9981,0.998,0.9991,0.9992,0.9993,0.9994,0.9995,0.9996,0.9997,0.9998,0.9999,1,729,2347,557,737,966,970,806,966,1925,672964,3097,1977,2663,2244,1442,3680,1313,1173,493,1114
83,0.9989,0.9988,0.9987,0.9986,0.9985,0.9984,0.9983,0.9982,0.9981,0.998,0.9991,0.9992,0.9993,0.9994,0.9995,0.9996,0.9997,0.9998,0.9999,1,684,2347,557,737,966,970,806,966,1925,672964,3097,1977,2663,2244,1442,3680,1313,1173,493,1114
84,0.9989,0.9988,0.9987,0.9986,0.9985,0.9984,0.9983,0.9982,0.9981,0.998,0.9991,0.9992,0.9993,0.9994,0.9995,0.9996,0.9997,0.9998,0.9999,1,1810,2347,12457,737,736,970,806,966,799,672964,3097,1977,2663,2244,1442,3680,1313,1173,493,1114
85,0.9989,0.9988,0.9987,0.9986,0.9985,0.9984,0.9983,0.9982,0.9981,0.998,0.9991,0.9992,0.9993,0.9994,0.9995,0.9996,0.9997,0.9998,0.9999,1,684,2347,557,737,966,970,806,966,1925,672964,3097,1977,2663,2244,1442,3680,1313,1173,493,1114
86,0.9989,0.9988,0.9987,0.9986,0.9985,0.9984,0.9983,0.9982,0.9981,0.998,0.9991,0.9992,0.9993,0.9994,0.9995,0.9996,0.9997,0.9998,0.9999,1,684,2347,557,737,966,970,806,966,1925,672964,3097,1977,2663,2244,1442,3680,1313,1173,493,1114
87,0.9989,0.9988,0.9987,0.9986,0.9985,0.9984,0.9983,0.9982,0.9981,0.998,0.9991,0.9992,0.9993,0.9994,0.9995,0.9996,0.9997,0.9998,0.9999,1,684,2347,557,737,966,970,806,966,1925,672964,3097,1977,2663,2244,1442,3680,1313,1173,493,1114
88,0.9989,0.9988,0.9987,0.9986,0.9985,0.9984,0.9983,0.9982,0.9981,0.998,0.9991,0.9992,0.9993,0.9994,0.9995,0.9996,0.9997,0.9998,0.9999,1,684,2347,557,737,966,970,806,966,1925,672964,3097,1977,2663,2244,1442,3680,1313,1173,493,1114
89,0.9989,0.9988,0.9987,0.9986,0.9985,0.9984,0.9983,0.9982,0.9981,0.998,0.9991,0.9992,0.9993,0.9994,0.9995,0.9996,0.9997,0.9998,0.9999,1,1810,2347,12457,737,736,970,806,966,799,672964,3097,1977,2663,2244,1442,3680,1313,1173,493,1114
90,0.9989,0.9988,0.9987,0.9986,0.9985,0.9984,0.9983,0.9982,0.9981,0.998,0.9991,0.9992,0.9993,0.9994,0.9995,0.9996,0.9997,0.9998,0.9999,1,684,2347,557,737,966,970,806,966,1925,672964,3097,1977,2663,2244,1442,3680,1313,1173,493,1114
91,0.9989,0.9988,0.9987,0.9986,0.9985,0.9984,0.9983,0.9982,0.9981,0.998,0.9991,0.9992,0.9993,0.9994,0.9995,0.9996,0.9997,0.9998,0.9999,1,684,2347,557,737,966,970,806,966,1925,672964,3097,1977,2663,2244,1442,3680,1313,1173,493,1114
92,0.9989,0.9988,0.9987,0.9986,0.9985,0.9984,0.9983,0.9982,0.9981,0.998,0.9991,0.9992,0.9993,0.9994,0.9995,0.9996,0.9997,0.9998,0.9999,1,1810,2347,12457,737,736,970,806,966,799,672964,3097,1977,2663,2244,1442,3680,1313,1173,493,1114
93,0.9989,0.9988,0.9987,0.9986,0.9985,0.9984,0.9983,0.9982,0.9981,0.998,0.9991,0.9992,0.9993,0.9994,0.9995,0.9996,0.9997,0.9998,0.9999,1,684,2347,557,737,966,970,806,966,1925,672964,3097,1977,2663,2244,1442,3680,1313,1173,493,1114
94,0.9989,0.9988,0.9987,0.9986,0.9985,0.9984,0.9983,0.9982,0.9981,0.998,0.9991,0.9992,0.9993,0.9994,0.9995,0.9996,0.9997,0.9998,0.9999,1,1810,2347,12457,737,736,970,806,966,799,672964,3097,1977,2663,2244,1442,3680,1313,1173,493,1114
95,0.9989,0.9988,0.9987,0.9986,0.9985,0.9984,0.9983,0.9982,0.9981,0.998,0.9991,0.9992,0.9993,0.9994,0.9995,0.9996,0.9997,0.9998,0.9999,1,684,2347,557,737,966,970,806,966,1925,672964,3097,1977,2663,2244,1442,3680,1313,1173,493,1114
96,0.9989,0.9988,0.9987,0.9986,0.9985,0.9984,0.9983,0.9982,0.9981,0.998,0.9991,0.9992,0.9993,0.9994,0.9995,0.9996,0.9997,0.9998,0.9999,1,684,2347,557,737,966,970,806,966,1925,672964,3097,1977,2663,2244,1442,3680,1313,1173,493,1114
97,0.9989,0.9988,0.9987,0.9986,0.9985,0.9984,0.9983,0.9982,0.9981,0.998,0.9991,0.9992,0.9993,0.9994,0.9995,0.9996,0.9997,0.9998,0.9999,1,1810,2347,12457,737,736,970,806,966,799,672964,3097,1977,2663,2244,1442,3680,1313,1173,493,1114
98,0.9989,0.9988,0.9987,0.9986,0.9985,0.9984,0.9983,0.9982,0.9981,0.998,0.9991,0.9992,0.9993,0.9994,0.9995,0.9996,0.9997,0.9998,0.9999,1,684,2347,557,737,966,970,806,966,1925,672964,2679,1977,2663,2244,1442,3680,1313,1173,493,1114
99,0.9989,0.9988,0.9987,0.9986,0.9985,0.9984,0.9983,0.9982,0.9981,0.998,0.9991,0.9992,0.9993,0.9994,0.9995,0.9996,0.9997,0.9998,0.9999,1,884,2347,557,737,966,970,806,966,1925,672964,2679,1977,2663,2244,1442,3680,1313,1173,493,1114
100,0.9989,0.9988,0.9987,0.9986,0.9985,0.9984,0.9983,0.9982,0.9981,0.998,0.9991,0.9992,0.9993,0.9994,0.9995,0.9996,0.9997,0.9998,0.9999,1,884,2347,557,737,966,970,806,966,1925,672964,2679,1977,2663,2244,1442,3680,1313,1173,493,1114
101,0.9989,0.9988,0.9987,0.9986,0.9985,0.9984,0.9983,0.9982,0.9981,0.998,0.9991,0.9992,0.9993,0.9994,0.9995,0.9996,0.9997,0.9998,0.9999,1,884,2347,557,737,966,970,806,966,1925,672964,2679,1977,2663,2244,1442,3680,1313,1173,493,1114
102,0.9989,0.9988,0.9987,0.9986,0.9985,0.9984,0.9983,0.9982,0.9981,0.998,0.9991,0.9992,0.9993,0.9994,0.9995,0.9996,0.9997,0.9998,0.9999,1,884,2347,557,737,966,970,806,966,1925,672964,2654,1977,2663,2244,1442,3680,1313,1173,493,1114
103,0.9989,0.9988,0.9987,0.9986,0.9985,0.9984,0.9983,0.9982,0.9981,0.998,0.9991,0.9992,0.9993,0.9994,0.9995,0.9996,0.9997,0.9998,0.9999,1,884,2347,557,1112,966,946,762,785,1864,672964,2654,1977,2663,2244,1442,3680,1313,1173,493,1114
104,0.9989,0.9988,0.9987,0.9986,0.9985,0.9984,0.9983,0.9982,0.9981,0.998,0.9991,0.9992,0.9993,0.9994,0.9995,0.9996,0.9997,0.9998,0.9999,1,884,2347,557,1112,966,946,762,785,1864,672964,2654,1977,2663,2244,1442,3680,1313,1173,493,1114
105,0.9989,0.9988,0.9987,0.9986,0.9985,0.9984,0.9983,0.9982,0.9981,0.998,0.9991,0.9992,0.9993,0.9994,0.9995,0.9996,0.9997,0.9998,0.9999,1,2010,2347,12457,1112,736,946,762,785,738,672964,2654,1977,2663,2244,1442,3680,1313,1173,493,1114
106,0.9989,0.9988,0.9987,0.9986,0.9985,0.9984,0.9983,0.9982,0.9981,0.998,0.9991,0.9992,0.9993,0.9994,0.9995,0.9996,0.9997,0.9998,0.9999,1,884,2347,557,1112,966,946,762,785,1864,672964,2654,1977,2663,2244,1442,3680,1313,1173,493,1114
107,0.9989,0.9988,0.9987,0.9986,0.9985,0.9984,0.9983,0.9982,0.9981,0.998,0.9991,0.9992,0.9993,0.9994,0.9995,0.9996,0.9997,0.9998,0.9999,1,884,2347,557,1112,966,946,762,785,1864,672964,2654,1977,2663,2244,1442,3680,1313,1173,493,1114
108,0.9989,0.9988,0.9987,0.9986,0.9985,0.9984,0.9983,0.9982,0.9981,0.998,0.9991,0.9992,0.9993,0.9994,0.9995,0.9996,0.9997,0.9998,0.9999,1,884,2347,557,1112,966,946,762,785,1864,672964,2654,1977,2663,2244,1442,3680,1313,1173,493,1114
109,0.9989,0.9988,0.9987,0.9986,0.9985,0.9984,0.9983,0.9982,0.9981,0.998,0.9991,0.9992,0.9993,0.9994,0.9995,0.9996,0.9997,0.9998,0.9999,1,2010,2347,12457,1112,736,946,762,785,738,672964,2842,1977,2663,2244,1442,3680,1313,1173,493,1114
110,0.9989,0.9988,0.9987,0.9986,0.9985,0.9984,0.9983,0.9982,0.9981,0.998,0.9991,0.9992,0.9993,0.9994,0.9995,0.9996,0.9997,0.9998,0.9999,1,884,2347,557,1112,966,946,762,785,1864,672964,2842,1977,2663,2244,1442,3680,1313,1173,493,1114
111,0.9989,0.9988,0.9987,0.9986,0.9985,0.9984,0.9983,0.9982,0.9981,0.998,0.9991,0.9992,0.9993,0.9994,0.9995,0.9996,0.9997,0.9998,0.9999,1,884,2347,557,1112,966,946,762,785,1864,672964,2842,1977,2663,2244,1442,3680,1313,1173,493,1114
112,0.9989,0.9988,0.9987,0.9986,0.9985,0.9984,0.9983,0.9982,0.9981,0.998,0.9991,0.9992,0.9993,0.9994,0.9995,0.9996,0.9997,0.9998,0.9999,1,884,2347,557,1112,966,946,762,785,1864,672964,2842,1977,2663,2244,1442,3680,1313,1173,493,1114
113,0.9989,0.9988,0.9987,0.9986,0.9985,0.9984,0.9983,0.9982,0.9981,0.998,0.9991,0.9992,0.9993,0.9994,0.9995,0.9996,0.9997,0.9998,0.9999,1,884,2347,557,1112,966,946,762,785,1864,672964,2842,1977,2663,2244,1442,3680,1313,1173,493,1114
114,0.9989,0.9988,0.9987,0.9986,0.9985,0.9984,0.9983,0.9982,0.9981,0.998,0.9991,0.9992,0.9993,0.9994,0.9995,0.9996,0.9997,0.9998,0.9999,1,2010,2347,12457,1112,736,946,762,785,738,672964,2842,1977,2663,2244,1442,3680,1313,1173,493,1114
115,0.999,0.9989,0.9988,0.9987,0.9986,0.9985,0.9984,0.9983,0.9982,0.9981,0.9991,0.9992,0.9993,0.9994,0.9995,0.9996,0.9997,0.9998,0.9999,1,200,2382,849,557,1268,966,922,762,785,1864,2601,1977,14562,2014,1287,3680,1313,1173,493,1114
116,0.999,0.9989,0.9988,0.9987,0.9986,0.9985,0.9984,0.9983,0.9982,0.9981,0.9991,0.9992,0.9993,0.9994,0.9995,0.9996,0.9997,0.9998,0.9999,1,93,2382,849,557,1268,966,922,762,785,1864,2494,1977,14562,2014,1287,3680,1313,1173,493,1114
117,0.999,0.9989,0.9988,0.9987,0.9986,0.9985,0.9984,0.9983,0.9982,0.9981,0.9991,0.9992,0.9993,0.9994,0.9995,0.9996,0.9997,0.9998,0.9999,1,93,2382,849,557,1268,966,922,762,785,1864,2494,1977,14562,2014,1287,3680,1313,1173,493,1114
118,0.999,0.9989,0.9988,0.9987,0.9986,0.9985,0.9984,0.9983,0.9982,0.9981,0.9991,0.9992,0.9993,0.9994,0.9995,0.9996,0.9997,0.9998,0.9999,1,93,2408,849,557,893,966,999,834,925,1924,2494,1977,14562,2014,1287,3680,1313,1173,493,1114
119,0.999,0.9989,0.9988,0.9987,0.9986,0.9985,0.9984,0.9983,0.9982,0.9981,0.9991,0.9992,0.9993,0.9994,0.9995,0.9996,0.9997,0.9998,0.9999,1,93,2408,849,557,893,966,999,834,925,1924,2494,1977,14562,2014,1287,3680,1313,1173,493,1114
120,0.999,0.9989,0.9988,0.9987,0.9986,0.9985,0.9984,0.9983,0.9982,0.9981,0.9991,0.9992,0.9993,0.9994,0.9995,0.9996,0.9997,0.9998,0.9999,1,93,2408,849,557,893,966,999,834,925,1924,2494,1977,14562,2014,1287,3680,1313,1173,493,1114
121,0.999,0.9989,0.9988,0.9987,0.9986,0.9985,0.9984,0.9983,0.9982,0.9981,0.9991,0.9992,0.9993,0.9994,0.9995,0.9996,0.9997,0.9998,0.9999,1,93,2408,849,557,893,966,999,834,925,1924,2381,1977,14356,2014,1287,3680,1313,1173,493,1114
122,0.999,0.9989,0.9988,0.9987,0.9986,0.9985,0.9984,0.9983,0.9982,0.9981,0.9991,0.9992,0.9993,0.9994,0.9995,0.9996,0.9997,0.9998,0.9999,1,93,2408,849,557,893,966,999,834,925,1924,2381,1977,14356,2014,1287,3680,1313,1173,493,1114
123,0.999,0.9989,0.9988,0.9987,0.9986,0.9985,0.9984,0.9983,0.9982,0.9981,0.9991,0.9992,0.9993,0.9994,0.9995,0.9996,0.9997,0.9998,0.9999,1,93,2408,849,557,893,966,999,834,925,1924,6525,1977,14356,2014,1287,3680,1313,1173,493,1114
