timestamp,bid_price_0,bid_price_1,bid_price_2,bid_price_3,bid_price_4,bid_price_5,bid_price_6,bid_price_7,bid_price_8,bid_price_9,ask_price_0,ask_price_1,ask_price_2,ask_price_3,ask_price_4,ask_price_5,ask_price_6,ask_price_7,ask_price_8,ask_price_9,bid_size_0,bid_size_1,bid_size_2,bid_size_3,bid_size_4,bid_size_5,bid_size_6,bid_size_7,bid_size_8,bid_size_9,ask_size_0,ask_size_1,ask_size_2,ask_size_3,ask_size_4,ask_size_5,ask_size_6,ask_size_7,ask_size_8,ask_size_9
0,0.999,0.9989,0.9988,0.9987,0.9986,0.9985,0.9984,0.9983,0.9982,0.9981,0.9991,0.9992,0.9993,0.9994,0.9995,0.9996,0.9997,0.9998,0.9999,1,2310,3062,1137,149,789,905,946,868,792,1852,9251,3177,3657,3714,1432,3686,1313,1173,493,1114
1,0.999,0.9989,0.9988,0.9987,0.9986,0.9985,0.9984,0.9983,0.9982,0.9981,0.9991,0.9992,0.9993,0.9994,0.9995,0.9996,0.9997,0.9998,0.9999,1,2310,3062,1137,149,789,905,946,868,792,1852,9251,3177,3657,3714,1432,3686,1313,1173,493,1114
2,0.999,0.9989,0.9988,0.9987,0.9986,0.9985,0.9984,0.9983,0.9982,0.9981,0.9991,0.9992,0.9993,0.9994,0.9995,0.9996,0.9997,0.9998,0.9999,1,2310,3062,1137,149,789,905,946,868,792,1852,9251,1977,3657,3714,1432,3686,1313,1173,493,1114
3,0.999,0.9989,0.9988,0.9987,0.9986,0.9985,0.9984,0.9983,0.9982,0.9981,0.9991,0.9992,0.9993,0.9994,0.9995,0.9996,0.9997,0.9998,0.9999,1,2310,3062,1137,149,789,905,946,868,792,1852,9251,1977,3657,3714,1432,3686,1313,1173,493,1114
4,0.999,0.9989,0.9988,0.9987,0.9986,0.9985,0.9984,0.9983,0.9982,0.9981,0.9991,0.9992,0.9993,0.9994,0.9995,0.9996,0.9997,0.9998,0.9999,1,2290,3062,1137,149,789,905,946,868,792,1852,10731,1977,3657,2514,1432,3686,1313,1173,493,1114
5,0.999,0.9989,0.9988,0.9987,0.9986,0.9985,0.9984,0.9983,0.9982,0.9981,0.9991,0.9992,0.9993,0.9994,0.9995,0.9996,0.9997,0.9998,0.9999,1,780,2222,1137,149,789,905,946,868,792,1852,11305,1977,3657,2014,1432,3686,1313,1173,493,1114
6,0.999,0.9989,0.9988,0.9987,0.9986,0.9985,0.9984,0.9983,0.9982,0.9981,0.9991,0.9992,0.9993,0.9994,0.9995,0.9996,0.9997,0.9998,0.9999,1,666,2222,1137,149,789,905,946,868,792,1852,11305,1977,3657,2014,1432,3686,1313,1173,493,1114
7,0.999,0.9989,0.9988,0.9987,0.9986,0.9985,0.9984,0.9983,0.9982,0.9981,0.9991,0.9992,0.9993,0.9994,0.9995,0.9996,0.9997,0.9998,0.9999,1,560,3222,1137,149,789,905,946,868,792,1852,11305,1977,3657,2014,1432,3686,1313,1173,493,1114
8,0.999,0.9989,0.9988,0.9987,0.9986,0.9985,0.9984,0.9983,0.9982,0.9981,0.9991,0.9992,0.9993,0.9994,0.9995,0.9996,0.9997,0.9998,0.9999,1,560,3232,1262,24,914,905,946,743,792,1852,11730,1977,3657,2014,1432,3686,1313,1173,493,1114
9,0.999,0.9989,0.9988,0.9987,0.9986,0.9985,0.9984,0.9983,0.9982,0.9981,0.9991,0.9992,0.9993,0.9994,0.9995,0.9996,0.9997,0.9998,0.9999,1,527,3232,1262,24,914,905,946,743,792,1852,11730,1977,3657,2014,1432,3686,1313,1173,493,1114
10,0.999,0.9989,0.9988,0.9987,0.9986,0.9985,0.9984,0.9983,0.9982,0.9981,0.9991,0.9992,0.9993,0.9994,0.9995,0.9996,0.9997,0.9998,0.9999,1,373,3232,1262,24,914,905,946,743,792,1852,11730,1977,3657,2014,1432,3686,1313,1173,493,1114
11,0.999,0.9989,0.9988,0.9987,0.9986,0.9985,0.9984,0.9983,0.9982,0.9981,0.9991,0.9992,0.9993,0.9994,0.9995,0.9996,0.9997,0.9998,0.9999,1,373,3232,1262,24,914,905,946,743,792,1852,11730,1977,3657,2014,1432,3686,1313,1173,493,1114
12,0.999,0.9989,0.9988,0.9987,0.9986,0.9985,0.9984,0.9983,0.9982,0.9981,0.9991,0.9992,0.9993,0.9994,0.9995,0.9996,0.9997,0.9998,0.9999,1,373,3232,1262,24,914,905,946,743,792,1852,11730,1977,3657,2014,1432,3686,1313,1173,493,1114
13,0.999,0.9989,0.9988,0.9987,0.9986,0.9985,0.9984,0.9983,0.9982,0.9981,0.9991,0.9992,0.9993,0.9994,0.9995,0.9996,0.9997,0.9998,0.9999,1,373,3232,1262,49,914,905,1002,836,1014,1925,11730,1977,3657,2014,1432,3686,1313,1173,493,1114
14,0.999,0.9989,0.9988,0.9987,0.9986,0.9985,0.9984,0.9983,0.9982,0.9981,0.9991,0.9992,0.9993,0.9994,0.9995,0.9996,0.9997,0.9998,0.9999,1,1873,3232,1262,49,914,905,1002,836,1014,1925,11730,1977,3657,2014,1432,3686,1313,1173,493,1114
15,0.999,0.9989,0.9988,0.9987,0.9986,0.9985,0.9984,0.9983,0.9982,0.9981,0.9991,0.9992,0.9993,0.9994,0.9995,0.9996,0.9997,0.9998,0.9999,1,373,3232,1262,49,914,905,1002,836,1014,1925,10230,1977,3657,2014,1432,3686,1313,1173,493,1114
16,0.999,0.9989,0.9988,0.9987,0.9986,0.9985,0.9984,0.9983,0.9982,0.9981,0.9991,0.9992,0.9993,0.9994,0.9995,0.9996,0.9997,0.9998,0.9999,1,373,3232,1262,49,914,905,1002,836,1014,1925,10230,1977,3657,2014,1432,3686,1313,1173,493,1114
17,0.999,0.9989,0.9988,0.9987,0.9986,0.9985,0.9984,0.9983,0.9982,0.9981,0.9991,0.9992,0.9993,0.9994,0.9995,0.9996,0.9997,0.9998,0.9999,1,373,3232,1262,49,914,905,1002,836,1014,1925,10230,1977,3657,2014,1432,3686,1313,1173,493,1114
18,0.999,0.9989,0.9988,0.9987,0.9986,0.9985,0.9984,0.9983,0.9982,0.9981,0.9991,0.9992,0.9993,0.9994,0.9995,0.9996,0.9997,0.9998,0.9999,1,373,3232,1262,49,914,905,1002,836,1014,1925,10417,1977,3657,2014,1432,3686,1313,1173,493,1114
19,0.999,0.9989,0.9988,0.9987,0.9986,0.9985,0.9984,0.9983,0.9982,0.9981,0.9991,0.9992,0.9993,0.9994,0.9995,0.9996,0.9997,0.9998,0.9999,1,373,3232,1262,49,914,905,1002,836,1014,1925,10417,1977,3657,2014,1432,3686,1313,1173,493,1114
20,0.999,0.9989,0.9988,0.9987,0.9986,0.9985,0.9984,0.9983,0.9982,0.9981,0.9991,0.9992,0.9993,0.9994,0.9995,0.9996,0.9997,0.9998,0.9999,1,373,3232,1262,49,914,905,1002,836,1014,1925,10417,1977,3657,2014,1432,3686,1313,1173,493,1114
21,0.999,0.9989,0.9988,0.9987,0.9986,0.9985,0.9984,0.9983,0.9982,0.9981,0.9991,0.9992,0.9993,0.9994,0.9995,0.9996,0.9997,0.9998,0.9999,1,373,3232,1262,49,914,905,1002,836,1014,1925,10417,1977,3657,2014,1432,3686,1313,1173,493,1114
22,0.999,0.9989,0.9988,0.9987,0.9986,0.9985,0.9984,0.9983,0.9982,0.9981,0.9991,0.9992,0.9993,0.9994,0.9995,0.9996,0.9997,0.9998,0.9999,1,373,3232,1262,49,914,905,1002,836,1014,1925,10292,1977,2457,3214,2632,4886,1313,1173,493,1114
23,0.999,0.9989,0.9988,0.9987,0.9986,0.9985,0.9984,0.9983,0.9982,0.9981,0.9991,0.9992,0.9993,0.9994,0.9995,0.9996,0.9997,0.9998,0.9999,1,488,3432,1262,549,737,905,1002,836,1014,1925,6704,1977,2457,2202,1432,3686,1313,2373,493,1114
24,0.999,0.9989,0.9988,0.9987,0.9986,0.9985,0.9984,0.9983,0.9982,0.9981,0.9991,0.9992,0.9993,0.9994,0.9995,0.9996,0.9997,0.9998,0.9999,1,89,3432,1262,549,910,905,1002,836,1014,1925,6178,1977,2457,2202,1432,3686,1313,1173,493,1114
25,0.999,0.9989,0.9988,0.9987,0.9986,0.9985,0.9984,0.9983,0.9982,0.9981,0.9991,0.9992,0.9993,0.9994,0.9995,0.9996,0.9997,0.9998,0.9999,1,89,3432,1262,549,910,905,1002,836,1014,1925,6178,1977,2457,2202,2632,3686,1313,1173,493,1114
26,0.999,0.9989,0.9988,0.9987,0.9986,0.9985,0.9984,0.9983,0.9982,0.9981,0.9991,0.9992,0.9993,0.9994,0.9995,0.9996,0.9997,0.9998,0.9999,1,89,3432,1262,549,910,905,1002,836,1014,1925,6178,1977,2457,2202,2632,3686,1313,1173,493,1114
27,0.999,0.9989,0.9988,0.9987,0.9986,0.9985,0.9984,0.9983,0.9982,0.9981,0.9991,0.9992,0.9993,0.9994,0.9995,0.9996,0.9997,0.9998,0.9999,1,89,3432,1262,549,910,905,1002,836,1014,1925,6178,1977,2457,2202,2632,3686,1313,1173,493,1114
28,0.999,0.9989,0.9988,0.9987,0.9986,0.9985,0.9984,0.9983,0.9982,0.9981,0.9991,0.9992,0.9993,0.9994,0.9995,0.9996,0.9997,0.9998,0.9999,1,89,3432,1262,549,910,905,1002,836,1014,1925,6551,1977,2457,2202,2632,3686,1313,1173,493,1114
29,0.999,0.9989,0.9988,0.9987,0.9986,0.9985,0.9984,0.9983,0.9982,0.9981,0.9991,0.9992,0.9993,0.9994,0.9995,0.9996,0.9997,0.9998,0.9999,1,89,3432,1262,549,910,905,1002,836,1014,1925,6540,1977,2457,2202,2632,3686,1313,1173,493,1114
30,0.999,0.9989,0.9988,0.9987,0.9986,0.9985,0.9984,0.9983,0.9982,0.9981,0.9991,0.9992,0.9993,0.9994,0.9995,0.9996,0.9997,0.9998,0.9999,1,89,3432,1262,549,910,905,1002,836,1014,1925,6540,1977,2457,2202,2632,3686,1313,1173,493,1114
31,0.999,0.9989,0.9988,0.9987,0.9986,0.9985,0.9984,0.9983,0.9982,0.9981,0.9991,0.9992,0.9993,0.9994,0.9995,0.9996,0.9997,0.9998,0.9999,1,89,3432,1262,549,910,905,1002,836,1014,1925,6511,1977,2457,2202,2632,3686,1313,1173,493,1114
32,0.999,0.9989,0.9988,0.9987,0.9986,0.9985,0.9984,0.9983,0.9982,0.9981,0.9991,0.9992,0.9993,0.9994,0.9995,0.9996,0.9997,0.9998,0.9999,1,89,3432,1262,549,910,905,1002,836,1014,1925,6234,1977,2457,2202,2632,3686,1313,1173,493,1114
