timestamp,bid_price_0,bid_price_1,bid_price_2,bid_price_3,bid_price_4,bid_price_5,bid_price_6,bid_price_7,bid_price_8,bid_price_9,ask_price_0,ask_price_1,ask_price_2,ask_price_3,ask_price_4,ask_price_5,ask_price_6,ask_price_7,ask_price_8,ask_price_9,bid_size_0,bid_size_1,bid_size_2,bid_size_3,bid_size_4,bid_size_5,bid_size_6,bid_size_7,bid_size_8,bid_size_9,ask_size_0,ask_size_1,ask_size_2,ask_size_3,ask_size_4,ask_size_5,ask_size_6,ask_size_7,ask_size_8,ask_size_9
0,2046.16,2046.15,2046.13,2046.12,2046.11,2046.1,2046.09,2046.08,2046.07,2046.06,2046.17,2046.18,2046.19,2046.2,2046.21,2046.22,2046.24,2046.3,2046.31,2046.33,0.0576,0.0225,0.0025,0.005,0.0025,0.1082,0.0914,0.005,0.1247,0.005,25.903,19.8936,45.343,0.2073,7.3406,1.9955,0.0325,26.8366,7.0222,0.0425
1,2044.63,2044.62,2044.61,2044.6,2044.59,2044.58,2044.57,2044.56,2044.55,2044.54,2044.64,2044.65,2044.66,2044.67,2044.68,2044.69,2044.7,2044.71,2044.72,2044.73,15.7054,0.0178,0.0025,0.005,0.0025,0.0212,0.0076,0.1798,0.005,0.0126,39.6517,0.0075,0.0025,0.0295,8.0564,2.3891,0.0055,0.045,0.0025,0.0302
2,2046.11,2046.1,2046.09,2046.08,2046.06,2046.03,2046,2045.98,2045.97,2045.95,2046.12,2046.13,2046.14,2046.15,2046.16,2046.17,2046.18,2046.19,2046.2,2046.21,21.825,3.8057,0.005,9.7812,0.0512,0.005,0.0098,0.3125,0.04,1.8254,10.4898,0.0128,0.0075,0.01,0.0215,0.0076,0.505,0.01,0.008,0.0278
3,2044.98,2044.97,2044.96,2044.94,2044.93,2044.91,2044.9,2044.89,2044.88,2044.87,2044.99,2045,2045.07,2045.08,2045.1,2045.12,2045.13,2045.14,2045.15,2045.16,33.9446,2.9384,9.7877,0.0025,0.0237,0.0025,0.0106,4.4617,0.0075,0.0563,4.6255,0.1075,0.01,0.005,0.0191,0.005,0.005,0.0076,0.5515,0.5973
4,2044.44,2044.43,2044.41,2044.4,2044.39,2044.38,2044.36,2044.35,2044.34,2044.33,2044.45,2044.52,2044.53,2044.54,2044.55,2044.56,2044.57,2044.6,2044.61,2044.62,0.066,0.1643,0.044,0.0105,0.0084,0.0052,0.0149,0.01,0.0551,0.3543,45.236,23.9794,7.3829,0.4135,0.0075,0.0124,0.0075,0.0165,0.0075,0.035
5,2044.51,2044.5,2044.44,2044.43,2044.42,2044.41,2044.4,2044.38,2044.37,2044.35,2044.52,2044.53,2044.54,2044.55,2044.56,2044.57,2044.58,2044.59,2044.6,2044.61,24.3511,2.3849,0.0524,0.005,0.0025,0.0236,0.0051,0.0025,0.9474,0.04,12.4421,0.0152,0.01,0.0126,0.2166,0.0155,0.005,0.0075,0.008,0.028
6,2044.46,2044.44,2044.43,2044.42,2044.41,2044.39,2044.38,2044.36,2044.35,2044.34,2044.47,2044.48,2044.49,2044.5,2044.52,2044.53,2044.54,2044.62,2044.65,2044.66,12.1523,0.0126,0.1298,0.005,0.0236,0.0075,0.005,0.0137,0.0229,0.0315,24.8367,0.0264,0.0025,0.0025,0.0193,0.7591,2.3844,0.035,0.0051,13.0705
7,2044.4,2044.39,2044.38,2044.37,2044.36,2044.35,2044.34,2044.33,2044.32,2044.31,2044.41,2044.42,2044.43,2044.44,2044.45,2044.46,2044.47,2044.48,2044.51,2044.52,1.074,0.0128,0.0025,0.0076,0.0851,0.005,0.0051,3.7865,11.7947,0.0415,37.6808,2.8622,3.3731,0.0375,2.0028,5.0766,0.0098,2.3848,0.0025,0.962
8,2045.05,2045.04,2045.03,2045.02,2045.01,2045,2044.99,2044.98,2044.97,2044.96,2045.06,2045.07,2045.08,2045.09,2045.1,2045.11,2045.13,2045.14,2045.15,2045.16,10.5703,0.8803,0.0075,0.02,2.3989,0.9293,0.0025,0.0075,0.005,0.0351,11.6219,0.04,0.105,0.0075,0.0242,0.005,0.005,0.005,0.005,0.9549
9,2046.84,2046.83,2046.82,2046.81,2046.8,2046.79,2046.78,2046.77,2046.76,2046.75,2046.85,2046.86,2046.87,2046.88,2046.89,2046.9,2046.92,2046.93,2046.94,2046.95,0.4123,0.2423,0.0025,0.0025,0.021,0.0025,0.01,0.3946,0.005,0.034,39.9713,0.0075,0.0375,18.1381,24.02,1.8128,0.0025,7.3714,0.4323,0.425
10,2047.2,2047.19,2047.18,2047.14,2047.13,2047.1,2047.08,2047.07,2047.06,2047.05,2047.21,2047.22,2047.23,2047.24,2047.25,2047.26,2047.27,2047.28,2047.29,2047.3,51.788,3.3881,3.0924,0.0375,0.0236,0.008,1.5672,4.5566,0.3925,0.0691,0.0924,0.0128,0.01,0.005,0.0241,0.005,0.005,0.005,0.1287,0.1558
11,2048.9,2048.89,2048.88,2048.87,2048.86,2048.85,2048.84,2048.83,2048.82,2048.81,2048.91,2048.92,2048.93,2048.94,2048.95,2048.96,2048.97,2048.98,2048.99,2049,9.8502,0.5007,0.0075,0.0025,0.0237,0.9871,12.4988,0.493,0.6128,0.0319,9.3235,0.0125,0.2151,0.0375,1.1194,3.228,0.0055,0.3143,0.0025,0.1278
12,2050,2049.99,2049.94,2049.93,2049.92,2049.89,2049.88,2049.85,2049.84,2049.83,2050.01,2050.02,2050.03,2050.04,2050.05,2050.06,2050.07,2050.08,2050.09,2050.1,31.493,0.005,0.0025,0.0325,1.4735,0.5099,9.7581,0.6107,0.0325,0.0025,11.0257,0.1228,0.2529,0.01,0.1363,0.0428,0.0025,0.0025,5.443,19.3851
13,2049.34,2049.33,2049.3,2049.28,2049.27,2049.26,2049.22,2049.21,2049.2,2049.19,2049.35,2049.36,2049.37,2049.38,2049.39,2049.4,2049.41,2049.42,2049.43,2049.44,13.5806,0.4861,0.0355,1.3079,0.9279,0.3871,0.8382,3.5059,0.223,0.6976,1.0986,0.01,0.0076,0.5211,0.0211,0.0075,0.0025,0.0125,0.005,0.042
14,2049.36,2049.32,2049.31,2049.3,2049.29,2049.27,2049.26,2049.25,2049.23,2049.22,2049.37,2049.38,2049.39,2049.4,2049.41,2049.42,2049.43,2049.45,2049.47,2049.48,24.916,0.0025,2.3741,0.035,0.4063,0.005,0.2575,3.8527,4.5398,1.0652,2.6414,0.032,0.0075,0.0106,0.0944,0.005,0.0025,0.015,0.0101,0.3423
15,2048.54,2048.53,2048.5,2048.49,2048.47,2048.46,2048.45,2048.44,2048.43,2048.42,2048.55,2048.56,2048.57,2048.58,2048.59,2048.6,2048.61,2048.62,2048.65,2048.66,4.8931,0.1221,0.003,0.0218,0.0026,0.1176,0.0051,0.3871,0.0025,0.0334,20.817,0.3019,0.0229,0.6748,0.0184,0.01,6.9561,0.4021,0.005,0.3305
16,2046.59,2046.58,2046.56,2046.55,2046.54,2046.53,2046.52,2046.51,2046.5,2046.49,2046.6,2046.62,2046.63,2046.66,2046.67,2046.68,2046.69,2046.7,2046.71,2046.77,7.949,0.0104,0.0025,0.005,0.0819,0.0025,0.0051,0.278,0.0105,0.0542,37.2154,0.0025,0.005,0.0055,0.0183,17.6005,13.7539,0.005,1.3448,0.0296
17,2047.23,2047.21,2047.2,2047.16,2047.15,2047.14,2047.13,2047.12,2047.1,2047.09,2047.24,2047.25,2047.26,2047.27,2047.28,2047.29,2047.3,2047.31,2047.32,2047.33,38.3684,0.0025,0.0025,0.3871,0.0267,0.0375,0.6139,3.4369,17.658,2.4278,0.255,0.0178,0.005,0.005,0.0076,0.1998,0.1353,2.379,0.013,0.0346
18,2047.79,2047.78,2047.77,2047.75,2047.73,2047.72,2047.71,2047.68,2047.64,2047.63,2047.8,2047.81,2047.82,2047.83,2047.84,2047.85,2047.86,2047.87,2047.88,2047.89,24.8279,0.204,0.0375,0.414,0.221,0.0975,0.0075,2.8244,2.1922,0.0099,0.0581,0.0154,0.0076,0.005,0.0208,0.0075,0.0075,0.0075,0.0075,0.1341
19,2047.29,2047.28,2047.27,2047.26,2047.25,2047.24,2047.23,2047.22,2047.21,2047.2,2047.3,2047.31,2047.32,2047.33,2047.34,2047.35,2047.37,2047.38,2047.39,2047.4,1.2707,0.0127,0.005,0.0075,0.027,0.265,0.3946,0.005,0.0075,0.0362,17.5134,14.3595,24.4818,3.9283,2.8622,0.0124,0.005,7.3481,0.8188,0.0289
20,2047.28,2047.27,2047.25,2047.24,2047.23,2047.22,2047.21,2047.18,2047.16,2047.14,2047.29,2047.32,2047.33,2047.34,2047.35,2047.36,2047.37,2047.38,2047.39,2047.4,7.8596,0.0026,0.0025,0.0025,0.0244,0.0051,0.3926,0.0025,0.0307,0.0025,18.8709,0.0375,0.0075,0.9394,0.0232,0.005,0.0126,0.0025,0.005,4.0543
21,2046.9,2046.89,2046.88,2046.87,2046.85,2046.84,2046.83,2046.82,2046.81,2046.8,2046.91,2046.92,2046.93,2046.94,2046.95,2046.96,2046.97,2046.98,2046.99,2047,10.9901,0.0025,0.0025,0.0125,0.0194,1.1032,1.3302,0.0025,0.0124,0.0332,6.9355,2.3832,0.0025,0.0076,0.529,0.3498,0.0051,0.2519,0.6206,0.4918
22,2047.5,2047.46,2047.45,2047.44,2047.43,2047.41,2047.4,2047.39,2047.38,2047.37,2047.51,2047.52,2047.53,2047.54,2047.55,2047.56,2047.57,2047.58,2047.59,2047.6,5.4134,0.0026,0.0025,0.0025,0.0199,0.0325,0.003,0.0025,0.0025,0.0307,9.5612,0.0155,0.2206,0.0075,0.0182,0.0101,1.0374,3.337,0.035,0.0753
23,2047.4,2047.38,2047.37,2047.36,2047.35,2047.34,2047.33,2047.32,2047.31,2047.3,2047.41,2047.42,2047.43,2047.44,2047.45,2047.46,2047.47,2047.48,2047.49,2047.5,13.8378,0.0025,0.0025,2.3751,0.0219,0.714,0.9925,0.0453,0.4292,1.092,6.0804,0.0128,0.005,0.005,0.0182,0.0075,0.0051,0.3017,0.0025,0.0364
24,2047.58,2047.57,2047.55,2047.54,2047.53,2047.52,2047.5,2047.49,2047.48,2047.44,2047.59,2047.6,2047.62,2047.63,2047.65,2047.66,2047.68,2047.69,2047.7,2047.71,36.0385,9.7716,0.0025,0.0055,0.0073,0.005,0.035,4.1821,0.0075,0.2243,0.0322,0.0182,0.005,0.0025,0.005,0.005,0.0075,0.0075,0.0131,0.135
25,2048.21,2048.2,2048.13,2048.12,2048.1,2048.09,2048.07,2048.05,2048.04,2048.02,2048.22,2048.23,2048.24,2048.25,2048.27,2048.28,2048.29,2048.3,2048.31,2048.32,53.0825,12.779,1.6275,0.1246,0.374,0.003,0.6444,0.5238,0.0325,7.542,0.0586,0.0075,0.0075,0.005,0.0207,0.005,0.005,0.01,0.0313,0.2493
26,2049.68,2049.66,2049.6,2049.59,2049.58,2049.57,2049.56,2049.55,2049.54,2049.53,2049.69,2049.7,2049.71,2049.74,2049.75,2049.76,2049.79,2049.8,2049.81,2049.82,29.1426,10.7063,0.2371,0.0713,0.0269,0.035,0.0232,3.266,8.7809,0.0025,5.2256,0.1648,0.0025,0.0025,0.01,0.005,0.0313,0.0151,1.005,0.0075
27,2050,2049.99,2049.98,2049.97,2049.96,2049.95,2049.94,2049.93,2049.92,2049.91,2050.01,2050.02,2050.03,2050.04,2050.05,2050.06,2050.07,2050.08,2050.09,2050.1,40.1055,0.0269,10.615,0.005,0.1466,0.0025,0.4574,0.0075,0.0025,0.0482,6.3493,0.01,0.0025,0.0244,0.0181,0.0075,0.0105,0.0125,0.005,0.0313
28,2050.36,2050.35,2050.3,2050.29,2050.28,2050.27,2050.26,2050.21,2050.2,2050.19,2050.37,2050.38,2050.39,2050.4,2050.41,2050.42,2050.43,2050.44,2050.45,2050.46,13.2135,9.7558,0.0026,0.2342,0.9572,0.0025,0.1271,0.0025,0.0355,1.7126,13.121,0.015,0.0025,0.0076,0.3234,0.005,0.0126,7.8073,4.8691,0.2751
29,2050.2,2050.19,2050.18,2050.17,2050.16,2050.14,2050.13,2050.12,2050.11,2050.1,2050.21,2050.22,2050.23,2050.24,2050.26,2050.27,2050.28,2050.29,2050.3,2050.32,3.0774,1.6843,0.0311,0.0051,0.1282,0.0025,0.0025,0.0025,0.005,0.003,40.9869,0.0051,0.0025,0.01,0.0025,15.362,17.0943,4.2157,4.0075,6.8669
30,2049.39,2049.38,2049.37,2049.35,2049.33,2049.3,2049.29,2049.26,2049.25,2049.24,2049.4,2049.41,2049.43,2049.45,2049.47,2049.48,2049.49,2049.5,2049.51,2049.52,42.4606,5.4119,2.4419,0.005,3.4914,1.0697,1.7456,0.0025,0.0098,0.0025,1.2614,0.0151,0.0678,0.0025,0.0075,0.02,0.005,0.0055,0.0087,0.005
31,2051.11,2051.1,2051.09,2051.08,2051.07,2051.06,2051.04,2051.03,2051.02,2051.01,2051.12,2051.13,2051.14,2051.15,2051.16,2051.17,2051.18,2051.19,2051.2,2051.21,0.0384,0.013,0.0075,0.0075,0.0272,0.005,0.0125,0.005,0.0319,0.0412,52.4735,0.005,0.005,0.005,0.0154,0.3075,2.3692,1.7615,5.7672,13.9009
