timestamp,bid_price_0,bid_price_1,bid_price_2,bid_price_3,bid_price_4,bid_price_5,bid_price_6,bid_price_7,bid_price_8,bid_price_9,ask_price_0,ask_price_1,ask_price_2,ask_price_3,ask_price_4,ask_price_5,ask_price_6,ask_price_7,ask_price_8,ask_price_9,bid_size_0,bid_size_1,bid_size_2,bid_size_3,bid_size_4,bid_size_5,bid_size_6,bid_size_7,bid_size_8,bid_size_9,ask_size_0,ask_size_1,ask_size_2,ask_size_3,ask_size_4,ask_size_5,ask_size_6,ask_size_7,ask_size_8,ask_size_9
0,2068.92,2068.91,2068.9,2068.89,2068.88,2068.86,2068.84,2068.83,2068.82,2068.81,2068.93,2068.94,2068.95,2068.98,2068.99,2069.01,2069.06,2069.07,2069.1,2069.11,0.5566,0.0152,0.0194,0.0026,0.0104,0.0077,0.0051,0.0076,0.0051,0.0075,58.4619,9.0233,0.0092,2.0323,0.6422,0.0351,0.0026,0.0051,0.0351,0.01
1,2066.97,2066.96,2066.94,2066.93,2066.92,2066.91,2066.9,2066.89,2066.88,2066.87,2066.98,2066.99,2067,2067.01,2067.02,2067.03,2067.05,2067.06,2067.07,2067.08,0.0199,0.0051,0.0126,0.0051,0.0108,0.0051,0.0051,0.0026,0.0126,0.0083,28.3986,2.6747,4.8447,0.0645,0.052,0.0401,0.5,0.0026,0.1261,0.0076
2,2065.7,2065.69,2065.68,2065.63,2065.62,2065.61,2065.6,2065.59,2065.57,2065.56,2065.71,2065.72,2065.74,2065.75,2065.76,2065.77,2065.78,2065.79,2065.8,2065.81,10.6512,0.0076,0.0051,0.0026,0.006,0.0076,0.0051,0.0076,0.0102,1.6472,30.696,0.0025,0.0025,0.0029,0.0025,0.0375,0.0051,0.0026,3.2694,1.3641
3,2066.44,2066.43,2066.42,2066.41,2066.4,2066.39,2066.38,2066.37,2066.36,2066.35,2066.45,2066.46,2066.47,2066.48,2066.49,2066.5,2066.51,2066.52,2066.53,2066.54,19.7712,0.0026,0.0077,0.0026,0.0186,0.0026,0.0026,0.0051,0.0026,0.0114,3.9733,1.218,0.0101,2.8961,0.6192,0.0084,0.005,0.0025,0.0051,0.6169
4,2066.72,2066.71,2066.7,2066.69,2066.68,2066.67,2066.66,2066.65,2066.64,2066.63,2066.73,2066.74,2066.76,2066.77,2066.79,2066.81,2066.85,2066.86,2066.87,2066.88,0.0292,0.0191,0.0081,0.0051,0.0344,0.1827,0.052,0.1887,0.0076,0.0076,46.8939,6.4501,0.0325,2.058,0.003,0.3133,0.035,0.0025,0.5902,4.8399
5,2067.77,2067.76,2067.75,2067.74,2067.71,2067.7,2067.69,2067.68,2067.67,2067.66,2067.78,2067.79,2067.8,2067.81,2067.82,2067.83,2067.84,2067.85,2067.86,2067.87,13.3649,0.0026,0.0051,0.0101,0.0063,1.1519,1.8739,0.0076,0.0056,1.3017,10.6447,0.1227,0.008,0.0025,9.4786,0.0106,0.0154,0.0025,0.0469,0.0079
6,2066.8,2066.79,2066.78,2066.77,2066.76,2066.75,2066.74,2066.73,2066.72,2066.71,2066.81,2066.85,2066.86,2066.87,2066.94,2066.97,2066.98,2066.99,2067.01,2067.02,17.3885,0.3974,0.1027,0.0253,0.0102,0.0102,0.6664,0.0051,0.0051,0.0076,32.3628,0.0025,5.9726,20,0.0325,0.9581,9.4661,0.0556,0.003,0.0484
7,2066.68,2066.67,2066.66,2066.65,2066.64,2066.63,2066.58,2066.53,2066.52,2066.51,2066.69,2066.7,2066.71,2066.72,2066.73,2066.74,2066.75,2066.76,2066.77,2066.78,58.6388,2.4957,1.2173,0.0051,0.5715,1.878,0.0401,0.0051,4.8504,16.927,0.0585,0.0131,0.0051,0.0076,0.0057,0.0051,0.0051,0.0076,0.0076,0.0133
8,2066.8,2066.79,2066.78,2066.77,2066.76,2066.75,2066.74,2066.73,2066.72,2066.71,2066.81,2066.82,2066.85,2066.86,2066.87,2066.88,2066.9,2066.91,2066.92,2066.93,14.8788,0.0051,0.0052,0.0101,0.0139,0.0051,0.0051,0.0076,0.1076,0.0093,30.8701,4.8446,0.0076,0.0051,0.0084,0.0026,0.0051,0.0076,0.0102,0.5085
9,2066.29,2066.28,2066.27,2066.26,2066.25,2066.24,2066.23,2066.22,2066.2,2066.19,2066.3,2066.31,2066.32,2066.34,2066.35,2066.36,2066.37,2066.4,2066.41,2066.42,11.3395,0.0076,0.0026,0.0026,0.0113,0.0081,0.0076,0.0025,0.0025,1.2084,12.488,0.0426,0.0026,0.0631,0.0084,0.0181,0.0412,0.0406,0.0025,0.0112
10,2064.68,2064.67,2064.65,2064.64,2064.63,2064.62,2064.61,2064.6,2064.59,2064.58,2064.69,2064.72,2064.73,2064.74,2064.75,2064.76,2064.77,2064.78,2064.79,2064.8,21.3444,0.0026,1.2153,20.7805,26.1081,3.524,0.0101,0.0406,0.2965,0.1391,0.0327,0.0026,0.0077,0.0051,0.006,0.0026,0.0026,0.0051,0.0026,0.0112
11,2064.86,2064.85,2064.84,2064.83,2064.82,2064.81,2064.8,2064.79,2064.78,2064.77,2064.87,2064.88,2064.96,2064.98,2065,2065.01,2065.02,2065.03,2065.04,2065.05,12.1876,1.8591,1.5934,0.0369,0.0067,0.0056,2.5953,0.0051,0.0426,0.0125,14.3169,0.0026,0.0076,0.0052,0.9094,0.0051,0.0076,0.0051,0.0062,0.0101
12,2064.51,2064.5,2064.49,2064.48,2064.47,2064.46,2064.45,2064.44,2064.43,2064.42,2064.52,2064.59,2064.6,2064.63,2064.64,2064.65,2064.66,2064.67,2064.68,2064.69,12.7705,0.0156,0.0051,0.0051,0.0117,0.0076,0.0051,0.0076,0.0202,0.0176,36.296,0.0056,0.0426,0.0052,3.8705,0.0026,0.0026,0.0026,0.0536,8.8539
13,2063.23,2063.22,2063.21,2063.2,2063.19,2063.18,2063.17,2063.16,2063.15,2063.14,2063.24,2063.25,2063.31,2063.32,2063.33,2063.34,2063.35,2063.36,2063.37,2063.38,4.7174,0.0307,0.0661,0.0106,0.0308,0.0076,0.0345,0.0076,0.0331,0.2425,83.5219,0.0025,7.9626,10.1805,0.0051,0.0401,0.0076,0.0064,0.0076,0.0026
14,2061.02,2061.01,2061,2060.99,2060.97,2060.96,2060.95,2060.94,2060.93,2060.92,2061.03,2061.07,2061.08,2061.09,2061.12,2061.13,2061.18,2061.22,2061.23,2061.24,11.2805,0.0319,0.2674,0.0633,0.0585,0.0051,0.0129,0.2365,0.0051,0.0159,40.2976,0.0056,0.6011,0.0325,1.4092,0.8076,0.0685,0.0537,5.317,11.6097
15,2058.97,2058.96,2058.95,2058.94,2058.93,2058.92,2058.91,2058.9,2058.88,2058.87,2058.98,2059.01,2059.02,2059.03,2059.06,2059.07,2059.08,2059.09,2059.1,2059.11,11.5775,0.0126,0.0113,0.0473,0.0131,0.0101,0.0129,20.0197,0.0333,0.015,35.9533,0.0026,0.7513,2.1379,0.0075,0.0065,0.0025,0.003,0.005,0.035
16,2056.01,2056,2055.99,2055.98,2055.97,2055.96,2055.95,2055.94,2055.93,2055.92,2056.02,2056.05,2056.12,2056.14,2056.17,2056.18,2056.19,2056.2,2056.21,2056.22,11.3907,2.007,0.0051,0.3569,0.0119,0.0101,0.1015,0.032,0.0242,0.1594,39.5589,0.0025,0.003,0.0325,1.0958,0.7876,0.0025,1.0025,0.6047,7.0861
17,2058.47,2058.46,2058.42,2058.41,2058.4,2058.39,2058.37,2058.36,2058.35,2058.34,2058.48,2058.49,2058.5,2058.51,2058.52,2058.53,2058.54,2058.55,2058.56,2058.57,45.2211,0.0085,1.7414,0.0198,0.0026,0.0837,0.0026,0.0119,0.0076,3.4735,0.0247,0.0076,0.0051,0.0026,0.0175,5.0659,0.0141,0.0131,0.0134,0.0762
18,2057.41,2057.4,2057.39,2057.38,2057.37,2057.36,2057.35,2057.34,2057.33,2057.32,2057.42,2057.44,2057.45,2057.46,2057.48,2057.49,2057.52,2057.53,2057.55,2057.58,0.0151,0.0224,0.0051,0.0346,0.0102,0.1399,0.0855,0.0051,0.0051,0.0051,39.8933,0.003,0.119,0.0025,0.0025,0.53,0.041,0.0025,0.0055,0.03
19,2057.52,2057.36,2057.35,2057.34,2057.33,2057.32,2057.31,2057.3,2057.29,2057.28,2057.53,2057.54,2057.55,2057.56,2057.57,2057.58,2057.59,2057.6,2057.61,2057.62,31.68,17.6145,4.3548,0.0026,0.0056,0.0026,0.6541,1.8887,17.6571,0.0077,4.7962,0.1379,0.0051,0.0102,0.1267,0.0357,0.0295,0.0106,0.0076,0.0051
20,2060.11,2060.1,2060.09,2060.08,2060.07,2060.06,2060.05,2060.04,2060.03,2060.02,2060.12,2060.13,2060.14,2060.17,2060.19,2060.22,2060.23,2060.25,2060.26,2060.27,17.5951,0.0425,0.0051,0.0118,0.0092,0.0344,1.3895,0.124,0.0151,0.0525,1.0278,0.0101,0.0076,0.0051,0.0078,0.0026,0.0126,0.0103,0.0026,0.0172
21,2060.77,2060.76,2060.75,2060.74,2060.73,2060.72,2060.71,2060.68,2060.67,2060.66,2060.78,2060.79,2060.8,2060.81,2060.82,2060.83,2060.84,2060.85,2060.86,2060.87,39.0993,0.0051,9.0107,9.2455,28.7486,0.0051,0.0051,0.0076,0.0051,0.6161,5.9343,0.0151,0.0118,0.0076,0.0158,0.2531,0.0076,0.0102,0.1113,0.1367
22,2059.6,2059.55,2059.54,2059.53,2059.47,2059.46,2059.45,2059.44,2059.43,2059.42,2059.61,2059.62,2059.63,2059.64,2059.65,2059.66,2059.67,2059.68,2059.69,2059.7,12.8107,0.0051,0.0102,2.0881,0.0446,0.0025,11.3866,37.9325,0.0464,0.1447,32.962,0.0126,0.0051,0.0051,0.0432,0.0369,0.0077,0.1276,0.0026,0.0184
23,2062.29,2062.28,2062.27,2062.26,2062.25,2062.24,2062.23,2062.22,2062.21,2062.2,2062.3,2062.35,2062.37,2062.38,2062.39,2062.4,2062.42,2062.43,2062.44,2062.45,10.7874,0.0106,0.0077,0.0102,1.0421,0.0151,0.0026,0.0051,0.0051,0.0235,24.0376,0.0326,0.0051,0.0083,0.0126,0.0026,0.0126,0.6126,0.0429,7.1002
24,2060.89,2060.88,2060.87,2060.86,2060.85,2060.84,2060.83,2060.82,2060.81,2060.8,2060.9,2060.91,2060.93,2060.94,2060.95,2060.96,2060.97,2060.98,2060.99,2061,11.2531,0.0127,0.1315,0.0076,0.0126,0.0126,0.0051,0.0351,0.0077,0.0207,12.1754,0.0026,0.0103,0.0026,0.0133,0.0026,0.0051,0.0051,0.0026,0.0179
25,2061.56,2061.54,2061.52,2061.51,2061.5,2061.49,2061.48,2061.45,2061.43,2061.42,2061.57,2061.58,2061.6,2061.61,2061.62,2061.63,2061.65,2061.66,2061.67,2061.68,15.2485,0.0025,0.01,0.0699,0.008,1.669,0.0025,0.0899,11.7715,1.5003,4.5424,0.0076,0.0101,0.0051,0.0163,0.0326,0.0127,0.0051,0.0051,0.0188
26,2063.21,2063.2,2063.16,2063.15,2063.14,2063.12,2063.09,2063.08,2063.07,2063.04,2063.22,2063.23,2063.24,2063.25,2063.26,2063.27,2063.28,2063.29,2063.3,2063.31,1.5024,0.0025,0.0026,0.0051,0.0122,0.0151,0.0051,0.0026,0.0026,0.0179,22.4447,0.0026,0.0026,0.0351,0.0112,0.0846,0.0026,1.5271,1.5952,3.0524
27,2064.85,2064.83,2064.82,2064.81,2064.8,2064.79,2064.78,2064.77,2064.76,2064.72,2064.86,2064.87,2064.92,2064.93,2064.94,2064.96,2064.97,2064.98,2064.99,2065,11.5306,0.0025,0.0103,0.005,0.0093,0.005,0.0075,0.0076,0.5652,0.0148,35.0694,4.8462,0.0026,0.0026,0.0086,0.0352,2.9453,0.6001,0.0052,6.7938
28,2064.92,2064.91,2064.88,2064.87,2064.81,2064.8,2064.79,2064.78,2064.76,2064.74,2064.93,2064.94,2065,2065.01,2065.02,2065.03,2065.04,2065.05,2065.06,2065.07,33.938,0.0025,0.0026,0.135,0.1036,0.1291,8.8616,0.0375,1.1919,0.0025,11.5183,0.0026,0.0077,0.0076,0.0139,0.0076,0.0294,0.0051,0.0076,0.019
29,2066.58,2066.57,2066.56,2066.54,2066.51,2066.5,2066.49,2066.48,2066.47,2066.46,2066.59,2066.6,2066.61,2066.62,2066.63,2066.64,2066.65,2066.66,2066.67,2066.68,0.01,0.005,0.0077,0.0025,0.0091,0.008,0.0025,0.0417,0.0025,0.0195,48.3615,0.2195,0.0076,0.0051,0.0026,0.0154,0.0051,0.0051,0.0351,0.611
30,2069.12,2069.11,2069.1,2069.09,2069.08,2069.07,2069.05,2069.04,2069.02,2069.01,2069.13,2069.14,2069.15,2069.18,2069.19,2069.2,2069.21,2069.22,2069.23,2069.24,11.6769,0.012,0.0371,0.0106,0.0025,0.0025,0.0025,0.0625,0.0025,0.0025,42.1349,1.8701,4.8387,0.5051,0.0376,0.0026,0.0051,0.0051,0.0051,0.0076
31,2070.11,2070.1,2070.09,2070.08,2070.07,2070.06,2070,2069.99,2069.95,2069.94,2070.12,2070.13,2070.14,2070.15,2070.16,2070.17,2070.18,2070.19,2070.2,2070.21,0.065,0.0151,1.4533,0.0076,0.0093,0.0025,0.0025,0.0153,0.0025,0.0174,35.2603,0.0026,0.0103,0.0076,0.0151,0.0051,0.1559,0.1427,0.011,0.0474
32,2069.41,2069.4,2069.38,2069.37,2069.36,2069.35,2069.34,2069.33,2069.32,2069.31,2069.42,2069.46,2069.5,2069.53,2069.55,2069.58,2069.59,2069.6,2069.61,2069.63,2.0894,0.0278,0.0293,0.0466,0.0152,0.0102,0.126,0.048,0.0113,0.0163,85.1176,0.0351,0.0051,0.0052,0.0428,0.5224,1.745,0.0051,0.01,4.8542
33,2068.38,2068.37,2068.31,2068.3,2068.29,2068.28,2068.27,2068.26,2068.25,2068.24,2068.39,2068.4,2068.41,2068.42,2068.44,2068.45,2068.46,2068.47,2068.48,2068.49,1.2892,0.0025,0.0051,0.0076,0.0051,0.0144,0.0051,0.0026,0.0025,0.005,22.6049,0.0106,0.0076,0.0076,0.0215,0.0076,0.0026,0.0351,0.0051,0.0274
34,2068.92,2068.91,2068.9,2068.83,2068.8,2068.74,2068.73,2068.72,2068.71,2068.7,2068.93,2068.94,2068.95,2068.96,2068.97,2068.98,2068.99,2069,2069.01,2069.02,8.7599,0.0051,0.0076,0.0051,0.0139,0.0376,0.0077,0.1235,0.051,0.0081,41.0697,0.0026,0.0076,0.0051,0.0405,0.0026,0.0142,0.0081,0.0376,0.0254
35,2068.47,2068.46,2068.45,2068.44,2068.43,2068.42,2068.41,2068.4,2068.39,2068.38,2068.48,2068.5,2068.53,2068.54,2068.55,2068.56,2068.57,2068.58,2068.6,2068.62,4.8198,0.0699,0.0076,0.0102,0.2201,0.0051,0.0051,0.0081,0.0051,0.0761,58.4755,0.0051,0.0129,0.0051,0.0051,0.0459,0.0076,0.0051,0.0051,28.4849
36,2068.49,2068.48,2068.47,2068.46,2068.42,2068.41,2068.4,2068.39,2068.38,2068.37,2068.5,2068.51,2068.54,2068.56,2068.57,2068.58,2068.59,2068.6,2068.61,2068.62,0.0174,0.0101,0.0101,0.0195,0.0051,0.0102,0.1423,0.0051,0.0076,0.0127,43.0163,4.8377,0.0051,0.03,4.4645,6.8514,21.2486,22.8489,0.4399,1.0194
37,2068.96,2068.92,2068.9,2068.86,2068.85,2068.83,2068.8,2068.77,2068.76,2068.75,2068.97,2068.98,2068.99,2069,2069.01,2069.02,2069.03,2069.04,2069.05,2069.06,51.3285,0.0351,0.0051,0.0026,6.8359,3.8147,0.0051,0.0081,0.0076,0.6351,4.8904,0.0101,0.0102,0.8149,1.5829,0.0499,0.0469,0.0051,0.0051,0.0051
38,2069.26,2069.25,2069.24,2069.22,2069.21,2069.2,2069.17,2069.16,2069.15,2069.14,2069.27,2069.28,2069.29,2069.3,2069.31,2069.32,2069.33,2069.34,2069.35,2069.37,4.5944,0.0101,0.0026,0.0077,0.0179,0.0081,0.0343,0.0101,0.0077,0.1859,58.0251,0.0326,0.5051,0.0051,0.0162,0.008,0.0127,0.2051,0.0025,0.0351
39,2067.84,2067.83,2067.82,2067.81,2067.8,2067.79,2067.78,2067.77,2067.76,2067.75,2067.85,2067.86,2067.88,2067.89,2067.9,2067.91,2067.92,2067.93,2067.94,2067.95,0.0432,0.0126,0.0026,0.0052,0.0174,0.0076,0.0051,0.0051,0.0051,0.0207,60.3603,0.0126,0.0026,0.0056,0.0213,0.596,6.471,2.1204,0.0026,0.0254
40,2066.96,2066.95,2066.94,2066.93,2066.92,2066.91,2066.9,2066.89,2066.88,2066.87,2066.97,2066.98,2066.99,2067,2067.01,2067.02,2067.03,2067.04,2067.05,2067.06,0.1134,0.0178,0.0101,0.0051,0.0127,0.0177,0.0131,0.0318,0.0076,0.0264,36.8253,0.0026,0.0026,0.0051,0.0162,0.0026,0.0376,0.0026,0.0202,0.388
41,2067.84,2067.82,2067.81,2067.8,2067.78,2067.77,2067.76,2067.75,2067.74,2067.73,2067.85,2067.86,2067.87,2067.88,2067.89,2067.9,2067.91,2067.92,2067.93,2067.94,40.4251,0.0151,0.0026,0.0076,0.0157,0.0076,0.0151,0.0351,0.0026,0.0137,9.5585,0.0151,0.0051,0.0076,0.0188,1.1526,0.0077,0.0051,0.0343,0.0289
42,2067.27,2067.26,2067.25,2067.24,2067.23,2067.21,2067.2,2067.18,2067.14,2067.13,2067.28,2067.29,2067.3,2067.32,2067.33,2067.34,2067.35,2067.36,2067.39,2067.4,0.0149,0.0101,0.0051,0.0183,0.0051,0.017,0.0106,0.0051,0.0076,0.0508,58.1876,0.0026,70.5279,11.5899,26.554,1.9032,0.0051,0.0051,0.0351,0.0181
43,2065.72,2065.71,2065.7,2065.68,2065.67,2065.66,2065.65,2065.64,2065.63,2065.62,2065.73,2065.74,2065.75,2065.77,2065.8,2065.82,2065.83,2065.84,2065.85,2065.86,12.9807,0.0134,0.0106,0.0051,0.0151,0.0051,0.069,0.0051,0.0102,0.1237,49.1632,0.3289,0.0025,0.0326,0.0051,0.0026,0.1052,3.0199,3.8663,22.7376
44,2065.52,2065.51,2065.5,2065.49,2065.48,2065.47,2065.46,2065.45,2065.44,2065.43,2065.53,2065.55,2065.56,2065.57,2065.58,2065.59,2065.6,2065.61,2065.62,2065.63,0.0582,0.0101,0.0131,0.0051,0.0179,0.0026,0.0076,0.063,0.0344,0.0422,27.0331,0.7705,1.0101,0.0076,0.0185,0.0376,0.1076,0.0026,0.0051,0.0213
45,2064.22,2064.21,2064.2,2064.19,2064.18,2064.17,2064.16,2064.15,2064.14,2064.13,2064.23,2064.24,2064.25,2064.26,2064.27,2064.28,2064.29,2064.3,2064.31,2064.32,13.8112,9.7272,0.0106,0.0108,0.1358,0.0026,0.0101,0.0835,1.8853,0.0177,49.1547,0.5579,0.0051,0.0051,0.0131,0.0077,1.81,0.5676,0.0026,0.0267
46,2063.99,2063.97,2063.93,2063.92,2063.91,2063.9,2063.89,2063.88,2063.87,2063.86,2064,2064.01,2064.02,2064.03,2064.04,2064.05,2064.06,2064.07,2064.08,2064.09,48.8931,0.03,0.0076,0.0026,0.0464,0.6019,1.8781,0.0401,0.0138,0.0051,14.1458,0.0151,0.0252,0.0051,0.0081,0.0102,0.0102,0.8999,2.974,0.0102
47,2060.71,2060.7,2060.67,2060.66,2060.65,2060.64,2060.63,2060.61,2060.6,2060.59,2060.72,2060.73,2060.74,2060.8,2060.81,2060.82,2060.83,2060.85,2060.86,2060.87,0.0495,0.0201,0.0026,0.0153,0.0152,0.0051,0.0026,0.0051,0.0076,0.0258,20.2856,3.2325,0.005,1.4672,0.005,0.035,0.0074,1.0884,6.3557,1.3687
48,2059.5,2059.49,2059.48,2059.47,2059.46,2059.45,2059.43,2059.42,2059.41,2059.4,2059.51,2059.53,2059.54,2059.56,2059.59,2059.6,2059.61,2059.62,2059.63,2059.64,11.8386,0.0202,0.3598,0.0126,0.0051,0.0294,0.0102,0.1316,10.0186,0.0106,35.1865,0.0943,0.0051,0.0326,0.0025,0.0051,0.0026,0.0026,0.0026,0.0026
49,2060.01,2060,2059.99,2059.98,2059.97,2059.96,2059.95,2059.94,2059.93,2059.92,2060.02,2060.03,2060.04,2060.05,2060.06,2060.07,2060.1,2060.15,2060.16,2060.17,15.002,0.0106,0.0076,0.0101,0.0195,0.0026,0.0026,0.5711,1.9178,0.0521,0.0465,0.0025,0.005,0.005,0.0153,0.0025,0.0025,0.0025,0.0051,0.5311
50,2060.41,2060.4,2060.39,2060.38,2060.36,2060.35,2060.34,2060.33,2060.32,2060.31,2060.42,2060.43,2060.44,2060.45,2060.46,2060.48,2060.49,2060.5,2060.52,2060.53,15.6822,0.0131,0.0076,0.0051,0.0146,0.0251,0.0051,0.0026,0.0026,0.0222,12.286,3.0455,9.4949,0.005,0.0179,0.0025,0.4625,0.005,0.003,0.0239
51,2060.85,2060.8,2060.78,2060.76,2060.73,2060.72,2060.71,2060.7,2060.67,2060.65,2060.86,2060.87,2060.88,2060.89,2060.9,2060.91,2060.92,2060.93,2060.96,2060.98,3.5323,0.0051,0.0126,0.0051,0.0224,0.0051,0.0051,0.0051,0.0026,0.0229,25.0388,0.1214,0.0025,0.0293,0.4598,0.035,0.0511,0.0025,0.003,0.0318
52,2058.84,2058.83,2058.82,2058.81,2058.8,2058.79,2058.78,2058.77,2058.76,2058.75,2058.85,2058.9,2058.91,2058.93,2058.94,2058.96,2058.97,2058.98,2058.99,2059,12.0261,0.0101,0.0294,0.0051,0.2003,0.0077,0.0562,0.0051,0.0026,0.0252,52.5351,0.0025,0.0025,0.5398,0.0117,0.2026,0.0025,0.003,0.0511,0.0216
53,2060.47,2060.46,2060.45,2060.44,2060.43,2060.42,2060.41,2060.4,2060.39,2060.38,2060.48,2060.5,2060.53,2060.54,2060.55,2060.57,2060.58,2060.59,2060.6,2060.62,8.856,0.0231,0.0151,0.0051,0.2452,0.0051,0.0106,0.0101,0.0051,0.0228,24.0139,0.0105,0.1093,0.005,0.0417,0.1967,1.2148,0.005,0.0055,0.0291
54,2060.39,2060.37,2060.33,2060.32,2060.31,2060.3,2060.29,2060.28,2060.27,2060.23,2060.4,2060.41,2060.42,2060.43,2060.45,2060.46,2060.47,2060.48,2060.49,2060.5,40.1088,0.0451,0.0026,26.7184,0.0147,0.0051,9.7113,0.0326,0.0557,0.02,11.166,0.005,0.005,0.005,0.0117,0.1289,0.005,0.0318,0.0025,0.0271
55,2058.96,2058.95,2058.94,2058.93,2058.92,2058.91,2058.9,2058.89,2058.88,2058.87,2058.97,2059,2059.02,2059.05,2059.06,2059.1,2059.11,2059.12,2059.13,2059.14,55.3516,0.0204,8.0131,0.0376,0.0115,26.7426,0.0106,0.0026,0.0026,0.0242,10.2749,0.0025,0.0025,0.0025,0.0117,0.0025,0.0018,0.0049,0.0025,0.0217
56,2058.57,2058.56,2058.55,2058.54,2058.53,2058.52,2058.51,2058.5,2058.49,2058.48,2058.58,2058.59,2058.6,2058.61,2058.62,2058.63,2058.64,2058.66,2058.68,2058.69,51.9074,2.9174,9.7221,0.0051,0.0138,0.0076,0.0051,0.0051,0.0051,0.0326,10.4503,0.0075,0.132,0.005,0.0357,0.0025,0.0125,0.0025,0.069,0.0235
57,2057.89,2057.88,2057.8,2057.76,2057.72,2057.71,2057.7,2057.69,2057.68,2057.67,2057.9,2057.91,2057.92,2057.93,2057.94,2057.95,2057.96,2057.97,2057.98,2057.99,28.0812,0.0051,0.0051,0.0326,4.2008,0.4388,21.0243,10.3299,3.8911,0.0555,16.6134,0.0026,0.0536,0.015,0.0462,10.0117,0.005,0.005,0.4265,0.0213
58,2059.18,2059.17,2059.16,2059.15,2059.14,2059.13,2059.12,2059.11,2059.1,2059.09,2059.19,2059.2,2059.21,2059.22,2059.23,2059.24,2059.25,2059.26,2059.27,2059.28,68.4669,3.9651,0.0051,0.0051,1.1847,0.0076,1.2446,0.0376,15.0087,0.0284,0.037,0.018,0.129,0.0075,0.1284,0.1693,0.0026,0.0025,0.0087,0.0252
59,2058.19,2058.18,2058.17,2058.16,2058.15,2058.14,2058.13,2058.12,2058.11,2058.1,2058.2,2058.21,2058.22,2058.23,2058.24,2058.25,2058.26,2058.27,2058.28,2058.29,3.6183,0.1341,0.0051,0.0495,0.0149,0.0051,0.0076,0.0051,0.0026,0.0334,21.458,0.0351,0.0051,0.0076,0.5152,0.0076,0.0051,0.0026,0.0151,0.0189
60,2057.25,2057.24,2057.23,2057.22,2057.21,2057.2,2057.19,2057.18,2057.17,2057.14,2057.26,2057.27,2057.28,2057.29,2057.3,2057.31,2057.32,2057.33,2057.34,2057.35,13.9027,2.9545,9.736,0.0101,0.018,0.0126,0.0076,0.0076,0.6399,0.1539,68.7041,0.0076,0.0101,0.0026,0.0206,0.0051,0.0576,0.0056,0.0266,0.0186
61,2054.56,2054.54,2054.53,2054.52,2054.51,2054.5,2054.49,2054.48,2054.46,2054.45,2054.57,2054.58,2054.59,2054.6,2054.61,2054.62,2054.67,2054.68,2054.69,2054.7,25.5512,0.0051,0.0026,0.0326,13.1565,0.0051,0.0026,0.0051,1.206,0.0212,17.3353,0.0049,0.0025,0.6495,2.0139,0.0026,9.5198,0.0025,0.1247,0.0055
62,2053.79,2053.78,2053.75,2053.74,2053.73,2053.72,2053.71,2053.7,2053.69,2053.68,2053.8,2053.81,2053.89,2053.9,2053.91,2053.92,2053.93,2053.94,2053.95,2053.98,0.3346,0.0075,0.0051,10.0359,0.0051,0.0051,0.0213,0.0195,0.0672,0.0212,36.4436,3.148,0.0326,31.9833,3.8531,1.7832,0.0161,0.0051,0.0076,0.0376
63,2050.77,2050.7,2050.65,2050.6,2050.59,2050.58,2050.57,2050.56,2050.55,2050.54,2050.78,2050.79,2050.8,2050.81,2050.82,2050.83,2050.84,2050.85,2050.86,2050.87,48.146,0.0025,0.03,19.5443,0.0147,0.1192,0.1396,0.0326,0.0051,0.0164,15.7022,0.0492,0.035,0.0077,2.6025,1.0761,0.0132,0.6016,0.0051,0.0076
64,2051.71,2051.7,2051.69,2051.68,2051.67,2051.66,2051.65,2051.64,2051.63,2051.62,2051.72,2051.73,2051.74,2051.76,2051.78,2051.79,2051.8,2051.81,2051.82,2051.86,69.9579,0.0051,0.0076,0.6317,0.619,0.0026,0.0026,0.0401,0.0026,0.0247,0.0571,0.005,0.0025,0.0026,0.0141,0.0101,0.1299,0.0025,0.0319,0.0675
65,2049.79,2049.78,2049.75,2049.74,2049.73,2049.72,2049.7,2049.69,2049.68,2049.67,2049.8,2049.82,2049.85,2049.9,2049.94,2049.95,2049.96,2049.97,2049.98,2049.99,0.4207,0.0075,0.0101,0.0051,0.0102,0.3959,0.0154,0.0546,0.0127,0.0102,60.7663,2.3613,2.4414,0.0025,0.2259,0.1245,0.0055,0.0244,0.0135,0.024
66,2050.97,2050.96,2050.95,2050.94,2050.93,2050.92,2050.91,2050.9,2050.88,2050.87,2050.98,2050.99,2051,2051.01,2051.02,2051.04,2051.05,2051.06,2051.07,2051.08,74.5825,0.0051,0.0056,3.0452,9.7666,0.0401,0.0051,0.3984,0.0051,0.0263,0.0449,0.0126,0.0933,0.0025,0.0025,0.023,0.008,0.0155,0.0076,0.3933
67,2050.81,2050.8,2050.79,2050.75,2050.74,2050.73,2050.72,2050.71,2050.7,2050.69,2050.82,2050.83,2050.85,2050.88,2050.9,2050.91,2050.92,2050.93,2050.95,2050.96,0.4173,0.0151,0.0076,0.0076,0.0026,0.0656,0.0102,0.3934,0.0131,0.0026,49.9362,0.03,0.0025,1.1501,0.0025,0.024,0.03,0.3908,0.003,0.5
68,2050.47,2050.46,2050.45,2050.44,2050.43,2050.42,2050.41,2050.4,2050.39,2050.38,2050.48,2050.49,2050.5,2050.51,2050.52,2050.53,2050.54,2050.55,2050.56,2050.57,27.7993,16.2217,9.7605,0.0026,0.0234,0.3984,0.3826,0.0106,0.0076,1.9075,0.5773,0.4033,0.013,0.0051,0.0154,0.0026,0.005,0.0073,0.0076,0.1459
69,2049.32,2049.31,2049.3,2049.29,2049.28,2049.27,2049.26,2049.25,2049.24,2049.23,2049.33,2049.35,2049.36,2049.39,2049.4,2049.41,2049.42,2049.43,2049.44,2049.47,1.4805,0.0051,0.0126,0.0051,0.0157,0.0076,0.0101,0.0076,0.0051,0.0026,34.0685,0.3958,0.0025,0.0412,0.5085,1.221,0.0025,0.3933,0.0229,0.0125
70,2049.24,2049.23,2049.21,2049.2,2049.19,2049.18,2049.17,2049.16,2049.13,2049.12,2049.25,2049.28,2049.29,2049.3,2049.31,2049.33,2049.34,2049.35,2049.36,2049.39,35.7605,14.0422,0.0376,0.0051,0.0154,0.3959,0.0051,0.0051,1.244,1.8857,13.174,0.0026,0.0025,0.013,0.0143,0.029,0.1322,0.3033,0.0245,0.0563
71,2048.24,2048.23,2048.22,2048.21,2048.2,2048.19,2048.18,2048.17,2048.16,2048.15,2048.25,2048.27,2048.28,2048.29,2048.3,2048.31,2048.32,2048.33,2048.34,2048.35,1.4043,0.0076,0.0126,0.0102,0.4089,0.0051,0.0026,0.0051,0.0051,0.0241,24.3425,0.4035,0.5025,0.0025,0.6861,0.038,0.1246,0.0025,0.027,0.0235
72,2046.67,2046.66,2046.65,2046.64,2046.63,2046.62,2046.61,2046.6,2046.59,2046.58,2046.68,2046.69,2046.7,2046.71,2046.73,2046.75,2046.76,2046.77,2046.78,2046.8,13.2919,0.0101,0.0101,0.0052,0.018,0.0026,0.0101,0.0157,0.4009,0.0239,32.3335,0.0026,0.0126,0.0051,0.0142,0.0051,0.0515,0.0026,0.0351,0.0525
73,2047.22,2047.21,2047.2,2047.19,2047.18,2047.17,2047.16,2047.15,2047.14,2047.13,2047.23,2047.24,2047.25,2047.26,2047.27,2047.28,2047.29,2047.3,2047.31,2047.32,13.1579,9.7867,0.0156,0.0051,0.012,0.0076,0.0026,0.0076,0.0645,0.4154,21.2031,0.013,0.0026,0.0052,2.9801,0.0051,0.3513,0.013,0.0052,1.2941
74,2048.88,2048.87,2048.86,2048.85,2048.84,2048.83,2048.82,2048.81,2048.8,2048.78,2048.89,2048.9,2048.91,2048.92,2048.94,2048.96,2048.97,2048.98,2048.99,2049,8.3475,0.0126,0.0076,0.0051,0.0121,0.0051,0.0102,0.3959,0.0131,0.0299,43.6308,0.0051,0.0026,0.6024,0.0326,0.4295,0.5056,0.0051,0.0026,9.775
75,2047.35,2047.34,2047.32,2047.31,2047.3,2047.29,2047.28,2047.27,2047.25,2047.24,2047.36,2047.37,2047.38,2047.4,2047.41,2047.42,2047.43,2047.44,2047.45,2047.46,21.277,23.5651,0.0351,0.0296,0.0203,0.1273,0.0051,0.0477,0.4647,0.0627,5.3948,0.0077,0.0076,0.0051,0.0155,0.0051,0.0026,0.0077,0.3959,0.0239
76,2045.52,2045.51,2045.5,2045.49,2045.48,2045.47,2045.45,2045.43,2045.4,2045.39,2045.53,2045.54,2045.55,2045.56,2045.57,2045.58,2045.59,2045.6,2045.61,2045.62,68.0413,9.3594,32.7573,0.0916,0.015,0.6286,0.3964,0.0887,9.8527,18.1054,0.2614,0.0078,0.0026,0.0051,0.0134,0.0051,0.0076,0.0131,0.0127,0.4179
77,2045.8,2045.79,2045.78,2045.77,2045.76,2045.75,2045.74,2045.73,2045.72,2045.71,2045.81,2045.82,2045.83,2045.84,2045.85,2045.86,2045.87,2045.88,2045.89,2045.9,39.5257,0.0052,0.6598,1.2376,0.0125,0.0051,0.0076,0.0052,0.3984,0.0205,4.916,0.0051,0.0051,0.0102,0.1424,0.0051,0.0372,84.0705,0.0501,0.0332
78,2047.68,2047.67,2047.66,2047.65,2047.63,2047.62,2047.61,2047.6,2047.59,2047.58,2047.69,2047.7,2047.71,2047.72,2047.73,2047.74,2047.75,2047.76,2047.77,2047.78,9.5831,3.4607,9.7891,0.0026,0.0152,0.0051,0.0077,0.4108,0.0326,0.0234,18.5045,0.1354,0.0471,0.0296,0.0228,1.1202,0.0051,0.0081,0.0479,0.0279
79,2047.92,2047.91,2047.9,2047.89,2047.88,2047.86,2047.85,2047.84,2047.82,2047.8,2047.93,2047.94,2047.95,2047.96,2047.97,2047.98,2047.99,2048,2048.02,2048.03,1.0701,0.4011,0.0151,0.0076,0.0128,0.0101,0.0052,0.3934,0.0051,0.0286,27.8024,0.0026,0.0351,0.0051,0.0234,0.0126,0.0051,0.0081,1.6859,0.0291
80,2047.7,2047.69,2047.68,2047.61,2047.6,2047.59,2047.58,2047.57,2047.56,2047.55,2047.71,2047.72,2047.73,2047.75,2047.76,2047.77,2047.78,2047.79,2047.8,2047.81,39.3496,10.1721,0.0351,0.0052,0.6354,0.0326,0.3959,0.0051,12.1206,8.7976,4.8377,0.0424,0.0127,0.0127,0.5859,1.4723,0.0077,0.3959,0.0156,0.0296
81,2046.35,2046.34,2046.33,2046.32,2046.31,2046.3,2046.29,2046.28,2046.27,2046.26,2046.36,2046.37,2046.38,2046.39,2046.4,2046.41,2046.42,2046.43,2046.44,2046.45,36.9032,3.7405,0.4314,0.3651,1.8663,0.0051,0.0051,0.0051,0.3842,0.0257,0.5266,0.0076,0.0151,0.0076,0.029,0.0051,0.0101,0.0051,0.0051,0.0318
82,2044.6,2044.59,2044.58,2044.57,2044.56,2044.55,2044.54,2044.53,2044.51,2044.5,2044.61,2044.62,2044.63,2044.65,2044.66,2044.68,2044.69,2044.7,2044.71,2044.72,7.3249,3.0782,0.0051,0.0076,0.0175,0.4085,0.0026,0.0026,0.0076,0.0375,24.9953,0.0025,0.1298,0.0402,0.0025,0.003,0.0025,0.4013,0.0613,0.0026
83,2045.9,2045.89,2045.88,2045.87,2045.86,2045.85,2045.84,2045.83,2045.82,2045.81,2045.91,2045.92,2045.93,2045.95,2045.96,2045.97,2045.98,2045.99,2046,2046.01,12.7521,20.3378,0.0101,0.0128,0.017,0.0127,4.4,0.0077,24.9002,0.0266,208.7937,0.042,0.0075,0.0026,0.277,0.005,0.0051,0.7534,2.5151,0.035
84,2048.9,2048.89,2048.88,2048.87,2048.86,2048.85,2048.84,2048.83,2048.82,2048.8,2048.91,2048.92,2048.93,2048.94,2048.95,2048.96,2048.97,2048.98,2048.99,2049,11.1889,0.025,0.0051,0.0026,0.0195,0.0077,0.6459,2.0897,0.0026,0.0291,37.2978,1.5346,0.9287,0.0377,0.7788,0.0026,0.0131,0.0026,0.0026,0.0363
85,2050.77,2050.76,2050.75,2050.74,2050.73,2050.72,2050.71,2050.7,2050.69,2050.68,2050.78,2050.8,2050.81,2050.83,2050.84,2050.9,2050.91,2050.92,2050.93,2050.94,12.3993,0.0177,9.759,0.3958,0.0228,0.0101,0.016,0.0892,0.0127,1.4561,27.0733,0.0051,0.0026,0.0377,0.4118,0.0051,0.0051,0.0326,0.0858,0.0268
86,2049.22,2049.21,2049.2,2049.19,2049.18,2049.17,2049.16,2049.15,2049.14,2049.13,2049.23,2049.24,2049.25,2049.26,2049.27,2049.28,2049.3,2049.34,2049.35,2049.36,53.0718,0.0426,0.0077,0.3989,0.0175,0.0025,0.013,1.2664,0.0052,0.2113,16.2973,0.0026,0.0077,0.3984,0.0187,0.0076,0.0051,0.0102,0.3984,0.0323
87,2047.73,2047.72,2047.71,2047.7,2047.69,2047.68,2047.67,2047.66,2047.65,2047.63,2047.74,2047.75,2047.76,2047.77,2047.8,2047.81,2047.83,2047.84,2047.85,2047.86,5.0012,0.04,0.0102,0.1873,0.0724,0.0051,0.0076,0.0102,9.7738,0.0264,46.1363,0.0051,0.0056,0.0351,0.0212,0.0051,0.0026,0.0026,0.401,0.1085
88,2047.3,2047.29,2047.28,2047.27,2047.23,2047.21,2047.2,2047.19,2047.18,2047.17,2047.31,2047.32,2047.33,2047.34,2047.35,2047.36,2047.37,2047.38,2047.4,2047.41,89.6824,31.1374,0.3984,0.0025,0.0351,0.4155,0.0051,0.0076,0.0614,9.8323,0.0729,0.0103,0.0076,0.0051,0.019,0.0077,0.3959,0.0651,0.0157,0.0303
89,2046.4,2046.39,2046.38,2046.37,2046.36,2046.35,2046.34,2046.33,2046.32,2046.31,2046.41,2046.42,2046.43,2046.44,2046.45,2046.46,2046.47,2046.48,2046.49,2046.5,38.4534,0.0078,0.0026,0.0026,0.0168,0.0051,0.0026,0.4259,0.0026,0.0263,5.252,0.0078,0.0051,0.0127,0.4172,0.0102,0.1273,0.0076,0.0321,0.0356
90,2048.79,2048.76,2048.75,2048.72,2048.71,2048.7,2048.69,2048.68,2048.67,2048.66,2048.8,2048.81,2048.83,2048.85,2048.87,2048.88,2048.89,2048.9,2048.91,2048.92,2.0922,0.0126,0.0026,0.0026,0.0162,0.0051,0.0077,0.4008,0.0401,0.0251,10.2098,0.0025,0.3958,1.4389,0.0025,0.0645,2.0229,1.9623,0.0275,0.0513
91,2048.67,2048.66,2048.65,2048.64,2048.63,2048.62,2048.61,2048.6,2048.59,2048.58,2048.68,2048.69,2048.7,2048.71,2048.72,2048.73,2048.74,2048.75,2048.76,2048.77,30.3414,3.0439,9.769,0.0081,0.629,0.0051,0.0026,0.4009,0.0026,9.3108,7.1246,0.5341,0.005,0.0642,0.0164,0.0025,0.005,0.027,0.0025,0.0302
92,2050.35,2050.33,2050.32,2050.31,2050.3,2050.29,2050.26,2050.25,2050.24,2050.23,2050.36,2050.37,2050.38,2050.39,2050.4,2050.41,2050.42,2050.43,2050.46,2050.47,47.2455,7.8786,9.2692,0.0101,4.406,0.9646,1.7013,0.0051,8.7921,6.3634,7.7957,0.132,0.0025,0.032,0.4312,0.0025,0.0025,0.005,0.0025,0.0297
93,2049.46,2049.45,2049.44,2049.43,2049.42,2049.41,2049.4,2049.39,2049.38,2049.37,2049.47,2049.48,2049.49,2049.5,2049.51,2049.52,2049.53,2049.54,2049.55,2049.56,7.222,0.0051,0.0076,0.0051,0.0184,0.0076,0.0101,0.0127,0.3984,0.0273,19.7831,0.03,0.005,0.008,0.016,0.0025,0.0025,0.0051,0.5153,0.0295
94,2050.36,2050.35,2050.34,2050.33,2050.32,2050.31,2050.3,2050.29,2050.28,2050.27,2050.37,2050.38,2050.4,2050.41,2050.42,2050.43,2050.47,2050.5,2050.51,2050.52,3.0266,0.0126,0.0076,0.0076,0.0157,0.0527,0.0106,0.7439,0.0026,0.0293,18.3088,0.0025,0.0103,0.005,0.4091,0.0025,0.035,1.192,0.503,0.3899
95,2050.29,2050.28,2050.27,2050.26,2050.25,2050.24,2050.23,2050.22,2050.21,2050.2,2050.3,2050.33,2050.34,2050.35,2050.36,2050.37,2050.38,2050.4,2050.41,2050.43,4.0735,0.0126,0.4034,0.0051,0.0181,0.0076,0.0076,0.0051,0.0051,0.418,45.8624,0.5025,0.0025,0.0025,0.0182,0.0075,0.03,0.7147,0.5627,0.0265
96,2049.28,2049.27,2049.26,2049.25,2049.24,2049.23,2049.22,2049.21,2049.2,2049.19,2049.29,2049.3,2049.33,2049.34,2049.35,2049.37,2049.38,2049.39,2049.4,2049.41,25.755,0.0026,8.782,5.5658,13.6724,1.8547,0.0026,0.0351,0.0106,0.4574,1.9704,0.0075,0.0025,0.0025,0.0155,0.005,0.401,0.0025,0.0075,0.0261
97,2049.29,2049.28,2049.27,2049.26,2049.24,2049.23,2049.22,2049.21,2049.2,2049.19,2049.3,2049.31,2049.32,2049.33,2049.34,2049.35,2049.36,2049.37,2049.38,2049.39,26.4612,9.7635,0.0051,0.3959,0.0137,0.0026,0.1051,0.0401,0.0051,9.5319,0.1286,0.0175,0.0025,0.005,0.145,0.0025,0.0713,0.005,0.5884,0.0258
98,2048.52,2048.51,2048.5,2048.49,2048.48,2048.47,2048.46,2048.45,2048.44,2048.43,2048.53,2048.55,2048.56,2048.57,2048.58,2048.59,2048.6,2048.62,2048.63,2048.64,0.1559,0.0151,0.0558,0.0076,0.0187,0.4008,0.0076,0.0051,0.0051,0.0302,58.725,0.005,0.0279,0.0025,0.0429,0.5,0.0025,0.3908,0.0025,0.0289
99,2046.76,2046.75,2046.74,2046.72,2046.71,2046.7,2046.69,2046.68,2046.67,2046.66,2046.77,2046.78,2046.79,2046.8,2046.81,2046.84,2046.86,2046.87,2046.88,2046.9,4.0445,0.3863,0.0026,0.0077,0.0138,0.0081,0.0271,0.0051,0.1273,0.4137,46.0813,0.03,0.6084,0.7456,2.0103,1.0046,0.1,0.0325,0.003,0.0513
100,2045.33,2045.32,2045.31,2045.3,2045.29,2045.27,2045.26,2045.25,2045.24,2045.23,2045.34,2045.35,2045.36,2045.39,2045.4,2045.41,2045.42,2045.43,2045.44,2045.46,65.3318,0.0118,0.0026,0.0051,15.6694,0.0051,0.0051,0.8151,1.7965,0.0292,4.4846,0.0129,0.0025,0.015,0.0229,0.0025,0.3933,0.0025,0.1273,0.0495
101,2046.83,2046.82,2046.81,2046.8,2046.79,2046.78,2046.77,2046.76,2046.75,2046.74,2046.84,2046.85,2046.86,2046.87,2046.88,2046.89,2046.9,2046.91,2046.92,2046.93,31.3091,0.0051,0.0026,0.0076,0.0147,0.0351,8.7919,0.0026,0.0051,0.0271,9.8192,0.0154,0.0505,0.0101,0.1424,0.0102,0.0965,0.0026,0.0026,0.0671
102,2045.05,2045.04,2045.03,2045.02,2045.01,2045,2044.99,2044.98,2044.97,2044.96,2045.06,2045.07,2045.09,2045.1,2045.14,2045.15,2045.16,2045.17,2045.18,2045.19,53.3196,9.2692,8.2754,0.0026,0.3959,8.7054,0.0051,0.0351,0.7648,0.0051,5.311,0.0078,0.0025,0.0025,0.0154,0.0906,0.005,0.3958,0.005,0.0259
103,2044.66,2044.65,2044.63,2044.62,2044.61,2044.6,2044.59,2044.58,2044.57,2044.56,2044.67,2044.68,2044.69,2044.7,2044.71,2044.72,2044.76,2044.77,2044.78,2044.79,29.6191,0.0026,0.6428,0.8973,0.2496,1.2511,0.3959,2.2084,0.0051,1.3548,0.1083,0.0103,0.005,0.0075,0.4052,0.0025,0.01,0.0025,0.024,0.0025
104,2046.86,2046.81,2046.8,2046.79,2046.78,2046.77,2046.76,2046.75,2046.74,2046.73,2046.87,2046.88,2046.89,2046.9,2046.91,2046.92,2046.93,2046.94,2046.95,2046.96,10.2211,1.2978,0.0076,0.3959,1.369,1.6694,0.0051,0.0025,1.0367,2.0594,11.3095,0.135,4.8913,9.5903,0.0152,0.4009,0.151,0.0026,0.0051,0.05
105,2047.3,2047.29,2047.24,2047.23,2047.22,2047.21,2047.2,2047.19,2047.18,2047.17,2047.31,2047.32,2047.34,2047.35,2047.36,2047.37,2047.38,2047.39,2047.4,2047.41,6.6368,0.0128,0.0051,0.3934,0.0169,0.0176,0.0076,0.0051,0.0026,0.0265,23.1834,0.0381,0.5051,0.0026,0.0202,0.6124,0.0076,0.0026,0.0131,1.5235
106,2046.87,2046.86,2046.85,2046.84,2046.83,2046.82,2046.81,2046.8,2046.79,2046.78,2046.88,2046.89,2046.9,2046.91,2046.92,2046.93,2046.94,2046.95,2046.96,2046.97,9.1695,0.0129,0.0565,0.0051,0.0172,0.0101,1.0508,0.4014,0.0051,0.0856,56.8155,0.5832,0.0051,0.5051,0.015,0.0025,0.0662,0.0614,0.4312,0.0051
107,2047.24,2047.23,2047.22,2047.21,2047.2,2047.19,2047.18,2047.17,2047.16,2047.15,2047.25,2047.26,2047.27,2047.28,2047.29,2047.3,2047.31,2047.32,2047.33,2047.34,14.8055,0.0351,0.3934,6.8399,1.012,0.0176,1.0026,9.2692,0.0051,0.0292,0.267,0.0129,0.0051,0.0101,0.1395,0.0131,0.0296,0.0076,0.3984,0.0248
108,2047.14,2047.13,2047.11,2047.1,2047.09,2047.08,2047.07,2047.06,2047.05,2047.04,2047.15,2047.18,2047.19,2047.2,2047.21,2047.22,2047.23,2047.24,2047.25,2047.28,0.7473,0.0129,0.0076,0.0401,0.0195,0.1298,0.0076,0.0051,0.4009,0.029,52.7211,0.0151,0.0515,0.0076,0.0179,0.5458,1.6714,0.0051,0.0051,0.0274
109,2047.14,2047.13,2047.11,2047.1,2047.09,2047.08,2047.07,2047.06,2047.05,2047.04,2047.15,2047.18,2047.19,2047.2,2047.21,2047.22,2047.23,2047.24,2047.25,2047.27,10.2588,0.0078,0.0026,0.0076,0.0248,0.0076,0.3984,0.0026,0.0051,0.0269,25.3264,0.02,0.005,0.0105,0.0577,0.0025,0.4722,0.005,0.0025,0.1958
110,2047.66,2047.65,2047.64,2047.63,2047.62,2047.61,2047.6,2047.59,2047.58,2047.57,2047.67,2047.68,2047.69,2047.7,2047.71,2047.72,2047.73,2047.74,2047.75,2047.76,23.3209,0.0051,0.0051,0.0051,0.4079,0.2551,0.0101,0.0326,9.3205,0.0269,7.0457,0.018,0.005,0.1894,0.0145,0.027,0.0025,0.0051,0.0477,0.0242
111,2048.41,2048.4,2048.39,2048.38,2048.37,2048.36,2048.35,2048.34,2048.33,2048.32,2048.42,2048.43,2048.44,2048.48,2048.49,2048.5,2048.51,2048.52,2048.53,2048.54,25.0383,0.0051,0.0076,0.0051,0.0198,1.3513,0.0051,0.0051,0.8584,0.0248,8.1902,0.0101,0.013,0.0025,0.0495,0.4039,3.5916,0.1372,0.0051,0.0486
112,2047.46,2047.45,2047.43,2047.42,2047.41,2047.4,2047.39,2047.38,2047.37,2047.36,2047.47,2047.48,2047.49,2047.5,2047.52,2047.55,2047.57,2047.58,2047.59,2047.6,7.5607,0.4484,0.0026,0.0076,0.0174,0.0051,0.0076,0.3984,0.0051,0.0299,17.8171,1.335,1.87,0.035,0.0633,0.5993,0.5025,0.596,0.03,0.4225
113,2047.36,2047.35,2047.33,2047.32,2047.31,2047.3,2047.29,2047.28,2047.27,2047.26,2047.37,2047.39,2047.4,2047.41,2047.42,2047.43,2047.44,2047.46,2047.47,2047.49,0.0228,0.0078,0.0101,0.3984,0.0285,0.0051,0.0076,0.0051,0.0051,0.0051,51.5393,12.7477,12.7102,6.8734,3.8835,0.003,6.9828,0.0076,0.0513,0.0128
114,2049.79,2049.76,2049.75,2049.74,2049.73,2049.72,2049.71,2049.7,2049.69,2049.68,2049.8,2049.81,2049.82,2049.83,2049.84,2049.85,2049.86,2049.88,2049.89,2049.9,34.9205,0.4014,0.0376,0.1346,0.0151,0.0051,0.0026,0.0081,0.0051,0.8252,6.4493,0.0151,0.0076,0.0076,0.0184,0.0026,0.0051,0.0051,0.0051,0.0297
115,2049.56,2049.55,2049.54,2049.52,2049.5,2049.49,2049.48,2049.47,2049.46,2049.45,2049.57,2049.58,2049.59,2049.6,2049.61,2049.62,2049.63,2049.64,2049.65,2049.66,17.4995,0.0051,0.1322,0.0051,0.0232,0.4472,0.0351,0.0076,0.0026,0.028,8.1844,4.8922,0.0025,0.0025,0.6928,0.6029,0.0076,0.4144,0.0076,0.028
116,2048.73,2048.72,2048.71,2048.7,2048.69,2048.68,2048.67,2048.66,2048.65,2048.64,2048.74,2048.75,2048.76,2048.77,2048.79,2048.8,2048.81,2048.82,2048.84,2048.85,1.5302,2.1422,0.0026,0.0131,0.0772,0.0051,0.0076,0.0051,0.0151,0.0286,21.8111,2.3116,5.3716,0.0025,0.0138,0.0025,0.6262,0.5213,0.023,0.6296
117,2048.46,2048.45,2048.44,2048.43,2048.41,2048.4,2048.39,2048.38,2048.37,2048.36,2048.47,2048.48,2048.49,2048.5,2048.51,2048.52,2048.53,2048.57,2048.58,2048.6,11.8836,0.039,0.0051,0.0076,0.0186,0.3959,0.0051,0.015,0.0026,0.0269,24.3765,5.5866,1.2388,0.0025,0.0141,0.0489,0.0695,0.4033,0.6426,5.4878
118,2049.89,2049.86,2049.85,2049.84,2049.82,2049.81,2049.8,2049.79,2049.78,2049.77,2049.9,2049.91,2049.92,2049.94,2049.95,2049.96,2049.97,2049.98,2049.99,2050,53.9141,4.9774,0.5076,0.0326,0.065,28.7844,4.8903,0.4446,1.2216,0.0051,0.047,0.01,0.0025,0.0025,0.3432,0.3934,0.0244,0.0341,0.0025,0.2496
119,2051.11,2051.1,2051.09,2051.07,2051.06,2051.05,2051.04,2051.03,2051.02,2051.01,2051.12,2051.13,2051.14,2051.17,2051.18,2051.19,2051.2,2051.21,2051.22,2051.24,1.8296,0.0176,0.01,0.0026,0.0201,0.0076,0.0126,0.3959,0.0101,0.0371,32.4789,1.6502,5.0618,0.003,0.406,0.03,5.0718,0.0025,1.2097,0.523
120,2051.19,2051.18,2051.17,2051.16,2051.15,2051.14,2051.13,2051.12,2051.11,2051.1,2051.2,2051.21,2051.23,2051.26,2051.27,2051.28,2051.29,2051.3,2051.34,2051.35,14.3363,0.132,0.0076,0.0051,0.9013,0.3903,0.0126,0.0026,0.6986,0.0676,6.6204,0.0075,0.0025,0.5237,1.2288,0.0325,0.0025,0.0025,0.3908,0.0229
121,2054.37,2054.35,2054.34,2054.33,2054.32,2054.31,2054.3,2054.29,2054.28,2054.27,2054.38,2054.39,2054.4,2054.41,2054.42,2054.43,2054.44,2054.45,2054.46,2054.47,41.5428,0.5537,4.518,14.0314,0.6092,0.3676,0.0101,0.0583,0.5026,0.0316,0.1116,0.0076,0.0081,0.0052,0.0225,0.4009,0.0076,0.0051,0.0051,0.0279
122,2053.45,2053.44,2053.43,2053.42,2053.41,2053.4,2053.39,2053.38,2053.37,2053.35,2053.46,2053.47,2053.48,2053.49,2053.5,2053.53,2053.54,2053.55,2053.56,2053.57,0.1022,0.0151,0.064,0.0025,0.0225,0.0208,1.4306,0.0077,0.3959,0.0371,52.322,0.0026,0.8569,0.0238,0.3754,0.0376,3.2228,10.3089,0.0101,0.7129
123,2054,2053.98,2053.97,2053.95,2053.94,2053.93,2053.92,2053.91,2053.9,2053.89,2054.01,2054.02,2054.03,2054.04,2054.05,2054.06,2054.07,2054.09,2054.1,2054.11,39.1351,0.0376,1.5043,3.3334,0.0165,4.3684,4.1902,2.0919,7.1456,8.8227,0.0576,0.0125,0.005,0.0025,0.0056,0.0077,0.1671,0.0294,0.008,0.0207
124,2054.63,2054.62,2054.61,2054.6,2054.56,2054.55,2054.54,2054.53,2054.52,2054.51,2054.64,2054.65,2054.66,2054.67,2054.68,2054.69,2054.7,2054.71,2054.72,2054.73,8.8894,0.3984,0.0351,0.0051,0.0199,0.0026,0.0051,0.0153,0.4259,0.0471,18.7965,0.0026,0.0051,0.0103,0.4592,0.1862,0.0106,0.0295,0.0076,0.0109
125,2056.57,2056.55,2056.54,2056.53,2056.52,2056.51,2056.5,2056.49,2056.48,2056.47,2056.58,2056.59,2056.6,2056.61,2056.62,2056.63,2056.64,2056.65,2056.66,2056.68,60.7136,21.9598,6.7728,0.0092,0.1462,0.0051,6.0557,1.8431,25.2487,21.4117,0.0385,0.018,0.0823,0.0147,0.0025,0.0054,0.0075,0.0025,0.0089,0.0076
126,2058.4,2058.39,2058.38,2058.37,2058.36,2058.35,2058.34,2058.33,2058.32,2058.31,2058.41,2058.42,2058.43,2058.44,2058.45,2058.46,2058.47,2058.48,2058.49,2058.5,14.1162,0.3984,0.0026,0.0026,0.0276,0.0051,0.015,0.4334,0.3964,0.0295,8.932,0.0076,0.0076,0.0076,0.0067,0.0076,0.0051,0.0211,0.0101,0.0232
127,2061.3,2061.29,2061.28,2061.27,2061.26,2061.25,2061.24,2061.23,2061.22,2061.21,2061.31,2061.32,2061.33,2061.36,2061.37,2061.38,2061.39,2061.4,2061.41,2061.42,34.5583,11.0092,0.005,1.3597,0.0199,0.0025,0.0025,0.0127,0.0025,0.0269,1.1389,0.4059,0.0051,0.0076,0.0124,0.0051,0.0127,0.3959,0.0077,0.0163
128,2058.93,2058.92,2058.91,2058.9,2058.89,2058.88,2058.87,2058.85,2058.84,2058.83,2058.94,2058.95,2058.96,2058.97,2058.98,2058.99,2059,2059.02,2059.09,2059.1,17.0406,0.7567,0.0564,0.4798,0.0051,0.0051,0.0056,0.0051,0.0403,0.4088,16.7477,0.0128,0.4009,0.0051,0.0157,0.0026,0.0076,0.0026,0.0103,0.1116
129,2058.42,2058.41,2058.4,2058.39,2058.38,2058.37,2058.36,2058.35,2058.34,2058.33,2058.43,2058.44,2058.45,2058.46,2058.47,2058.48,2058.49,2058.5,2058.51,2058.52,27.3161,0.9163,0.0158,0.1317,0.0051,0.0101,0.0026,0.0078,0.6729,0.4775,15.1991,0.0151,0.0026,0.0026,0.0085,0.0376,0.0051,0.0051,0.0026,0.0133
130,2057.83,2057.82,2057.81,2057.8,2057.79,2057.78,2057.77,2057.76,2057.75,2057.72,2057.84,2057.85,2057.86,2057.87,2057.88,2057.89,2057.9,2057.91,2057.92,2057.93,10.6313,3.5136,9.7231,0.0126,0.0153,0.0051,0.0107,1.131,0.0026,0.038,12.1332,0.0351,0.0089,0.4034,0.0092,0.0051,0.0131,0.0051,0.0026,0.0838
131,2057.92,2057.91,2057.9,2057.89,2057.88,2057.87,2057.86,2057.85,2057.84,2057.83,2057.93,2057.94,2057.95,2057.96,2057.97,2057.98,2057.99,2058,2058.01,2058.02,23.5779,2.805,0.0076,0.0026,0.0226,0.3984,0.0051,0.0376,0.0026,0.0241,16.9671,0.0101,0.0101,0.0052,0.0949,0.1316,0.0102,0.2349,0.0077,0.0682
132,2058.41,2058.4,2058.39,2058.38,2058.37,2058.36,2058.35,2058.34,2058.33,2058.32,2058.42,2058.43,2058.44,2058.45,2058.46,2058.48,2058.49,2058.5,2058.53,2058.57,0.9074,0.0325,0.1316,0.0051,0.025,0.4009,0.0076,0.0103,0.4543,0.043,43.6056,0.5,0.0025,0.3933,0.005,0.0392,0.0101,0.0025,0.0025,0.0325
133,2058.61,2058.6,2058.58,2058.57,2058.56,2058.55,2058.54,2058.53,2058.5,2058.49,2058.62,2058.63,2058.64,2058.66,2058.67,2058.69,2058.7,2058.71,2058.72,2058.74,37.0232,2.3689,0.0051,1.8384,5.1608,0.0051,0.0056,0.0512,0.0051,0.5304,0.4522,0.01,0.0025,0.0025,0.01,0.0025,0.008,0.0102,0.3958,0.0774
134,2058.52,2058.51,2058.5,2058.48,2058.47,2058.46,2058.45,2058.44,2058.43,2058.42,2058.53,2058.54,2058.56,2058.57,2058.58,2058.59,2058.6,2058.61,2058.62,2058.63,26.4177,0.0076,0.0076,0.0351,0.0229,0.6552,1.7636,0.0051,0.0081,0.0381,4.8226,0.0051,0.0051,0.0101,0.0126,0.0153,0.1321,0.0026,0.032,0.0212
135,2059.33,2059.32,2059.31,2059.3,2059.29,2059.28,2059.27,2059.25,2059.24,2059.23,2059.34,2059.35,2059.36,2059.37,2059.38,2059.39,2059.4,2059.45,2059.46,2059.47,5.0892,0.0178,0.3984,0.0076,0.0148,0.0103,0.576,0.0026,0.0346,0.4155,80.4645,9.2315,10.2033,24.1682,0.048,0.0077,0.0025,0.3908,0.2428,0.03
136,2059.55,2059.54,2059.53,2059.52,2059.51,2059.5,2059.49,2059.48,2059.47,2059.46,2059.56,2059.57,2059.58,2059.59,2059.6,2059.61,2059.62,2059.63,2059.64,2059.65,1.5978,0.0126,0.0051,0.0052,0.4064,0.0051,0.0051,0.0151,0.0076,0.0312,29.6285,0.0026,0.0051,0.0051,21.9781,0.0051,0.0026,0.124,0.0081,0.0526
137,2058.35,2058.34,2058.33,2058.32,2058.31,2058.3,2058.29,2058.28,2058.25,2058.24,2058.36,2058.37,2058.38,2058.39,2058.4,2058.41,2058.42,2058.43,2058.44,2058.45,0.5724,0.0152,0.4738,0.4984,0.0206,0.0081,0.0026,0.3984,0.0076,0.0286,71.7437,13.8667,0.0355,16.533,0.0286,9.6142,8.5342,6.4534,1.8927,0.0179
138,2057.34,2057.33,2057.32,2057.31,2057.3,2057.26,2057.25,2057.22,2057.2,2057.19,2057.35,2057.36,2057.37,2057.38,2057.39,2057.4,2057.41,2057.42,2057.43,2057.44,52.2209,0.3934,2.097,6.5651,0.0051,0.3959,0.0026,0.0514,0.0051,12.3104,3.3227,0.1377,0.0051,0.0295,0.0477,0.0157,0.2788,0.0051,0.0051,0.0026
139,2057.74,2057.73,2057.72,2057.71,2057.7,2057.69,2057.68,2057.67,2057.66,2057.65,2057.75,2057.76,2057.77,2057.78,2057.79,2057.8,2057.81,2057.82,2057.83,2057.84,1.8111,0.0382,0.0127,0.4562,0.0282,0.0051,0.0076,0.0642,0.0026,0.0228,40.7568,5.848,0.0179,0.0026,0.521,0.0051,0.0051,0.3934,1.8935,0.0688
140,2058.69,2058.68,2058.67,2058.66,2058.65,2058.64,2058.62,2058.61,2058.6,2058.59,2058.7,2058.71,2058.75,2058.76,2058.77,2058.78,2058.79,2058.8,2058.81,2058.82,0.4499,0.0101,0.0051,0.0076,0.0298,0.0026,0.0025,0.0269,0.0132,0.1461,69.5691,16.0481,0.0351,3.0319,0.0137,0.248,1.7031,12.2164,3.7216,6.9195
141,2057.75,2057.74,2057.73,2057.72,2057.71,2057.7,2057.69,2057.68,2057.67,2057.66,2057.76,2057.77,2057.79,2057.8,2057.81,2057.82,2057.83,2057.84,2057.85,2057.86,16.3428,0.0102,1.7752,2.6378,0.446,0.0106,0.0077,0.3984,0.6402,0.0106,3.8374,0.0076,0.0077,0.5386,0.4094,0.0026,0.0101,0.0051,0.0051,0.0229
142,2057.9,2057.89,2057.88,2057.87,2057.86,2057.85,2057.84,2057.83,2057.82,2057.81,2057.91,2057.92,2057.93,2057.94,2057.95,2057.96,2057.97,2057.98,2057.99,2058,36.4222,0.6145,0.0076,0.0051,0.0191,0.0351,0.0025,0.3934,1.4951,0.0259,3.5525,0.0151,0.0076,0.0076,0.0186,0.0051,0.0102,0.1291,0.0132,0.4435
143,2058.1,2058.09,2058.06,2058.05,2058.04,2058.03,2058.02,2058.01,2058,2057.98,2058.11,2058.12,2058.13,2058.14,2058.15,2058.16,2058.17,2058.18,2058.19,2058.2,11.0647,0.0958,0.0075,0.0076,0.0207,0.3984,0.0051,0.0076,0.0051,0.0337,25.8866,16.6481,0.7695,1.8966,0.0109,0.0076,0.0051,0.1266,0.0052,10.2221
144,2059.71,2059.7,2059.69,2059.65,2059.64,2059.63,2059.6,2059.59,2059.57,2059.56,2059.72,2059.73,2059.74,2059.75,2059.76,2059.77,2059.8,2059.81,2059.82,2059.83,40.2869,0.0025,0.0833,0.4414,0.1025,0.0025,0.0025,6.2039,0.2427,7.184,10.177,0.0101,0.0101,0.0051,0.0158,0.0051,0.0131,0.0026,0.0051,0.0102
145,2060.31,2060.3,2060.29,2060.28,2060.27,2060.25,2060.24,2060.23,2060.22,2060.2,2060.32,2060.33,2060.34,2060.35,2060.36,2060.37,2060.39,2060.4,2060.41,2060.42,38.8064,0.0055,1.1625,0.0325,0.0197,1.5702,0.0025,0.0025,0.0025,5.2443,1.5323,0.0101,0.0051,0.0076,0.016,0.0076,0.0051,0.0081,0.0176,0.023
146,2059.81,2059.8,2059.79,2059.78,2059.77,2059.76,2059.75,2059.74,2059.73,2059.71,2059.82,2059.83,2059.84,2059.9,2059.91,2059.92,2059.93,2059.94,2059.95,2059.96,7.3342,0.0259,0.0025,0.0025,0.0224,0.3984,0.2047,0.005,0.0935,0.0606,47.2933,27.2241,2.2817,16.6374,1.1881,0.0351,0.0052,0.0051,0.0026,0.0177
147,2059.51,2059.5,2059.49,2059.48,2059.47,2059.46,2059.45,2059.44,2059.43,2059.42,2059.52,2059.53,2059.54,2059.55,2059.56,2059.57,2059.58,2059.59,2059.6,2059.62,3.8554,0.1478,0.0025,0.0025,0.0198,0.0101,1.7137,0.3958,0.0076,0.1532,38.1199,1.2565,4.0026,0.4009,0.0435,0.0051,0.0026,0.0154,0.0051,1.9042
148,2059.5,2059.49,2059.48,2059.45,2059.44,2059.43,2059.42,2059.41,2059.4,2059.39,2059.51,2059.52,2059.53,2059.54,2059.55,2059.56,2059.57,2059.58,2059.59,2059.6,10.0788,3.104,0.3933,0.0025,0.0223,0.0025,0.008,1.0891,0.0075,0.1025,28.1774,0.0051,0.0076,0.0165,0.3984,0.0351,0.0677,0.0026,0.0236,0.0106
149,2058.48,2058.47,2058.44,2058.43,2058.41,2058.4,2058.39,2058.38,2058.37,2058.36,2058.49,2058.5,2058.51,2058.52,2058.53,2058.54,2058.55,2058.56,2058.57,2058.58,31.3288,1.9944,0.3983,0.0025,0.8129,0.0025,0.6572,0.6143,1.1351,0.0333,5.937,0.0106,0.0051,0.0076,0.014,0.0657,0.0051,0.0026,0.0101,0.0212
150,2057.97,2057.96,2057.95,2057.94,2057.92,2057.91,2057.9,2057.88,2057.87,2057.86,2057.98,2057.99,2058,2058.01,2058.02,2058.03,2058.04,2058.05,2058.07,2058.08,44.036,1.8887,0.6397,0.03,0.0169,0.3933,0.0025,0.008,0.0025,0.0285,4.6829,0.0076,0.05,0.2706,0.0167,0.0126,0.0051,0.0051,0.0051,0.0238
151,2058.73,2058.72,2058.71,2058.7,2058.69,2058.68,2058.66,2058.65,2058.63,2058.62,2058.74,2058.75,2058.76,2058.77,2058.78,2058.79,2058.8,2058.81,2058.82,2058.83,50.3943,10.8208,0.0059,0.005,1.0901,0.3958,0.0325,0.003,0.0025,1.9137,9.4737,0.0101,0.0051,0.0076,0.0139,0.0127,0.1321,0.0102,0.4831,0.0211
152,2058.5,2058.49,2058.48,2058.47,2058.46,2058.45,2058.44,2058.43,2058.42,2058.41,2058.51,2058.52,2058.53,2058.54,2058.55,2058.56,2058.57,2058.58,2058.59,2058.6,16.3041,0.005,0.049,0.0025,0.0289,0.3933,0.0026,1.0731,1.8952,0.8333,12.8085,0.0026,0.0202,0.0026,0.0139,0.0026,0.0026,0.0051,0.0102,0.4194
153,2059.19,2059.18,2059.17,2059.16,2059.14,2059.13,2059.11,2059.1,2059.09,2059.07,2059.2,2059.21,2059.22,2059.23,2059.24,2059.25,2059.26,2059.27,2059.28,2059.29,16.6904,0.0126,0.9016,1.8874,0.0188,0.4159,0.0401,0.6225,0.003,0.073,11.0939,0.1369,0.0102,4.1044,0.0458,0.4035,0.0076,0.0052,0.0026,0.0536
154,2058.19,2058.18,2058.17,2058.16,2058.15,2058.14,2058.13,2058.12,2058.11,2058.1,2058.2,2058.21,2058.24,2058.25,2058.26,2058.29,2058.3,2058.32,2058.34,2058.37,0.6411,0.1315,0.0455,0.0025,0.0632,0.0076,0.0125,0.0025,0.0282,0.4013,54.933,6.8303,0.5,15.918,3.5677,9.5027,3.9432,1.5591,0.0026,0.0116
155,2056.68,2056.67,2056.66,2056.65,2056.64,2056.62,2056.61,2056.6,2056.59,2056.58,2056.69,2056.7,2056.71,2056.72,2056.73,2056.74,2056.75,2056.76,2056.77,2056.78,14.5146,0.005,0.005,0.7826,1.091,2.2815,0.0025,1.0965,1.7684,0.0631,0.7415,0.0076,0.0051,0.0026,0.0141,0.0026,2.0076,0.0051,0.0377,0.4178
156,2058.5,2058.49,2058.48,2058.47,2058.46,2058.45,2058.43,2058.42,2058.41,2058.4,2058.51,2058.52,2058.53,2058.54,2058.55,2058.56,2058.57,2058.58,2058.59,2058.6,62.9856,0.4033,0.0899,0.0025,0.0735,0.0025,0.003,0.778,1.7765,0.031,0.4069,0.0732,0.0051,0.0051,0.019,0.2094,0.0101,0.0076,0.0077,0.148
157,2060.25,2060.24,2060.23,2060.21,2060.2,2060.19,2060.18,2060.17,2060.16,2060.15,2060.26,2060.27,2060.28,2060.29,2060.3,2060.31,2060.32,2060.33,2060.34,2060.35,5.1596,0.0176,0.5758,0.3933,0.0239,0.008,0.0025,0.0051,3.3799,0.0811,10.6541,4.857,0.0351,0.0076,0.0218,0.0101,0.8114,0.0051,0.0051,1.2233
158,2059.16,2059.15,2059.14,2059.13,2059.12,2059.11,2059.1,2059.09,2059.08,2059.07,2059.17,2059.18,2059.19,2059.2,2059.21,2059.22,2059.23,2059.24,2059.25,2059.26,9.1074,0.0126,0.5395,0.005,0.0198,0.0025,0.008,0.005,0.0244,0.0318,35.8283,10.1976,11.0733,23.825,0.0123,0.0051,0.0051,0.6226,2.6416,0.4134
159,2061.29,2061.28,2061.27,2061.26,2061.25,2061.24,2061.23,2061.22,2061.21,2061.2,2061.3,2061.31,2061.33,2061.34,2061.35,2061.36,2061.37,2061.38,2061.39,2061.4,0.4299,0.1288,0.0025,0.0025,0.0173,0.0075,0.0025,0.0025,0.0076,0.4906,58.3591,5.2901,0.0051,0.0026,0.0124,0.4385,0.0026,0.0026,0.2477,32.7652
160,2060.01,2060,2059.99,2059.98,2059.97,2059.96,2059.95,2059.94,2059.93,2059.92,2060.02,2060.03,2060.05,2060.06,2060.07,2060.08,2060.09,2060.1,2060.11,2060.13,0.4282,0.0206,0.0076,0.0076,0.0178,0.0051,0.0152,0.3908,0.0025,0.0315,71.4011,12.7935,5.1932,14.5611,3.7205,17.0061,0.0026,10.1494,0.0305,0.0052
161,2060.01,2060,2059.99,2059.98,2059.97,2059.96,2059.94,2059.93,2059.92,2059.91,2060.02,2060.03,2060.04,2060.05,2060.06,2060.1,2060.14,2060.15,2060.16,2060.17,1.6241,0.0247,0.0176,0.4009,0.0192,0.0026,0.0026,0.0102,0.0533,0.4219,59.4281,0.0051,12.6465,33.9775,0.0155,0.0351,7.7163,0.0026,1.8886,16.954
162,2060.02,2060.01,2060,2059.99,2059.96,2059.93,2059.92,2059.91,2059.9,2059.89,2060.03,2060.04,2060.05,2060.06,2060.07,2060.08,2060.09,2060.1,2060.12,2060.13,40.1653,0.0376,0.0148,0.0051,0.6019,0.0025,0.0459,0.0026,2.118,0.0025,7.2018,0.0127,0.1265,0.0201,0.04,0.0051,0.0101,0.0081,0.0076,0.0127
163,2060.77,2060.76,2060.75,2060.74,2060.73,2060.72,2060.71,2060.7,2060.69,2060.68,2060.78,2060.79,2060.8,2060.81,2060.82,2060.83,2060.84,2060.85,2060.86,2060.87,20.5706,0.0025,0.0069,0.0051,0.0351,0.0158,0.0052,1.2026,0.3959,0.0026,15.7875,3.4387,0.0131,0.0076,0.0206,0.0051,0.0076,0.0051,0.0051,0.1524
164,2060.27,2060.26,2060.25,2060.24,2060.2,2060.19,2060.16,2060.15,2060.14,2060.13,2060.28,2060.29,2060.3,2060.31,2060.32,2060.33,2060.34,2060.35,2060.36,2060.37,40.5005,5.9697,0.0136,2.2945,0.0161,0.0431,0.35,1.3874,4.1872,0.0051,0.0377,0.0126,0.0131,0.0076,0.0181,0.0076,0.0051,0.0051,0.0051,0.0336
165,2060.97,2060.96,2060.95,2060.94,2060.93,2060.92,2060.91,2060.9,2060.89,2060.88,2060.98,2060.99,2061,2061.01,2061.02,2061.03,2061.04,2061.05,2061.06,2061.07,16.9536,0.1833,0.0165,0.0026,0.9879,0.0051,0.4359,0.0283,2.1241,1.2368,0.0393,0.0126,0.0101,0.4615,0.0076,0.0026,0.0051,0.0211,0.0051,6.8308
166,2058.39,2058.38,2058.37,2058.36,2058.34,2058.33,2058.32,2058.31,2058.3,2058.29,2058.4,2058.41,2058.42,2058.43,2058.44,2058.48,2058.49,2058.5,2058.51,2058.52,8.0452,0.0151,0.0656,0.0861,0.0167,0.5492,0.0076,0.3959,0.0106,0.0076,83.8693,16.1574,7.3528,0.0335,0.0183,1.1332,0.7943,12.2153,0.0051,0.0724
167,2055.05,2055.04,2055.03,2055.02,2055.01,2055,2054.99,2054.98,2054.97,2054.96,2055.06,2055.07,2055.08,2055.09,2055.1,2055.11,2055.12,2055.13,2055.14,2055.15,0.099,0.0151,0.01,0.3984,0.0176,0.723,0.0653,0.0076,0.0197,0.0098,23.3777,0.0051,0.0051,0.0076,0.9753,0.8569,14.6265,17.0265,3.8655,0.0613
168,2057.34,2057.33,2057.32,2057.31,2057.3,2057.29,2057.28,2057.27,2057.25,2057.22,2057.35,2057.36,2057.37,2057.38,2057.39,2057.4,2057.41,2057.42,2057.43,2057.44,25.9819,1.8959,0.2883,0.0351,0.0146,0.0025,0.4957,0.7892,0.0487,0.6259,5.5267,0.1291,0.0025,0.4208,0.0168,0.008,0.0025,0.005,0.0646,0.0351
169,2057.27,2057.26,2057.25,2057.23,2057.22,2057.21,2057.2,2057.19,2057.18,2057.17,2057.28,2057.29,2057.3,2057.31,2057.32,2057.33,2057.34,2057.35,2057.36,2057.38,8.6352,0.0151,0.0051,0.0051,0.0171,0.2531,0.8022,0.0076,0.0026,0.0895,30.6954,6.7928,4.869,17.056,0.8031,0.066,0.0076,0.0051,0.0051,0.0303
170,2056.57,2056.56,2056.55,2056.54,2056.53,2056.52,2056.51,2056.5,2056.49,2056.48,2056.58,2056.59,2056.6,2056.66,2056.67,2056.68,2056.69,2056.7,2056.75,2056.76,1.9965,0.042,0.8814,0.0051,0.1362,0.0076,0.3934,0.0106,0.0101,0.2207,49.7363,0.0326,0.0076,4.3264,9.51,0.0326,15.097,0.0051,11.6849,0.0026
171,2056.24,2056.23,2056.21,2056.2,2056.19,2056.18,2056.14,2056.13,2056.11,2056.1,2056.25,2056.26,2056.27,2056.28,2056.29,2056.3,2056.31,2056.32,2056.33,2056.34,40.2955,1.0889,0.3959,1.0049,0.6218,0.0051,0.4259,0.3959,0.0026,3.4045,11.2604,0.4059,4.874,0.0076,0.0208,0.0106,0.0051,0.0101,0.1267,0.039
172,2057.58,2057.57,2057.56,2057.55,2057.54,2057.53,2057.5,2057.49,2057.48,2057.47,2057.59,2057.6,2057.61,2057.62,2057.63,2057.64,2057.65,2057.66,2057.67,2057.68,1.5725,0.0126,1.3713,0.0051,0.0134,0.0051,0.0076,0.6532,0.0076,0.5655,12.2987,4.2691,4.8633,0.0026,1.0174,0.0026,0.3984,0.0051,0.0376,0.2259
173,2058.69,2058.68,2058.67,2058.66,2058.65,2058.64,2058.62,2058.61,2058.6,2058.59,2058.7,2058.71,2058.72,2058.74,2058.75,2058.76,2058.77,2058.78,2058.79,2058.8,2.2703,0.0296,0.0066,0.0076,0.7978,0.0051,0.0076,0.0051,0.0051,0.0251,10.356,1.6249,0.0079,0.0076,1.1428,0.6198,1.0644,1.8951,0.0645,10.3073
174,2061.72,2061.71,2061.7,2061.64,2061.63,2061.62,2061.61,2061.6,2061.59,2061.58,2061.73,2061.74,2061.75,2061.76,2061.78,2061.79,2061.8,2061.81,2061.82,2061.83,50.7975,30.3959,0.0051,0.6332,0.0326,0.0056,0.0511,42.8531,10.1869,2.8342,0.0272,0.0101,0.0078,0.0026,0.0026,0.0026,0.0106,0.0026,0.0054,0.0051
175,2060.24,2060.23,2060.22,2060.21,2060.2,2060.19,2060.18,2060.17,2060.16,2060.15,2060.25,2060.26,2060.27,2060.28,2060.29,2060.3,2060.31,2060.32,2060.33,2060.34,1.5028,0.0151,0.0076,0.0077,0.025,0.3984,0.0026,0.0051,0.3984,0.0291,39.2896,0.0076,0.0051,10.4672,7.0498,1.9027,0.0051,0.0026,0.0615,0.0258
176,2058.73,2058.72,2058.71,2058.7,2058.69,2058.68,2058.67,2058.66,2058.65,2058.64,2058.74,2058.75,2058.8,2058.81,2058.82,2058.83,2058.84,2058.85,2058.86,2058.87,0.0734,0.0151,0.0076,0.0106,0.0209,0.0076,0.0051,0.0051,0.0076,0.4199,53.3691,0.0376,0.0051,0.0026,1.8943,1.4574,0.0479,10.3045,16.9808,0.0056
177,2059.16,2059.15,2059.14,2059.13,2059.12,2059.11,2059.1,2059.09,2059.08,2059.07,2059.17,2059.18,2059.19,2059.2,2059.21,2059.22,2059.23,2059.24,2059.25,2059.26,0.8578,0.0126,0.0454,0.0076,0.02,0.0101,0.0076,0.7945,0.0051,0.025,91.3418,8.9717,7.279,0.0536,2.5271,0.2529,0.0026,0.5113,0.0051,0.0284
178,2058.96,2058.95,2058.94,2058.93,2058.92,2058.91,2058.9,2058.89,2058.88,2058.87,2058.97,2058.98,2059,2059.01,2059.02,2059.03,2059.04,2059.05,2059.06,2059.07,0.0328,0.0692,0.0051,0.0311,0.0076,0.0026,0.0884,0.0051,0.0051,0.0131,45.6811,0.5051,0.0051,0.0051,0.0326,0.0179,0.0051,0.3984,6.7939,10.192
179,2058.38,2058.34,2058.33,2058.32,2058.3,2058.29,2058.27,2058.26,2058.25,2058.24,2058.39,2058.4,2058.41,2058.42,2058.43,2058.44,2058.46,2058.47,2058.48,2058.49,23.573,0.0026,0.0051,0.7892,0.05,0.0051,0.0076,0.6858,0.8092,0.0025,10.2455,0.0181,0.0294,0.0076,0.0203,0.0026,0.0051,0.0077,0.9631,1.9299
180,2059.68,2059.67,2059.66,2059.65,2059.64,2059.63,2059.62,2059.61,2059.6,2059.59,2059.69,2059.7,2059.71,2059.72,2059.73,2059.74,2059.75,2059.76,2059.77,2059.78,19.0688,1.892,0.0182,0.0345,0.4127,0.1315,0.0152,0.3934,0.0106,10.1184,13.3244,0.0101,0.0076,0.0129,0.0197,0.0076,0.0051,0.0026,0.0051,0.0271
181,2061.46,2061.45,2061.44,2061.43,2061.42,2061.41,2061.4,2061.39,2061.38,2061.37,2061.47,2061.48,2061.49,2061.5,2061.51,2061.52,2061.53,2061.54,2061.55,2061.56,41.9211,2.0885,0.1266,0.7893,1.2253,0.0026,0.0131,0.0051,0.0026,0.5656,11.6224,4.8719,0.1264,0.0156,0.0441,0.0051,0.0051,0.0101,0.0101,0.0322
182,2060.03,2060.01,2060,2059.99,2059.98,2059.97,2059.96,2059.95,2059.94,2059.93,2060.04,2060.05,2060.06,2060.08,2060.09,2060.1,2060.11,2060.12,2060.13,2060.14,9.5811,0.0051,0.0132,0.6982,1.2298,0.0081,0.0051,0.0076,0.0076,0.0267,23.836,0.0101,0.0051,0.0026,0.0148,0.0376,0.0026,0.0883,0.7892,0.0246
183,2061.28,2061.27,2061.26,2061.25,2061.24,2061.23,2061.21,2061.2,2061.19,2061.18,2061.29,2061.3,2061.33,2061.34,2061.36,2061.37,2061.38,2061.4,2061.42,2061.43,13.1368,19.9181,8.4279,11.1731,21.7799,42.7857,1.4726,0.0025,2.0047,24.2902,0.005,0.0323,0.0025,0.0025,0.0025,0.0051,0.1237,0.008,0.0052,0.0088
184,2062.72,2062.71,2062.7,2062.69,2062.68,2062.67,2062.66,2062.63,2062.62,2062.61,2062.73,2062.8,2062.81,2062.82,2062.87,2062.88,2062.89,2062.9,2062.91,2062.94,3.9588,0.0101,0.0106,0.0051,0.0146,0.0076,0.0151,0.0051,0.0076,1.7321,21.6586,16.5142,2.5021,0.0841,0.9125,9.8748,0.0466,10.1848,6.5527,14.0847
185,2063.06,2063.05,2063.04,2063.02,2063.01,2063,2062.99,2062.98,2062.97,2062.96,2063.07,2063.08,2063.09,2063.1,2063.11,2063.12,2063.13,2063.14,2063.15,2063.16,9.9059,0.0051,0.01,0.0051,0.0162,0.0051,0.0101,1.1256,0.7917,0.0322,13.7673,1.2906,4.8554,0.0132,0.4128,0.0051,0.0076,0.1263,0.0051,0.0349
186,2063.1,2063.09,2063.07,2063.06,2063.05,2063.04,2063.03,2063,2062.98,2062.97,2063.11,2063.12,2063.13,2063.14,2063.16,2063.17,2063.18,2063.19,2063.2,2063.22,38.8242,1.5421,0.0352,0.0398,0.0082,3.931,0.1026,0.0051,0.0326,2.991,10.4925,0.005,4.8553,0.1379,0.0025,0.0293,0.0026,0.005,0.0363,0.0025
187,2063.28,2063.27,2063.26,2063.25,2063.24,2063.23,2063.22,2063.21,2063.2,2063.19,2063.29,2063.3,2063.31,2063.32,2063.34,2063.35,2063.36,2063.37,2063.38,2063.39,16.5527,0.4009,0.0051,0.0326,1.1349,1.0388,0.0026,2.273,3.5406,1.2169,0.1413,0.01,0.0025,0.0025,0.0196,0.2738,0.0025,0.0625,0.0319,0.4196
188,2064.16,2064.15,2064.14,2064.13,2064.12,2064.11,2064.1,2064.09,2064.08,2064.07,2064.17,2064.2,2064.26,2064.28,2064.3,2064.31,2064.32,2064.33,2064.38,2064.39,15.8849,1.2382,0.0051,0.0051,0.0051,0.0652,0.0157,0.5573,0.0102,0.0113,34.7126,0.0025,0.0199,0.0026,0.3933,0.3908,1.8772,0.03,0.01,0.1237
189,2065.39,2065.38,2065.37,2065.36,2065.35,2065.34,2065.33,2065.32,2065.31,2065.3,2065.4,2065.41,2065.42,2065.43,2065.44,2065.45,2065.46,2065.47,2065.48,2065.49,0.0249,0.0151,0.0134,0.0051,0.0076,0.0051,0.01,0.0246,0.0076,0.0131,60.3709,3.9286,0.0474,33.9607,0.043,0.5376,0.0188,0.0422,2.8495,0.2447
190,2065.13,2065.12,2065.11,2065.1,2065.09,2065.08,2065.07,2065.06,2065.05,2065.04,2065.14,2065.15,2065.16,2065.17,2065.19,2065.2,2065.21,2065.23,2065.24,2065.25,11.9704,0.0511,0.0051,0.0077,1.8958,1.0504,1.2343,0.0051,0.0376,0.0274,6.5788,0.6072,0.005,0.0025,0.0202,0.0131,0.1211,0.0025,0.0268,0.0326
191,2065.68,2065.67,2065.64,2065.63,2065.62,2065.61,2065.6,2065.59,2065.58,2065.57,2065.69,2065.7,2065.71,2065.73,2065.74,2065.77,2065.79,2065.8,2065.81,2065.82,16.1297,0.2326,0.0051,1.0138,0.8144,0.7892,1.8828,0.0351,1.316,0.0307,0.1295,0.4063,0.005,0.0025,0.0277,0.0025,0.0051,0.4069,0.005,0.0927
192,2065.53,2065.52,2065.51,2065.5,2065.47,2065.46,2065.45,2065.44,2065.42,2065.41,2065.54,2065.55,2065.56,2065.57,2065.58,2065.59,2065.6,2065.61,2065.62,2065.63,22.7649,0.0102,0.0026,0.0401,0.0242,0.3959,0.0536,0.0051,0.0052,0.4624,19.0187,4.917,0.01,0.0025,0.0202,0.0051,1.5731,0.005,0.1236,0.0325
193,2065.41,2065.4,2065.39,2065.36,2065.34,2065.32,2065.3,2065.27,2065.25,2065.24,2065.42,2065.43,2065.44,2065.45,2065.46,2065.47,2065.5,2065.51,2065.52,2065.53,56.7974,6.5191,1.8911,0.003,0.9181,0.0351,0.1051,0.4371,0.0056,3.031,0.1808,0.0151,0.0051,0.0294,0.0026,0.0301,0.0106,0.0102,0.0102,0.0051
194,2063.75,2063.74,2063.73,2063.72,2063.71,2063.7,2063.69,2063.68,2063.67,2063.66,2063.76,2063.77,2063.78,2063.79,2063.8,2063.81,2063.82,2063.83,2063.84,2063.85,13.0191,0.4011,0.0051,0.0051,0.0198,0.0432,0.1106,0.014,0.0643,1.1304,15.4148,0.0227,4.8539,0.4484,1.3145,0.1853,0.0081,0.0077,1.4076,0.0326
195,2063,2062.99,2062.98,2062.97,2062.96,2062.95,2062.94,2062.93,2062.92,2062.91,2063.01,2063.02,2063.03,2063.04,2063.05,2063.06,2063.07,2063.08,2063.09,2063.1,11.2471,0.3984,0.4233,0.0025,0.02,0.0025,0.0081,2.4882,0.3908,0.0322,12.7813,0.0229,0.0076,0.0077,1.74,4.853,0.0051,0.0076,0.0102,2.0776
196,2061.24,2061.23,2061.21,2061.2,2061.19,2061.18,2061.16,2061.15,2061.14,2061.13,2061.25,2061.26,2061.27,2061.28,2061.29,2061.3,2061.32,2061.33,2061.34,2061.35,45.7599,0.3933,0.3908,0.0025,4.1715,0.03,2.319,8.115,0.0051,2.4661,1.8299,0.0075,0.0127,0.1264,0.065,0.0349,0.0051,0.0051,0.0887,0.0051
197,2061.99,2061.98,2061.97,2061.95,2061.94,2061.91,2061.9,2061.89,2061.88,2061.87,2062,2062.02,2062.03,2062.04,2062.05,2062.06,2062.07,2062.08,2062.09,2062.1,14.8474,0.0177,0.4009,0.0759,0.016,0.0228,0.4035,0.4035,0.5497,0.0026,31.6931,2.2282,0.0051,0.0204,6.5891,0.0051,0.0026,0.0806,0.2923,0.447
198,2062.7,2062.69,2062.68,2062.67,2062.66,2062.65,2062.64,2062.63,2062.62,2062.61,2062.71,2062.72,2062.73,2062.74,2062.75,2062.76,2062.77,2062.78,2062.79,2062.8,8.8668,1.1633,0.0051,0.0051,0.0194,1.8929,0.0052,0.0026,0.0377,0.9735,14.6095,6.1608,0.0076,0.0051,0.0229,0.0051,0.0076,0.1618,0.0051,0.0327
199,2063.25,2063.22,2063.21,2063.2,2063.19,2063.18,2063.17,2063.16,2063.15,2063.14,2063.26,2063.27,2063.28,2063.29,2063.3,2063.31,2063.32,2063.33,2063.34,2063.35,49.7668,0.0127,2.1609,6.5225,4.2068,0.0026,0.0076,0.0381,0.0051,1.0609,5.5164,0.0151,0.0152,0.0076,0.074,1.9508,1.3459,0.0076,0.0077,0.5447
200,2063.39,2063.38,2063.37,2063.36,2063.35,2063.34,2063.33,2063.32,2063.31,2063.3,2063.4,2063.41,2063.42,2063.43,2063.44,2063.45,2063.46,2063.47,2063.48,2063.49,12.8104,0.0082,0.7917,0.0076,0.0172,2.2648,1.8841,0.7483,0.0025,1.5274,4.6585,0.0151,0.7425,0.0076,0.0231,0.0051,0.0102,4.8495,0.0051,0.0352
201,2064.74,2064.73,2064.72,2064.71,2064.7,2064.69,2064.68,2064.66,2064.65,2064.63,2064.75,2064.76,2064.77,2064.78,2064.79,2064.8,2064.82,2064.83,2064.84,2064.85,58.6313,12.5177,35.865,2.4702,0.023,0.0326,1.2583,0.0026,0.051,0.2421,0.4396,0.0101,0.0079,0.0051,0.0229,0.5342,0.0051,0.0294,0.0077,0.4286
202,2069.7,2069.69,2069.68,2069.67,2069.66,2069.65,2069.64,2069.63,2069.62,2069.61,2069.71,2069.72,2069.73,2069.77,2069.78,2069.79,2069.8,2069.81,2069.82,2069.83,12.5428,0.0176,0.0988,0.0076,0.0225,0.0076,0.0076,0.0201,0.0025,0.0372,37.9094,0.0026,0.0351,0.0026,0.0203,0.0026,0.0176,0.3984,1.638,0.8209
203,2067.45,2067.4,2067.39,2067.38,2067.37,2067.36,2067.35,2067.34,2067.33,2067.32,2067.46,2067.47,2067.48,2067.5,2067.54,2067.56,2067.57,2067.58,2067.6,2067.62,47.389,0.0051,0.0351,0.0051,2.8105,0.1202,7.931,0.0535,0.6112,0.0323,1.9583,0.0126,0.0126,0.0051,0.0624,0.0051,0.0128,1.3679,0.0502,0.0325
204,2068.53,2068.52,2068.51,2068.5,2068.49,2068.48,2068.47,2068.46,2068.45,2068.44,2068.54,2068.55,2068.56,2068.57,2068.58,2068.59,2068.6,2068.61,2068.62,2068.63,24.7789,0.0178,17.4759,0.0101,0.4068,0.0051,0.0051,0.0026,0.0077,1.3801,10.6683,0.0051,0.0051,0.0076,0.0277,0.0101,0.0051,0.0026,0.0051,0.035
205,2066.49,2066.48,2066.47,2066.46,2066.45,2066.44,2066.43,2066.42,2066.41,2066.4,2066.5,2066.51,2066.52,2066.53,2066.58,2066.59,2066.6,2066.63,2066.64,2066.65,9.3425,0.0445,0.9445,0.0103,0.1399,0.0051,0.0051,0.0634,0.0051,0.0381,49.0042,0.008,0.5355,0.0051,0.0351,0.0051,0.0051,15.4291,34.7858,0.0026
206,2066.66,2066.65,2066.64,2066.63,2066.62,2066.61,2066.6,2066.58,2066.57,2066.56,2066.67,2066.68,2066.69,2066.7,2066.71,2066.72,2066.73,2066.74,2066.75,2066.76,57.6943,8.8564,0.556,0.0329,0.0051,0.5199,1.8839,0.0376,0.0056,0.247,1.0054,0.0101,0.0293,0.0233,0.0076,0.0128,0.7892,0.0051,0.0883,0.0126
207,2066.98,2066.97,2066.96,2066.95,2066.94,2066.93,2066.92,2066.91,2066.9,2066.87,2066.99,2067,2067.01,2067.02,2067.03,2067.04,2067.06,2067.07,2067.08,2067.09,47.3282,6.7003,0.0076,0.0103,1.0804,0.0535,0.0078,4.6949,1.5197,0.8416,7.953,0.0206,0.0076,0.0076,0.0178,0.0051,0.0103,0.1261,0.0076,0.0401
208,2065.71,2065.7,2065.69,2065.68,2065.67,2065.66,2065.65,2065.64,2065.63,2065.62,2065.72,2065.73,2065.74,2065.77,2065.78,2065.8,2065.82,2065.83,2065.86,2065.87,9.181,0.1431,0.0101,0.0051,0.0226,0.0051,0.0371,0.1215,0.0228,0.1508,36.4495,2.3789,5.2349,0.6364,0.0177,0.3958,0.0025,1.374,0.03,7.6112
209,2066.53,2066.52,2066.51,2066.5,2066.49,2066.48,2066.47,2066.46,2066.45,2066.44,2066.54,2066.55,2066.56,2066.57,2066.58,2066.59,2066.6,2066.61,2066.62,2066.63,28.4261,0.0026,0.0334,0.2495,0.0476,1.6281,0.4608,2.5242,0.0026,0.6371,0.0433,0.01,0.0102,0.4035,0.4085,0.005,0.0289,0.0631,0.0025,0.035
210,2067.23,2067.22,2067.21,2067.2,2067.15,2067.14,2067.13,2067.12,2067.11,2067.1,2067.24,2067.25,2067.26,2067.27,2067.28,2067.29,2067.3,2067.31,2067.35,2067.36,23.6288,0.0101,0.0389,0.0076,0.0228,0.2076,0.0103,0.9852,2.3374,0.0347,15.2418,0.0127,163.1369,0.0025,0.1412,0.7841,0.0105,0.0304,0.005,0.2262
211,2069.61,2069.6,2069.56,2069.55,2069.54,2069.53,2069.51,2069.5,2069.49,2069.48,2069.62,2069.63,2069.64,2069.65,2069.66,2069.67,2069.68,2069.69,2069.7,2069.71,40.9331,0.8196,5.69,15.4943,4.1847,0.0226,4.0657,0.0051,0.1432,0.0266,2.3308,0.01,0.0025,0.005,0.0254,0.3958,0.0025,0.0025,0.0422,3.7577
212,2069.43,2069.42,2069.41,2069.4,2069.39,2069.38,2069.37,2069.36,2069.35,2069.34,2069.44,2069.46,2069.49,2069.5,2069.51,2069.52,2069.53,2069.54,2069.55,2069.56,4.0452,0.0595,0.0051,0.0212,0.0276,0.0103,0.0128,0.7892,0.0026,0.0323,15.8272,0.035,1.8679,0.0055,1.5408,0.005,0.0025,0.0054,0.1534,34.7832
213,2070.53,2070.52,2070.51,2070.5,2070.49,2070.48,2070.47,2070.46,2070.45,2070.44,2070.54,2070.55,2070.56,2070.6,2070.61,2070.63,2070.64,2070.65,2070.66,2070.68,0.0596,0.4059,0.0076,0.0156,0.0201,0.0076,0.0051,0.0154,0.7892,0.0348,73.3896,0.5025,6.6068,0.0201,0.8933,4.2171,1.8697,3.6636,6.7933,10.6307
214,2070.15,2070.13,2070.12,2070.11,2070.1,2070.09,2070.08,2070.07,2070.06,2070.05,2070.16,2070.17,2070.18,2070.19,2070.2,2070.21,2070.22,2070.23,2070.24,2070.25,24.3871,0.0188,0.0026,0.0178,0.4109,0.0351,0.4984,0.0026,0.0026,1.2006,11.7696,0.0153,0.1309,0.0076,0.0466,0.0395,4.8337,0.0026,0.0026,0.0337
215,2069.26,2069.25,2069.24,2069.23,2069.22,2069.21,2069.2,2069.19,2069.18,2069.17,2069.27,2069.28,2069.29,2069.3,2069.31,2069.32,2069.33,2069.34,2069.35,2069.36,3.023,0.0231,0.0176,0.0103,0.4159,0.0535,0.0106,0.0051,0.0103,0.137,48.5803,2.6275,9.8614,17.3967,14.828,1.8746,1.8668,0.2551,0.0051,6.7959
216,2068.42,2068.4,2068.39,2068.38,2068.36,2068.35,2068.34,2068.32,2068.31,2068.3,2068.43,2068.44,2068.45,2068.46,2068.47,2068.48,2068.49,2068.5,2068.51,2068.52,38.8584,0.0051,1.0343,1.2074,0.2417,0.8017,0.0556,0.051,0.0052,0.0556,0.8809,1.3749,0.0051,0.0076,0.0228,0.0051,0.0101,0.0106,0.0103,0.1559
217,2068.35,2068.34,2068.33,2068.32,2068.31,2068.3,2068.29,2068.28,2068.27,2068.26,2068.36,2068.37,2068.38,2068.39,2068.4,2068.41,2068.42,2068.44,2068.45,2068.46,8.9031,1.6185,0.3959,0.0076,0.1486,0.0106,0.0128,0.3959,0.0051,0.0375,28.1145,3.0755,4.868,0.0128,0.9044,0.0153,1.8741,0.0056,0.0051,0.03
218,2067.25,2067.24,2067.23,2067.22,2067.21,2067.2,2067.19,2067.18,2067.17,2067.16,2067.26,2067.28,2067.3,2067.31,2067.33,2067.34,2067.35,2067.36,2067.37,2067.38,0.0438,0.0126,0.0051,0.0101,0.0303,0.4039,0.0076,0.4011,0.0361,0.0321,51.6189,0.0051,0.0376,0.0051,0.5178,21.5895,50.245,1.0051,0.0103,0.0301
219,2066.35,2066.34,2066.33,2066.31,2066.3,2066.28,2066.27,2066.26,2066.25,2066.24,2066.36,2066.37,2066.4,2066.41,2066.44,2066.45,2066.46,2066.47,2066.48,2066.49,35.9165,0.8123,0.0051,0.0351,0.0201,0.0026,1.768,3.8556,0.2648,0.1532,1.674,0.005,0.0025,0.0025,0.005,0.0177,0.008,0.0102,0.9458,0.005
220,2066.53,2066.52,2066.51,2066.5,2066.49,2066.48,2066.47,2066.46,2066.45,2066.44,2066.54,2066.55,2066.57,2066.58,2066.59,2066.6,2066.61,2066.62,2066.63,2066.64,11.2279,0.024,0.4011,0.0131,0.02,0.0394,0.5199,0.4014,0.1312,0.4231,23.2012,0.0026,0.0026,0.0351,0.0228,0.0101,0.0051,10.6807,0.7917,0.0302
221,2067.63,2067.62,2067.61,2067.6,2067.59,2067.58,2067.57,2067.56,2067.55,2067.5,2067.64,2067.65,2067.66,2067.67,2067.68,2067.69,2067.7,2067.71,2067.72,2067.73,19.112,0.1526,0.0077,0.5051,0.02,0.0052,0.3429,0.7842,0.0026,0.0322,12.2221,0.7866,0.035,0.0081,9.5346,0.1311,9.4564,0.005,0.0292,0.0313
222,2068.68,2068.67,2068.66,2068.65,2068.64,2068.63,2068.62,2068.61,2068.6,2068.59,2068.69,2068.7,2068.71,2068.72,2068.73,2068.74,2068.75,2068.76,2068.78,2068.79,24.7126,3.5021,0.0129,0.047,0.0176,0.1051,1.8793,4.233,5.2916,1.3855,0.4811,0.0231,0.0076,0.0127,0.1437,0.0489,0.0026,0.0293,0.0076,0.0327
223,2071.15,2071.14,2071.13,2071.12,2071.11,2071.1,2071.09,2071.08,2071.07,2071.06,2071.16,2071.17,2071.18,2071.19,2071.2,2071.22,2071.26,2071.27,2071.28,2071.29,0.8309,0.0151,0.0051,0.0076,0.0226,0.0106,0.0076,0.0101,0.0026,0.0347,42.947,0.0376,0.0151,0.0029,0.0051,0.5026,9.4861,8.156,0.244,24.6214
224,2070.6,2070.59,2070.56,2070.55,2070.54,2070.53,2070.52,2070.51,2070.5,2070.49,2070.61,2070.62,2070.63,2070.64,2070.65,2070.66,2070.67,2070.68,2070.69,2070.7,8.578,0.0051,0.0026,0.0025,0.025,0.0051,0.0051,0.0076,0.0106,0.0348,31.2152,4.8429,0.5375,0.0106,0.8069,0.0175,0.0077,0.0026,0.0077,11.3522
225,2070.47,2070.46,2070.45,2070.44,2070.43,2070.42,2070.41,2070.4,2070.39,2070.38,2070.48,2070.49,2070.5,2070.51,2070.52,2070.53,2070.54,2070.55,2070.56,2070.57,10.5514,1.2027,0.0885,0.6136,0.0226,0.0106,2.2625,0.0127,0.3959,0.0298,12.669,0.0026,0.013,4.833,0.0254,1.5594,0.0076,0.0026,0.1973,0.0325
226,2069.35,2069.34,2069.33,2069.32,2069.31,2069.3,2069.29,2069.28,2069.27,2069.26,2069.36,2069.37,2069.38,2069.39,2069.4,2069.41,2069.42,2069.43,2069.44,2069.45,16.0781,0.5248,0.0127,0.2409,0.0739,0.0186,0.1158,0.0076,0.0102,1.3837,13.6121,0.0403,0.0051,0.0026,0.0228,0.0266,0.0051,0.0052,1.2364,1.9009
227,2068.94,2068.93,2068.92,2068.91,2068.9,2068.89,2068.88,2068.87,2068.86,2068.85,2068.95,2068.96,2068.97,2068.98,2068.99,2069,2069.01,2069.02,2069.03,2069.04,13.2788,0.0289,0.5495,0.0051,3.4577,2.268,0.0026,0.3934,0.0026,0.0325,5.6091,0.0076,0.0293,0.0051,0.0265,0.0301,0.7917,0.0051,0.0026,0.0351
228,2069.13,2069.12,2069.11,2069.1,2069.09,2069.08,2069.07,2069.06,2069.05,2069.04,2069.14,2069.15,2069.17,2069.18,2069.19,2069.2,2069.21,2069.22,2069.23,2069.24,2.5954,0.0241,0.0115,0.0156,0.0187,0.0101,0.0026,0.0026,0.3959,0.0348,38.4304,0.0051,0.0052,3.0478,0.5503,13.5261,0.0055,0.4199,34.7611,0.0326
229,2069.47,2069.46,2069.45,2069.43,2069.42,2069.41,2069.4,2069.39,2069.38,2069.37,2069.48,2069.49,2069.5,2069.52,2069.53,2069.54,2069.55,2069.56,2069.57,2069.58,48.8249,0.0536,0.0051,0.0055,0.3863,0.0051,0.0051,0.2416,13.0715,25.8629,0.1924,0.0101,0.0106,0.0102,0.4136,0.069,0.4746,0.0053,0.0127,0.2218
230,2069.98,2069.97,2069.96,2069.95,2069.94,2069.93,2069.92,2069.91,2069.9,2069.89,2069.99,2070,2070.01,2070.02,2070.03,2070.04,2070.06,2070.07,2070.08,2070.09,1.508,0.0202,0.4046,0.0051,0.0213,0.0051,0.0077,0.3959,0.0102,0.4233,68.9237,0.035,2.2501,0.0025,0.0025,0.0177,2.9562,0.029,0.344,9.4815
231,2071.78,2071.77,2071.76,2071.75,2071.74,2071.73,2071.72,2071.71,2071.7,2071.69,2071.79,2071.8,2071.81,2071.82,2071.83,2071.84,2071.85,2071.86,2071.87,2071.88,12.4362,0.4112,0.0026,0.0025,0.0291,0.0051,0.0025,0.1326,0.0077,1.8713,14.2007,0.0101,0.0051,0.0026,0.0228,0.0026,0.0026,0.0026,0.0077,0.4034
232,2072.66,2072.65,2072.64,2072.63,2072.62,2072.61,2072.6,2072.59,2072.58,2072.57,2072.67,2072.68,2072.7,2072.72,2072.73,2072.75,2072.76,2072.79,2072.8,2072.84,16.2236,1.2265,1.7275,1.0265,1.5979,0.0376,0.4014,0.0051,1.0793,1.3323,1.6517,0.0051,0.0051,0.0077,0.7917,0.0247,0.0051,0.0026,0.0051,0.0052
233,2074.06,2074.05,2074.04,2074.02,2074.01,2074,2073.99,2073.96,2073.95,2073.94,2074.07,2074.08,2074.09,2074.1,2074.11,2074.12,2074.13,2074.14,2074.15,2074.16,38.4322,0.0375,0.5791,0.2482,0.0172,0.005,0.0025,0.03,0.0026,0.8161,2.6783,0.0325,0.4739,0.4064,0.0213,0.1257,0.0331,0.0144,0.0051,0.0663
234,2073.31,2073.3,2073.29,2073.28,2073.27,2073.26,2073.25,2073.24,2073.23,2073.22,2073.32,2073.33,2073.34,2073.35,2073.36,2073.37,2073.38,2073.39,2073.4,2073.41,1.1485,0.0206,0.0202,0.1232,0.0174,0.0051,0.0102,0.0051,0.0177,0.8188,54.3989,1.6172,2.8588,2.014,0.0191,0.3959,0.0051,0.008,0.0076,0.0304
235,2071.05,2071.04,2071.03,2071.02,2071,2070.99,2070.98,2070.97,2070.96,2070.95,2071.06,2071.07,2071.08,2071.09,2071.1,2071.11,2071.12,2071.13,2071.17,2071.18,56.9786,0.1016,4.1847,0.0051,0.0405,0.045,0.0386,0.0055,0.0026,0.244,2.4089,0.4009,0.0126,0.0063,0.086,0.0051,0.0076,0.0076,0.0076,0.0902
236,2070.26,2070.25,2070.24,2070.23,2070.22,2070.21,2070.2,2070.19,2070.18,2070.17,2070.27,2070.28,2070.29,2070.3,2070.31,2070.32,2070.33,2070.35,2070.38,2070.39,15.8247,0.0101,0.0051,0.0051,0.0228,2.4816,0.011,0.0026,0.0967,0.1538,9.4029,0.0026,0.0051,0.0051,1.0011,1.393,0.0102,0.0051,1.6512,1.9315
237,2070.13,2070.12,2070.11,2070.1,2070.09,2070.08,2070.07,2070.06,2070.05,2070.04,2070.14,2070.15,2070.16,2070.18,2070.2,2070.21,2070.22,2070.23,2070.24,2070.25,10.7461,0.4131,0.0076,0.0203,0.4525,2.1517,0.0076,0.0077,0.3959,0.0279,29.5415,0.3647,0.0025,0.0199,0.0025,0.0025,0.0374,0.0025,0.0295,0.0026
238,2071.37,2071.36,2071.35,2071.34,2071.33,2071.31,2071.3,2071.29,2071.28,2071.27,2071.38,2071.39,2071.4,2071.41,2071.42,2071.43,2071.44,2071.45,2071.46,2071.47,22.8639,2.3283,0.0401,0.5733,1.888,0.0051,0.008,0.9402,0.8015,0.2755,2.582,0.0075,0.0157,0.0051,0.1436,0.3933,0.005,0.0025,0.0882,0.03
239,2070.85,2070.84,2070.83,2070.82,2070.81,2070.8,2070.79,2070.78,2070.77,2070.76,2070.86,2070.87,2070.9,2070.91,2070.92,2070.93,2070.98,2070.99,2071,2071.01,12.6577,0.0634,0.6232,0.0076,0.0552,0.4065,0.136,0.3934,0.0077,0.078,17.4133,0.0075,0.005,0.005,0.0203,0.7841,0.0507,0.0818,1.8703,0.5659
240,2069.49,2069.48,2069.47,2069.46,2069.45,2069.44,2069.43,2069.42,2069.41,2069.4,2069.5,2069.51,2069.52,2069.53,2069.54,2069.57,2069.58,2069.59,2069.6,2069.61,40.2869,0.9929,0.0051,0.0351,0.0201,0.0151,0.0131,0.3959,0.0026,0.0449,14.0396,0.0076,0.8109,2.1508,0.5328,0.0026,1.8673,0.0025,0.005,0.0025
241,2069.58,2069.57,2069.56,2069.55,2069.54,2069.53,2069.52,2069.51,2069.5,2069.49,2069.59,2069.6,2069.61,2069.62,2069.63,2069.64,2069.65,2069.66,2069.67,2069.69,20.5066,3.2386,0.0428,0.0377,0.4109,0.4009,0.051,0.0051,0.0051,0.0322,6.0151,0.0106,0.0127,1.0281,0.807,2.5523,0.0051,0.0051,0.0025,0.0326
242,2069.34,2069.33,2069.32,2069.31,2069.3,2069.29,2069.28,2069.27,2069.26,2069.25,2069.35,2069.36,2069.37,2069.38,2069.39,2069.4,2069.41,2069.42,2069.43,2069.44,14.147,0.0644,0.0077,2.2639,0.0515,1.4102,0.0351,0.0113,2.2305,1.0277,1.0588,0.0025,0.0051,0.0051,0.0051,0.0228,0.0051,0.0076,0.0026,0.0076
243,2069.4,2069.39,2069.38,2069.37,2069.36,2069.35,2069.34,2069.33,2069.32,2069.31,2069.41,2069.42,2069.47,2069.48,2069.49,2069.5,2069.56,2069.57,2069.58,2069.59,23.6645,0.0138,0.3934,0.1376,1.6894,4.0116,0.126,0.0613,0.008,0.0296,0.469,0.005,0.0025,0.0076,0.3908,0.0177,0.0026,5.3326,0.0301,0.0267
244,2068.83,2068.82,2068.81,2068.8,2068.79,2068.77,2068.76,2068.75,2068.74,2068.73,2068.84,2068.85,2068.86,2068.88,2068.9,2068.91,2068.92,2068.93,2068.94,2068.95,2.519,0.6307,0.0051,0.0127,0.8016,0.0077,0.8228,0.0176,0.0077,0.2423,24.9788,0.3959,0.0076,0.0052,0.0228,1.8719,9.6089,10.1326,0.0026,0.0327
245,2068.48,2068.47,2068.46,2068.45,2068.44,2068.43,2068.42,2068.41,2068.4,2068.39,2068.49,2068.5,2068.51,2068.55,2068.56,2068.57,2068.59,2068.6,2068.64,2068.65,15.715,0.0234,0.0231,0.3959,0.0225,1.4519,0.0623,0.1026,0.6222,0.4254,1.4745,0.0151,1.8721,0.0051,0.2303,0.0025,0.0051,0.8565,0.0026,1.4449
246,2067.77,2067.76,2067.75,2067.74,2067.73,2067.72,2067.71,2067.7,2067.69,2067.68,2067.78,2067.79,2067.8,2067.81,2067.82,2067.83,2067.84,2067.85,2067.86,2067.87,33.0702,0.0727,0.5967,0.0026,0.02,0.0052,0.8514,2.835,0.0176,0.0296,11.0352,0.3292,0.008,0.005,0.0229,0.9059,1.9065,0.005,0.0025,0.0377
247,2067.9,2067.89,2067.88,2067.87,2067.86,2067.85,2067.84,2067.8,2067.79,2067.78,2067.91,2067.92,2067.93,2067.94,2067.95,2067.96,2067.97,2068,2068.02,2068.03,26.8927,0.1205,0.0077,0.7917,0.0251,1.7453,0.0051,0.0051,0.0026,0.0395,12.8325,0.0025,0.0592,1.5175,4.0178,1.871,0.0622,12.1121,9.4904,0.0787
248,2068.98,2068.97,2068.96,2068.95,2068.94,2068.93,2068.92,2068.9,2068.89,2068.88,2068.99,2069,2069.01,2069.02,2069.03,2069.04,2069.05,2069.06,2069.07,2069.08,0.0051,0.0775,0.0025,0.0025,0.0025,0.1234,0.5491,0.0117,0.0101,0.0025,5.1676,8.772,10.6055,3,11.7148,11.7123,3,6.9921,3,3
249,2068.41,2068.4,2068.39,2068.38,2068.37,2068.36,2068.35,2068.34,2068.33,2068.32,2068.42,2068.43,2068.44,2068.45,2068.47,2068.49,2068.5,2068.51,2068.52,2068.53,24.9645,2.1705,0.0052,0.6546,0.02,0.0026,0.0026,0.0026,0.0082,1.7642,12.1563,0.0076,0.0077,0.4009,0.0501,0.0051,0.0106,0.0102,0.126,0.0234
250,2068.57,2068.56,2068.55,2068.54,2068.53,2068.52,2068.51,2068.5,2068.49,2068.48,2068.58,2068.59,2068.6,2068.61,2068.62,2068.64,2068.65,2068.66,2068.67,2068.69,1.8672,0.0177,0.7385,0.0051,0.0201,0.3959,0.0076,0.0101,0.0127,0.4229,22.5657,0.0076,3.4578,1.9197,0.0229,0.0076,0.0351,0.0056,0.4008,9.4764
251,2068.53,2068.52,2068.51,2068.5,2068.47,2068.46,2068.45,2068.44,2068.43,2068.42,2068.54,2068.55,2068.57,2068.58,2068.59,2068.6,2068.61,2068.62,2068.64,2068.65,14.796,0.631,0.022,0.0076,0.0526,0.7635,2.0995,0.0192,0.0051,0.0322,20.3157,0.0025,0.0052,0.3985,0.0204,0.0055,0.005,0.01,0.0051,0.7355
252,2068.39,2068.38,2068.37,2068.36,2068.35,2068.34,2068.33,2068.32,2068.31,2068.3,2068.4,2068.41,2068.42,2068.43,2068.44,2068.45,2068.46,2068.47,2068.48,2068.49,12.4316,0.0051,0.0076,0.0026,0.0442,0.0126,0.0051,0.0102,0.126,0.0402,14.5147,4.8864,5.622,0.0051,1.8834,0.0051,0.0026,0.0351,0.0026,0.0268
253,2068.19,2068.18,2068.17,2068.16,2068.14,2068.13,2068.12,2068.11,2068.1,2068.09,2068.2,2068.21,2068.22,2068.29,2068.3,2068.31,2068.34,2068.35,2068.36,2068.37,31.6169,0.0051,0.0076,0.0026,0.8066,1.8732,0.0051,0.1381,0.1365,0.0026,7.1725,0.0026,0.0051,0.0051,0.0128,0.4067,0.0051,0.0026,0.0026,0.0026
254,2070.45,2070.44,2070.42,2070.41,2070.4,2070.39,2070.38,2070.37,2070.36,2070.35,2070.46,2070.47,2070.48,2070.49,2070.5,2070.51,2070.52,2070.53,2070.54,2070.55,13.6115,1.092,0.0055,0.0026,0.025,0.0078,0.7892,0.0026,0.0351,0.0371,14.0058,0.0076,0.0051,0.0101,0.0263,0.0176,0.0128,0.9571,0.0351,0.0297
255,2069.29,2069.28,2069.27,2069.26,2069.25,2069.24,2069.23,2069.22,2069.21,2069.2,2069.3,2069.31,2069.32,2069.33,2069.34,2069.35,2069.36,2069.37,2069.4,2069.41,6.5019,0.0076,0.0163,0.0051,0.0278,0.6241,0.0103,1.1242,0.008,0.0401,30.5075,0.0076,0.0051,0.0078,0.5925,0.0078,1.8735,0.0376,0.0076,0.0228
256,2068.4,2068.39,2068.38,2068.37,2068.36,2068.35,2068.34,2068.33,2068.32,2068.31,2068.41,2068.42,2068.43,2068.44,2068.45,2068.46,2068.47,2068.49,2068.5,2068.52,0.1132,0.1249,0.0429,0.0094,0.0326,0.6244,1.1389,0.0081,0.0077,0.1503,57.5589,0.3984,0.7083,1.8785,0.0163,0.0026,0.4309,0.0051,0.0051,0.0519
257,2067.64,2067.63,2067.62,2067.61,2067.6,2067.59,2067.58,2067.57,2067.56,2067.54,2067.65,2067.66,2067.69,2067.7,2067.71,2067.72,2067.73,2067.74,2067.75,2067.76,9.6851,0.0277,9.6947,0.0051,0.0305,0.0051,0.0026,0.0051,0.0081,0.032,57.6094,0.0351,0.0079,0.0051,0.0164,0.0026,0.9732,1.8729,0.0351,1.3411
258,2066.42,2066.41,2066.4,2066.39,2066.38,2066.37,2066.36,2066.35,2066.34,2066.33,2066.43,2066.44,2066.45,2066.46,2066.47,2066.48,2066.49,2066.5,2066.51,2066.52,3.9618,0.0255,0.3984,0.0076,0.0225,0.0101,0.0051,0.0102,10.0787,0.0346,11.7398,0.0052,0.1311,0.0052,0.0165,0.0293,0.0616,1.8945,0.3959,7.3717
259,2066.53,2066.52,2066.51,2066.5,2066.49,2066.48,2066.47,2066.44,2066.43,2066.42,2066.54,2066.55,2066.56,2066.57,2066.58,2066.59,2066.6,2066.61,2066.62,2066.63,10.3775,0.0202,0.1254,0.0076,0.0206,0.0102,1.2557,0.0077,1.1437,0.031,37.4761,2.3235,0.3934,0.0081,0.0446,0.0051,0.0081,0.0026,0.6091,0.0269
260,2066.9,2066.89,2066.88,2066.85,2066.83,2066.82,2066.81,2066.8,2066.77,2066.76,2066.91,2066.92,2066.93,2066.94,2066.95,2066.96,2066.97,2066.98,2066.99,2067,3.9342,0.0151,0.0579,0.0026,0.0077,0.8031,0.0076,0.4357,0.0051,0.0102,63.9084,26.3205,0.0102,0.0376,0.0568,0.0076,19.9939,1.9052,0.0051,1.9861
261,2065.74,2065.73,2065.72,2065.71,2065.7,2065.69,2065.68,2065.67,2065.66,2065.65,2065.75,2065.77,2065.78,2065.8,2065.82,2065.83,2065.84,2065.85,2065.86,2065.87,0.0375,0.1181,0.0051,0.0076,0.0106,0.0076,0.0051,0.0051,0.0051,0.0268,62.3227,0.0351,0.0051,0.0106,13.3363,17.4138,0.9998,2.9132,4.608,0.0279
262,2064.91,2064.9,2064.89,2064.88,2064.87,2064.84,2064.83,2064.82,2064.81,2064.8,2064.92,2064.93,2064.94,2064.95,2064.96,2064.97,2064.98,2065,2065.02,2065.03,0.0386,0.0654,0.0101,0.0026,0.0051,0.0258,0.0294,0.056,0.0162,0.1364,69.156,0.8596,0.0051,1.8769,0.0376,0.3683,0.0051,0.0178,0.2472,4.1816
263,2063.85,2063.84,2063.83,2063.82,2063.81,2063.8,2063.79,2063.78,2063.77,2063.76,2063.86,2063.87,2063.88,2063.89,2063.9,2063.91,2063.92,2063.93,2063.95,2063.96,11.4109,0.1191,0.025,0.0051,0.0115,0.0131,0.0417,0.0051,0.0102,0.136,27.4172,0.0076,0.0376,0.0052,0.419,0.0051,0.0051,0.0056,0.0026,0.0262
264,2062.33,2062.32,2062.31,2062.3,2062.29,2062.28,2062.27,2062.26,2062.25,2062.24,2062.34,2062.35,2062.36,2062.37,2062.38,2062.39,2062.4,2062.41,2062.42,2062.43,5.6089,0.0152,9.7069,0.4942,0.4009,0.0076,0.0026,0.0101,0.0051,0.0026,11.4694,0.0352,1.5947,6.0654,0.0205,0.0081,0.0226,0.1076,0.0026,2.1106
265,2057.46,2057.45,2057.43,2057.42,2057.41,2057.4,2057.39,2057.38,2057.37,2057.36,2057.47,2057.48,2057.49,2057.5,2057.51,2057.52,2057.53,2057.54,2057.55,2057.56,20.8098,0.0076,0.0101,0.0077,0.4131,0.0157,0.3984,0.032,0.0025,0.0344,45.6329,0.9091,1.0651,0.411,0.0206,0.3951,0.0026,0.0101,0.0056,0.133
266,2058.22,2058.21,2058.2,2058.19,2058.18,2058.17,2058.16,2058.15,2058.14,2058.13,2058.23,2058.24,2058.25,2058.26,2058.27,2058.28,2058.3,2058.31,2058.32,2058.33,0.037,0.0226,0.4282,0.0076,0.025,0.1291,0.0051,0.0051,0.0102,0.4201,39.8512,0.5026,0.0026,0.0026,0.5204,0.0026,0.9797,0.0026,0.0026,8.7816
267,2059.04,2059.03,2059.02,2059.01,2059,2058.99,2058.98,2058.97,2058.96,2058.95,2059.05,2059.06,2059.07,2059.08,2059.09,2059.1,2059.11,2059.12,2059.13,2059.15,25.7781,0.0026,0.0376,0.0051,0.0275,0.3984,0.0051,0.0026,0.4026,0.032,19.5842,0.01,0.0025,0.0025,0.0178,0.0105,0.0025,0.005,0.0457,0.0353
268,2059.5,2059.49,2059.48,2059.47,2059.46,2059.45,2059.44,2059.43,2059.42,2059.41,2059.51,2059.52,2059.53,2059.54,2059.55,2059.56,2059.57,2059.58,2059.59,2059.6,18.1229,1.8394,1.8907,0.0376,0.0168,0.0051,2.5152,0.3959,0.0056,1.2832,0.3076,0.0076,0.0051,0.0051,0.0629,0.0077,0.4009,0.0051,0.0076,0.0394
269,2059.2,2059.19,2059.18,2059.16,2059.15,2059.14,2059.13,2059.12,2059.11,2059.1,2059.21,2059.22,2059.23,2059.24,2059.28,2059.3,2059.31,2059.32,2059.35,2059.36,23.7518,1.8803,0.0051,0.0051,0.9204,1.9542,1.8675,0.0051,0.0351,0.0051,0.6043,0.0075,0.0025,0.0268,0.0168,0.008,0.0051,0.3983,0.0125,0.0283
270,2060.54,2060.53,2060.52,2060.51,2060.5,2060.49,2060.48,2060.47,2060.46,2060.45,2060.55,2060.56,2060.59,2060.6,2060.61,2060.62,2060.63,2060.64,2060.65,2060.66,16.9212,0.4009,0.0168,0.0537,0.0194,11.3928,7.7198,21.3824,0.0326,0.031,1.3285,0.0126,0.0051,0.0101,0.0245,0.0891,0.0026,0.0051,0.0077,0.1524
271,2061.05,2061.04,2061.03,2061.02,2061.01,2061,2060.99,2060.98,2060.97,2060.96,2061.06,2061.07,2061.08,2061.09,2061.1,2061.11,2061.14,2061.15,2061.16,2061.17,5.4512,0.3984,0.0051,0.0051,0.0169,0.0126,0.0026,0.0127,2.2423,0.0316,31.2618,0.0077,0.1318,0.0351,0.049,0.086,0.0051,0.022,0.0076,0.0281
272,2062.07,2062.06,2062.05,2062.04,2062.03,2062.02,2062.01,2062,2061.99,2061.98,2062.08,2062.1,2062.12,2062.13,2062.14,2062.16,2062.17,2062.18,2062.19,2062.2,1.547,0.0101,0.0051,0.0026,0.0273,0.4009,0.0051,0.0051,0.0051,0.0316,35.3064,0.0075,3.3474,0.0025,0.0625,1.8133,0.0355,0.005,9.5546,5.5166
273,2061.84,2061.83,2061.82,2061.81,2061.8,2061.79,2061.78,2061.77,2061.76,2061.75,2061.85,2061.88,2061.89,2061.9,2061.91,2061.93,2061.95,2061.98,2061.99,2062,1.1343,0.4084,0.0051,0.0026,0.0131,0.0076,0.0076,0.0077,0.3934,0.0051,40.4261,0.5051,0.3959,0.0401,0.0268,0.0533,0.0508,0.3934,0.6493,0.0051
274,2062.74,2062.73,2062.72,2062.71,2062.7,2062.69,2062.68,2062.66,2062.65,2062.64,2062.75,2062.76,2062.77,2062.78,2062.79,2062.8,2062.82,2062.83,2062.84,2062.86,26.0322,0.0076,0.0182,1.8733,0.0223,0.0052,0.7076,0.0051,0.0077,1.8813,10.0378,0.0344,0.0152,0.0026,0.0203,0.0156,0.0026,0.0202,0.8558,0.076
275,2063.49,2063.48,2063.47,2063.46,2063.45,2063.44,2063.43,2063.42,2063.4,2063.39,2063.5,2063.51,2063.52,2063.53,2063.54,2063.55,2063.57,2063.58,2063.59,2063.6,4.812,0.1296,0.0026,0.0076,0.0218,0.3984,0.0102,0.0051,0.0051,0.0331,36.2772,0.0051,0.0481,0.6821,2.0094,0.1263,0.0051,0.0777,0.0051,0.0357
276,2062.48,2062.47,2062.46,2062.45,2062.44,2062.43,2062.42,2062.41,2062.4,2062.39,2062.49,2062.5,2062.51,2062.52,2062.53,2062.54,2062.55,2062.56,2062.57,2062.58,14.6849,2.5461,1.5148,3.901,9.2789,0.0051,0.0592,1.886,0.4014,0.037,1.4004,0.0151,0.0026,0.0026,0.0203,0.0051,0.0051,0.0026,0.0026,0.0352
277,2060.79,2060.78,2060.77,2060.76,2060.75,2060.74,2060.73,2060.72,2060.71,2060.7,2060.8,2060.82,2060.83,2060.84,2060.85,2060.86,2060.87,2060.88,2060.89,2060.9,7.4137,0.0577,0.0158,0.0156,0.022,0.0077,0.3984,0.0051,0.0102,1.9167,29.5311,0.0351,0.0051,0.0026,0.0204,0.0052,0.3984,0.0026,0.0051,9.5228
278,2058.36,2058.35,2058.32,2058.31,2058.3,2058.29,2058.28,2058.27,2058.26,2058.23,2058.37,2058.38,2058.39,2058.4,2058.41,2058.42,2058.43,2058.44,2058.45,2058.49,41.9486,0.0051,0.0026,0.14,0.5075,0.0026,2.7821,5.0142,1.9048,0.3934,7.0438,0.1215,0.0025,0.0055,0.0243,0.0025,0.0357,0.873,2.3933,0.0088
279,2058.14,2058.13,2058.12,2058.11,2058.1,2058.09,2058.08,2058.07,2058.06,2058.05,2058.15,2058.17,2058.18,2058.19,2058.2,2058.21,2058.22,2058.23,2058.24,2058.25,1.4172,0.0126,0.0175,0.0051,0.0211,0.0051,0.063,0.0458,0.0509,0.4168,43.7267,15.2231,20.4277,9.2296,0.0203,3.9405,0.3908,9.503,6.4633,0.0241
280,2059.26,2059.25,2059.24,2059.23,2059.22,2059.21,2059.2,2059.19,2059.18,2059.17,2059.27,2059.29,2059.3,2059.31,2059.32,2059.34,2059.35,2059.36,2059.37,2059.38,17.9416,0.4084,0.0348,0.0294,0.0242,2.0762,0.0161,0.0051,0.0512,0.0331,10.1494,0.0425,0.0127,1.9274,0.4212,0.0076,0.0051,0.0051,0.0051,0.0653
281,2059.7,2059.69,2059.68,2059.67,2059.66,2059.65,2059.64,2059.63,2059.62,2059.61,2059.71,2059.72,2059.73,2059.76,2059.79,2059.8,2059.81,2059.82,2059.83,2059.84,32.4765,1.9746,0.0589,0.0026,0.2639,0.0376,0.0106,0.3959,0.0051,0.0272,0.0386,0.005,0.0025,0.0202,0.0025,0.0025,0.005,0.0076,0.1763,0.1239
282,2060.09,2060.08,2060.07,2060.06,2060.05,2060.04,2060.03,2060.02,2060.01,2060,2060.1,2060.11,2060.12,2060.13,2060.14,2060.15,2060.16,2060.19,2060.2,2060.21,14.3234,0.0648,0.0051,0.0026,0.0191,0.0051,0.0051,0.0126,3.0029,9.9483,8.5123,0.0075,0.0025,0.0025,0.0245,0.3933,0.0025,0.0106,0.1286,0.0286
283,2059.47,2059.46,2059.45,2059.44,2059.43,2059.42,2059.41,2059.4,2059.39,2059.38,2059.48,2059.49,2059.5,2059.51,2059.52,2059.54,2059.55,2059.56,2059.57,2059.58,10.6326,0.2503,0.0127,0.1345,1.2596,0.2532,0.5421,0.6341,1.8939,1.7015,6.9119,0.0075,0.005,0.0051,0.109,0.0025,0.0025,0.0351,1.0424,3.464
284,2059.7,2059.69,2059.68,2059.67,2059.66,2059.65,2059.64,2059.63,2059.62,2059.61,2059.71,2059.74,2059.75,2059.76,2059.79,2059.8,2059.81,2059.82,2059.83,2059.84,3.6737,0.4059,0.0126,0.0076,0.021,0.0076,0.0345,2.011,0.0734,0.4177,24.906,1.904,4.8556,0.7025,0.7202,0.0025,0.9089,0.61,0.035,2.3029
285,2059.71,2059.7,2059.69,2059.68,2059.67,2059.66,2059.65,2059.64,2059.63,2059.62,2059.72,2059.73,2059.74,2059.75,2059.76,2059.77,2059.78,2059.79,2059.8,2059.81,4.8872,0.0619,0.0076,0.0126,0.0188,0.0076,0.0051,0.0345,0.129,0.0322,37.2086,5.2593,0.5376,0.0081,1.0839,1.8615,0.7076,0.7511,0.8076,1.1252
286,2060.44,2060.43,2060.42,2060.41,2060.4,2060.39,2060.38,2060.37,2060.36,2060.35,2060.45,2060.46,2060.47,2060.48,2060.49,2060.5,2060.51,2060.52,2060.53,2060.54,4.0231,0.1148,0.6393,1.8682,0.0214,0.0051,0.0102,0.401,1.8922,0.4501,19.7533,1.9725,5.2498,0.0294,0.0203,0.054,0.1268,0.0347,0.0051,0.0427
287,2060.04,2060.03,2060.01,2060,2059.99,2059.98,2059.97,2059.96,2059.95,2059.94,2060.05,2060.08,2060.09,2060.1,2060.12,2060.13,2060.15,2060.16,2060.19,2060.2,0.2298,0.0407,0.0076,0.0131,0.0051,0.0076,0.0106,0.0659,0.0077,0.3959,36.8338,0.5025,1.0352,0.035,0.0241,0.9688,0.0241,0.0099,0.4388,1.2846
288,2059.62,2059.61,2059.6,2059.59,2059.58,2059.57,2059.56,2059.55,2059.54,2059.53,2059.63,2059.64,2059.65,2059.66,2059.67,2059.68,2059.69,2059.7,2059.71,2059.72,0.2771,0.0126,0.0764,0.0076,0.0175,0.0026,0.0076,0.0076,0.0076,0.0346,28.7834,0.0026,0.0401,0.9316,0.0229,0.1026,0.0051,7.0617,0.7076,0.0303
289,2059.25,2059.24,2059.23,2059.22,2059.21,2059.2,2059.19,2059.16,2059.15,2059.14,2059.26,2059.28,2059.29,2059.3,2059.31,2059.32,2059.33,2059.34,2059.35,2059.37,13.7343,0.0101,0.0344,0.0102,0.5373,0.0156,0.0051,0.0287,0.0102,1.1548,49.098,0.0026,0.0375,0.0101,7.7794,18.4669,13.9168,4.5088,2.7735,0.0303
290,2060.79,2060.78,2060.77,2060.76,2060.75,2060.74,2060.73,2060.72,2060.71,2060.7,2060.8,2060.81,2060.82,2060.83,2060.84,2060.85,2060.86,2060.87,2060.88,2060.89,41.7143,0.0537,0.0051,12.8637,0.02,25.426,0.7351,0.7076,9.2296,0.732,1.4577,0.0177,0.0101,0.0077,3.8021,0.0051,0.0151,0.1316,0.3959,0.0596
291,2059.85,2059.84,2059.83,2059.82,2059.81,2059.8,2059.79,2059.78,2059.77,2059.76,2059.86,2059.87,2059.9,2059.92,2059.93,2059.94,2059.95,2059.96,2059.97,2059.98,16.4719,0.1699,0.0427,1.8868,0.0412,0.1428,0.0102,7.4001,1.0403,0.0321,11.7642,1.5347,0.0051,0.0051,0.0204,0.0051,0.0026,0.0051,0.0077,0.4625
292,2059.76,2059.75,2059.74,2059.73,2059.72,2059.7,2059.69,2059.68,2059.67,2059.66,2059.77,2059.78,2059.79,2059.8,2059.81,2059.82,2059.83,2059.84,2059.85,2059.86,108.5802,9.2239,20.5501,2.9181,0.1082,0.0562,5.6805,9.6281,0.0026,0.0295,0.0458,0.0126,0.0076,0.0081,0.028,0.3959,0.0127,0.129,0.0728,0.0328
293,2059.4,2059.39,2059.38,2059.37,2059.36,2059.35,2059.34,2059.33,2059.32,2059.3,2059.41,2059.42,2059.43,2059.45,2059.47,2059.48,2059.5,2059.51,2059.53,2059.54,0.0311,0.0151,0.0051,0.0102,0.1297,0.0865,0.0051,0.0051,0.0051,0.0313,51.2401,0.0056,0.0026,0.0026,0.0326,0.3986,0.923,0.0026,0.0056,1.1108
294,2059.79,2059.78,2059.77,2059.76,2059.75,2059.74,2059.73,2059.71,2059.7,2059.69,2059.8,2059.81,2059.82,2059.83,2059.84,2059.85,2059.88,2059.89,2059.9,2059.91,32.6005,5.559,1.8931,0.0051,0.0205,0.0326,2.0905,0.2453,0.0292,8.4557,0.4891,0.01,0.0025,0.0051,0.1367,0.0853,0.005,0.0025,0.0055,0.0358
295,2059.09,2059.07,2059.06,2059.04,2059.03,2059.02,2059.01,2059,2058.98,2058.95,2059.1,2059.11,2059.13,2059.14,2059.15,2059.16,2059.17,2059.18,2059.19,2059.2,29.4603,1.0288,0.6126,0.2454,0.6076,3.0325,0.0025,4.0448,0.0056,0.0051,0.0292,0.0076,0.0051,0.0051,0.0301,0.0077,0.3984,0.0151,0.0051,0.0157
296,2058.17,2058.16,2058.15,2058.14,2058.13,2058.12,2058.11,2058.1,2058.09,2058.08,2058.18,2058.19,2058.2,2058.21,2058.27,2058.28,2058.3,2058.31,2058.32,2058.33,12.2036,0.0125,0.699,1.8652,2.6529,0.0835,0.0026,0.0081,0.0076,0.032,0.7034,0.0125,0.0055,0.0243,0.0691,0.2043,0.0412,0.0638,0.003,0.0763
297,2057.64,2057.63,2057.62,2057.6,2057.59,2057.58,2057.57,2057.56,2057.55,2057.54,2057.65,2057.66,2057.67,2057.7,2057.71,2057.72,2057.74,2057.75,2057.76,2057.77,2.7319,0.1035,2.0079,0.0131,0.0224,0.0372,0.2453,0.0103,0.551,0.0394,11.7077,4.1598,0.03,0.0025,0.0052,0.4061,0.1052,0.0052,0.6398,1.0743
298,2057.97,2057.96,2057.94,2057.92,2057.91,2057.9,2057.89,2057.88,2057.87,2057.86,2057.98,2057.99,2058,2058.01,2058.03,2058.04,2058.05,2058.07,2058.08,2058.09,15.5904,0.0541,0.9327,0.8693,2.2017,30.7692,9.2589,13.6085,0.2579,0.0268,0.8265,0.01,0.0025,0.0025,0.0165,0.0076,0.3933,0.0076,0.3933,0.028
299,2058.61,2058.6,2058.59,2058.58,2058.57,2058.56,2058.55,2058.54,2058.53,2058.52,2058.62,2058.63,2058.66,2058.67,2058.7,2058.71,2058.72,2058.73,2058.74,2058.75,18.5655,0.2054,0.0025,0.015,0.0434,1.0526,0.8841,0.003,1.1325,1.1184,0.4542,0.056,0.0076,0.3933,0.0168,0.0025,0.0076,0.4036,0.3958,0.0231
300,2058.7,2058.69,2058.68,2058.67,2058.66,2058.65,2058.64,2058.63,2058.62,2058.61,2058.71,2058.72,2058.76,2058.77,2058.78,2058.79,2058.8,2058.82,2058.83,2058.84,26.7824,12.0462,0.3959,0.0537,0.0511,0.0026,0.0026,0.3984,0.0026,30.0566,0.6984,0.0075,0.0025,0.0051,0.4075,0.1215,0.0055,0.0294,0.3908,0.026
301,2058.79,2058.78,2058.77,2058.76,2058.75,2058.74,2058.73,2058.72,2058.71,2058.7,2058.8,2058.81,2058.83,2058.84,2058.85,2058.86,2058.87,2058.9,2058.93,2058.94,0.0392,0.0101,0.006,0.0077,0.4087,0.0077,0.3959,0.0051,0.0051,0.0313,13.0864,0.5053,0.1,0.53,0.036,0.0242,0.003,1.9893,0.03,1.9079
302,2059.63,2059.62,2059.61,2059.6,2059.59,2059.58,2059.57,2059.56,2059.54,2059.53,2059.64,2059.65,2059.66,2059.67,2059.68,2059.69,2059.7,2059.71,2059.72,2059.73,13.9894,1.5099,0.0176,0.0077,1.1256,0.0051,0.0052,1.3885,0.0052,1.9116,0.4656,0.0393,0.005,0.0025,0.0133,0.0267,0.072,0.0051,1.4844,0.8692
303,2058.41,2058.4,2058.39,2058.38,2058.33,2058.32,2058.31,2058.3,2058.28,2058.27,2058.42,2058.43,2058.44,2058.45,2058.48,2058.49,2058.5,2058.51,2058.52,2058.53,20.7867,0.0076,1.7959,0.0051,1.3142,0.7917,0.2455,0.8819,1.7795,0.8666,0.8061,0.008,0.005,0.0025,0.0205,0.402,0.0055,0.0025,0.0075,0.0264
304,2059.3,2059.29,2059.27,2059.25,2059.24,2059.23,2059.22,2059.21,2059.2,2059.19,2059.31,2059.32,2059.33,2059.34,2059.37,2059.38,2059.4,2059.41,2059.42,2059.43,0.4422,0.4034,0.0051,0.0051,0.0026,0.0369,0.0077,4.7313,0.0157,0.4084,27.0889,1.8891,1.5301,0.8154,0.8154,0.03,2.7054,3.8847,0.1113,1.0346
305,2059.69,2059.68,2059.67,2059.66,2059.65,2059.64,2059.63,2059.62,2059.61,2059.6,2059.7,2059.71,2059.72,2059.73,2059.74,2059.75,2059.76,2059.77,2059.78,2059.79,13.7558,0.1596,0.0336,0.0076,0.0124,0.0051,0.0052,0.8011,0.0026,0.0329,0.4732,0.02,0.0487,0.8197,0.9963,1.0942,1.9758,0.3958,0.0026,0.8336
306,2061.21,2061.2,2061.18,2061.17,2061.16,2061.15,2061.14,2061.13,2061.12,2061.11,2061.22,2061.23,2061.24,2061.25,2061.26,2061.27,2061.28,2061.29,2061.3,2061.31,3.327,0.0051,0.0126,0.0026,0.0176,0.0102,1.0183,0.0026,0.0051,0.0233,14.9462,1.0857,2.324,0.0026,0.7171,0.0325,0.1238,0.0055,0.0323,0.0467
307,2061.66,2061.65,2061.64,2061.63,2061.62,2061.61,2061.6,2061.59,2061.58,2061.57,2061.67,2061.68,2061.69,2061.7,2061.71,2061.72,2061.73,2061.74,2061.75,2061.77,4.7372,0.9186,0.0051,0.0101,0.0192,0.0026,0.0152,1.1554,0.0052,1.6406,5.123,0.0635,0.0075,0.9354,0.0119,1.2085,0.8112,0.3934,1.8828,1.1386
308,2061.42,2061.41,2061.4,2061.39,2061.35,2061.34,2061.33,2061.32,2061.31,2061.3,2061.43,2061.44,2061.45,2061.46,2061.48,2061.49,2061.5,2061.51,2061.54,2061.55,0.0271,0.4111,0.0263,0.3959,0.0213,0.3934,0.0051,0.0052,0.3934,0.0624,31.0526,2.5124,0.03,0.0025,1.0468,2.0354,1.0243,0.003,3.7792,0.6094
309,2061.67,2061.66,2061.6,2061.57,2061.54,2061.52,2061.51,2061.5,2061.49,2061.48,2061.68,2061.69,2061.7,2061.71,2061.72,2061.74,2061.75,2061.76,2061.77,2061.78,37.091,0.3908,0.0025,0.3908,5.0529,0.0051,0.2,0.3984,0.0051,0.0051,1.5956,0.0177,0.1319,0.0102,0.0905,0.0102,0.3984,0.0026,0.0026,0.0051
310,2062.38,2062.37,2062.36,2062.35,2062.34,2062.33,2062.32,2062.31,2062.3,2062.29,2062.39,2062.4,2062.41,2062.43,2062.44,2062.45,2062.46,2062.47,2062.48,2062.49,0.3009,0.0122,0.0051,0.0076,0.0429,0.0076,0.0102,0.129,0.3989,0.025,41.745,5.2843,6.6817,0.0026,0.042,0.0051,0.0026,0.0026,16.0305,2.4156
311,2062.73,2062.72,2062.71,2062.7,2062.69,2062.68,2062.67,2062.66,2062.65,2062.64,2062.74,2062.75,2062.77,2062.78,2062.79,2062.8,2062.81,2062.82,2062.83,2062.87,1.2626,0.1313,0.0201,0.0131,0.0172,0.0077,10.4893,0.0899,0.0025,0.0077,65.7302,1.0002,0.0051,6.913,15.5561,0.0376,0.3934,0.0026,0.0056,32.9268
312,2063.4,2063.39,2063.37,2063.36,2063.35,2063.34,2063.33,2063.32,2063.31,2063.3,2063.41,2063.42,2063.43,2063.44,2063.45,2063.46,2063.47,2063.48,2063.49,2063.5,21.2465,0.0292,11.044,25.3669,7.0164,0.0376,0.2474,0.0485,0.0051,2.2001,0.4305,0.0101,0.0076,0.0026,0.0156,0.0051,0.0051,0.0051,0.0051,0.0321
313,2062.98,2062.97,2062.96,2062.95,2062.94,2062.92,2062.91,2062.9,2062.89,2062.88,2062.99,2063,2063.01,2063.02,2063.03,2063.04,2063.06,2063.07,2063.1,2063.11,14.2891,0.0026,0.8648,0.0051,0.022,0.0077,0.5318,0.0102,205.2284,0.108,8.8078,0.0206,0.0026,0.0051,0.0234,0.3959,1.6793,0.0051,1.0933,0.4153
314,2060.89,2060.88,2060.85,2060.82,2060.81,2060.8,2060.79,2060.74,2060.73,2060.71,2060.9,2060.91,2060.92,2060.93,2060.94,2060.95,2060.96,2060.97,2060.98,2060.99,23.0337,0.0103,0.0241,0.0351,0.8242,1.7776,1.9184,1.2425,0.0376,26.8021,0.461,0.0076,0.0051,0.0051,0.024,0.0026,0.0056,0.0051,0.0102,0.1542
315,2061.41,2061.4,2061.39,2061.38,2061.37,2061.36,2061.35,2061.34,2061.33,2061.31,2061.42,2061.43,2061.44,2061.45,2061.46,2061.47,2061.48,2061.49,2061.5,2061.51,33.8388,10.8752,0.0076,0.0051,1.1076,0.0808,0.0051,0.0051,0.0051,22.3721,0.3309,0.0151,0.0051,0.0051,0.0257,0.0051,0.0127,0.1925,0.0106,0.0531
316,2062.01,2062,2061.99,2061.98,2061.97,2061.96,2061.95,2061.94,2061.93,2061.92,2062.02,2062.03,2062.04,2062.05,2062.06,2062.07,2062.08,2062.09,2062.1,2062.11,5.8333,0.0279,0.01,0.0025,0.0174,0.0077,0.4035,0.4087,0.0051,0.032,21.2741,7.9448,1.8887,1.2085,0.4147,0.3076,29.6764,0.4009,0.7975,0.1529
317,2063.44,2063.43,2063.41,2063.4,2063.39,2063.38,2063.37,2063.36,2063.35,2063.34,2063.45,2063.46,2063.47,2063.48,2063.49,2063.5,2063.51,2063.52,2063.53,2063.54,12.4971,0.0176,0.0151,0.0081,0.025,0.0076,0.037,1.8827,0.0507,0.1532,36.0703,5.2478,0.0051,0.0051,0.0209,0.0076,0.0051,0.0377,0.3959,0.0333
318,2064.75,2064.74,2064.73,2064.72,2064.71,2064.7,2064.69,2064.68,2064.67,2064.65,2064.76,2064.77,2064.78,2064.79,2064.8,2064.82,2064.83,2064.84,2064.85,2064.86,11.4722,0.0151,0.0127,1.8792,0.0076,0.0281,3.0102,1.7075,0.0076,0.0026,31.6088,4.8464,0.0351,0.0051,0.0211,0.0052,0.4179,0.0026,0.0052,2.197
319,2064.2,2064.19,2064.18,2064.17,2064.16,2064.15,2064.14,2064.13,2064.12,2064.11,2064.21,2064.22,2064.23,2064.24,2064.25,2064.26,2064.27,2064.28,2064.29,2064.3,9.6386,0.0968,0.0306,0.0076,0.02,0.0127,0.3985,0.3985,0.487,0.0371,22.393,1.5045,0.0026,0.0351,0.0167,0.0081,0.0302,0.3959,0.0026,8.2292
320,2063.72,2063.71,2063.7,2063.69,2063.68,2063.67,2063.66,2063.65,2063.64,2063.63,2063.73,2063.74,2063.75,2063.76,2063.77,2063.79,2063.8,2063.81,2063.82,2063.83,0.0511,0.0075,0.0246,0.0102,0.4158,0.0102,0.0076,0.0026,0.4009,0.098,43.1281,1.9108,5.8354,0.5051,0.0193,0.0351,0.0051,0.0026,0.3964,1.9083
321,2063.17,2063.16,2063.13,2063.12,2063.11,2063.1,2063.09,2063.08,2063.07,2063.06,2063.18,2063.19,2063.2,2063.21,2063.22,2063.23,2063.24,2063.25,2063.26,2063.27,45.7055,0.1012,4.8508,0.7507,12.8875,3.0657,0.0026,9.7572,19.9962,10.2789,0.8072,0.0151,0.0106,0.0076,0.0217,0.0482,0.0077,0.0102,0.3959,0.0306
322,2063.78,2063.77,2063.76,2063.75,2063.74,2063.73,2063.72,2063.71,2063.7,2063.69,2063.79,2063.8,2063.81,2063.82,2063.83,2063.84,2063.85,2063.86,2063.87,2063.88,6.2227,0.1226,0.1288,0.0537,0.4108,0.0076,0.0127,0.4102,0.0076,0.0294,38.6673,11.5479,13.5725,0.2752,12.133,1.6613,0.627,0.0839,0.0051,0.0583
323,2063.77,2063.76,2063.75,2063.74,2063.73,2063.71,2063.7,2063.69,2063.68,2063.67,2063.78,2063.79,2063.8,2063.82,2063.83,2063.84,2063.85,2063.86,2063.88,2063.89,0.0493,0.5221,0.0583,0.3934,0.0175,0.0051,0.0132,0.3959,0.0077,0.4203,59.0873,5.1319,0.0051,0.3964,0.0135,6.8358,8.3318,0.3934,0.0326,16.0053
324,2062.55,2062.54,2062.53,2062.52,2062.51,2062.5,2062.49,2062.48,2062.47,2062.46,2062.56,2062.57,2062.58,2062.59,2062.6,2062.61,2062.62,2062.63,2062.64,2062.7,49.9414,0.3934,0.0373,0.2475,0.0416,15.9166,26.559,2.4774,0.3,0.0394,0.4569,0.4084,0.187,0.0025,0.0139,0.0637,0.0025,0.0076,0.3958,0.0217
325,2063.37,2063.36,2063.35,2063.34,2063.33,2063.32,2063.3,2063.29,2063.27,2063.26,2063.38,2063.39,2063.4,2063.42,2063.43,2063.44,2063.45,2063.46,2063.47,2063.49,39.9167,1.3106,0.0026,0.0351,2.5349,0.0171,0.3984,0.3959,8.5735,12.6059,0.393,0.0238,0.0076,0.0026,0.0077,0.3934,0.0208,0.0076,0.0916,0.0076
326,2062.78,2062.77,2062.76,2062.75,2062.74,2062.73,2062.72,2062.71,2062.7,2062.69,2062.79,2062.8,2062.82,2062.83,2062.84,2062.85,2062.86,2062.87,2062.88,2062.89,0.0393,0.0201,0.0127,0.121,0.4107,0.0102,0.1263,0.0077,0.0131,0.0949,45.2934,3.0756,8.9012,7.0289,0.0114,25.9337,8.3397,0.7892,0.0026,0.2994
327,2061.88,2061.87,2061.85,2061.84,2061.83,2061.82,2061.81,2061.8,2061.79,2061.78,2061.89,2061.9,2061.91,2061.92,2061.93,2061.94,2061.95,2061.98,2061.99,2062,5.4419,0.0166,0.0051,0.0102,0.3959,0.0077,0.3934,0.0338,0.0051,0.0051,38.9735,1.6258,14.7594,26.1784,0.0111,4.255,8.2914,0.5,0.035,14.3728
328,2061.84,2061.83,2061.82,2061.81,2061.8,2061.79,2061.78,2061.77,2061.76,2061.75,2061.85,2061.86,2061.87,2061.88,2061.89,2061.9,2061.91,2061.92,2061.93,2061.94,12.3658,1.4942,0.445,0.0351,0.0132,2.5058,0.0102,1.2933,0.0152,0.7867,7.6641,0.0076,0.0026,0.0076,0.0191,0.4034,0.0076,0.0051,0.0026,0.0237
329,2062.83,2062.82,2062.81,2062.8,2062.79,2062.78,2062.77,2062.76,2062.75,2062.74,2062.84,2062.85,2062.86,2062.9,2062.91,2062.92,2062.93,2062.94,2062.95,2062.97,13.3535,2.8484,1.7644,0.0431,0.02,0.3984,0.0077,2.8487,0.8328,0.437,7.8875,0.0151,0.3933,0.0025,0.0117,0.9745,0.3984,0.3908,0.0026,0.0191
330,2064.13,2064.12,2064.11,2064.1,2064.09,2064.08,2064.07,2064.06,2064.05,2064.04,2064.14,2064.15,2064.16,2064.17,2064.18,2064.19,2064.2,2064.21,2064.22,2064.23,48.6145,0.1582,1.6259,0.0051,11.1979,7.7574,0.2498,4.0529,1.7784,0.0839,0.4255,0.01,0.0099,0.0051,0.1374,0.0025,0.008,0.0268,0.0025,0.0837
