timestamp,bid_price_0,bid_price_1,bid_price_2,bid_price_3,bid_price_4,bid_price_5,bid_price_6,bid_price_7,bid_price_8,bid_price_9,ask_price_0,ask_price_1,ask_price_2,ask_price_3,ask_price_4,ask_price_5,ask_price_6,ask_price_7,ask_price_8,ask_price_9,bid_size_0,bid_size_1,bid_size_2,bid_size_3,bid_size_4,bid_size_5,bid_size_6,bid_size_7,bid_size_8,bid_size_9,ask_size_0,ask_size_1,ask_size_2,ask_size_3,ask_size_4,ask_size_5,ask_size_6,ask_size_7,ask_size_8,ask_size_9
0,2066.86,2066.85,2066.83,2066.82,2066.81,2066.8,2066.79,2066.78,2066.77,2066.76,2066.87,2066.88,2066.92,2066.94,2066.95,2066.98,2066.99,2067,2067.01,2067.02,45.979,0.0351,0.0026,0.0026,0.0026,0.7741,0.3873,0.1027,0.0051,1.9129,21.6742,0.0025,0.0228,0.0025,0.0156,0.005,0.0297,0.5025,0.003,0.0025
1,2066.68,2066.67,2066.66,2066.65,2066.64,2066.63,2066.58,2066.53,2066.52,2066.51,2066.69,2066.7,2066.71,2066.72,2066.73,2066.74,2066.75,2066.76,2066.77,2066.78,58.6388,2.4957,1.2173,0.0051,0.5715,1.878,0.0401,0.0051,4.8504,16.927,0.0585,0.0131,0.0051,0.0076,0.0057,0.0051,0.0051,0.0076,0.0076,0.0133
2,2066.8,2066.79,2066.78,2066.77,2066.76,2066.75,2066.74,2066.73,2066.72,2066.71,2066.81,2066.82,2066.85,2066.86,2066.87,2066.88,2066.9,2066.91,2066.92,2066.93,14.8788,0.0051,0.0052,0.0101,0.0139,0.0051,0.0051,0.0076,0.1076,0.0093,30.8701,4.8446,0.0076,0.0051,0.0084,0.0026,0.0051,0.0076,0.0102,0.5085
3,2066.29,2066.28,2066.27,2066.26,2066.25,2066.24,2066.23,2066.22,2066.2,2066.19,2066.3,2066.31,2066.32,2066.34,2066.35,2066.36,2066.37,2066.4,2066.41,2066.42,11.3395,0.0076,0.0026,0.0026,0.0113,0.0081,0.0076,0.0025,0.0025,1.2084,12.488,0.0426,0.0026,0.0631,0.0084,0.0181,0.0412,0.0406,0.0025,0.0112
4,2064.68,2064.67,2064.65,2064.64,2064.63,2064.62,2064.61,2064.6,2064.59,2064.58,2064.69,2064.72,2064.73,2064.74,2064.75,2064.76,2064.77,2064.78,2064.79,2064.8,21.3444,0.0026,1.2153,20.7805,26.1081,3.524,0.0101,0.0406,0.2965,0.1391,0.0327,0.0026,0.0077,0.0051,0.006,0.0026,0.0026,0.0051,0.0026,0.0112
5,2064.86,2064.85,2064.84,2064.83,2064.82,2064.81,2064.8,2064.79,2064.78,2064.77,2064.87,2064.88,2064.96,2064.98,2065.01,2065.02,2065.03,2065.04,2065.05,2065.06,14.1056,1.8591,1.5934,0.0369,0.0067,0.0026,2.5953,0.0051,0.0426,0.0099,10.8759,0.0025,0.0076,0.0052,0.0077,0.5184,0.0077,1.3062,0.0401,0.0026
6,2064.51,2064.5,2064.49,2064.48,2064.47,2064.46,2064.45,2064.44,2064.43,2064.42,2064.52,2064.59,2064.6,2064.63,2064.64,2064.65,2064.66,2064.67,2064.68,2064.69,12.7705,0.0156,0.0051,0.0051,0.0117,0.0076,0.0051,0.0076,0.0202,0.0176,36.296,0.0056,0.0426,0.0052,3.8705,0.0026,0.0026,0.0026,0.0536,8.8539
7,2063.23,2063.22,2063.21,2063.2,2063.19,2063.18,2063.17,2063.16,2063.15,2063.14,2063.24,2063.25,2063.31,2063.32,2063.33,2063.34,2063.35,2063.36,2063.37,2063.38,4.7174,0.0307,0.0661,0.0106,0.0308,0.0076,0.0345,0.0076,0.0331,0.2425,83.5219,0.0025,7.9626,10.1805,0.0051,0.0401,0.0076,0.0064,0.0076,0.0026
8,2061.02,2061.01,2061,2060.99,2060.97,2060.96,2060.95,2060.94,2060.93,2060.92,2061.03,2061.07,2061.08,2061.09,2061.12,2061.13,2061.18,2061.22,2061.23,2061.24,11.2805,0.0319,0.2674,0.0633,0.0585,0.0051,0.0129,0.2365,0.0051,0.0159,40.2976,0.0056,0.6011,0.0325,1.4092,0.8076,0.0685,0.0537,5.317,11.6097
9,2058.97,2058.96,2058.95,2058.94,2058.93,2058.92,2058.91,2058.9,2058.88,2058.87,2058.98,2059.01,2059.02,2059.03,2059.06,2059.07,2059.08,2059.09,2059.1,2059.11,11.5775,0.0126,0.0113,0.0473,0.0131,0.0101,0.0129,20.0197,0.0333,0.015,35.9533,0.0026,0.7513,2.1379,0.0075,0.0065,0.0025,0.003,0.005,0.035
10,2056.01,2056,2055.99,2055.98,2055.97,2055.96,2055.95,2055.94,2055.93,2055.92,2056.02,2056.05,2056.12,2056.14,2056.17,2056.18,2056.19,2056.2,2056.21,2056.22,11.3907,2.007,0.0051,0.3569,0.0119,0.0101,0.1015,0.032,0.0242,0.1594,39.5589,0.0025,0.003,0.0325,1.0958,0.7876,0.0025,1.0025,0.6047,7.0861
11,2058.41,2058.4,2058.39,2058.37,2058.36,2058.35,2058.34,2058.33,2058.32,2058.3,2058.42,2058.43,2058.48,2058.5,2058.51,2058.52,2058.53,2058.54,2058.55,2058.56,16.9832,0.0026,0.0051,0.0051,0.0144,0.0102,1.0192,0.0076,0.0077,0.0253,30.4678,0.0056,0.0351,0.0052,4.4362,0.015,0.2069,0.0146,0.0131,0.0109
12,2057.41,2057.4,2057.39,2057.38,2057.37,2057.36,2057.35,2057.34,2057.33,2057.32,2057.42,2057.44,2057.45,2057.46,2057.48,2057.49,2057.52,2057.53,2057.55,2057.58,0.0151,0.0224,0.0051,0.0346,0.0102,0.1399,0.0855,0.0051,0.0051,0.0051,39.8933,0.003,0.0227,0.0025,0.0025,0.53,0.041,0.0025,0.0055,0.03
13,2057.52,2057.36,2057.35,2057.34,2057.33,2057.32,2057.31,2057.3,2057.29,2057.28,2057.53,2057.54,2057.55,2057.56,2057.57,2057.58,2057.59,2057.6,2057.61,2057.62,31.68,17.6145,4.3548,0.0026,0.0056,0.0026,0.6541,1.8887,17.6571,0.0077,4.7962,0.1379,0.0051,0.0102,0.1267,0.0357,0.0295,0.0106,0.0076,0.0051
14,2060.48,2060.46,2060.41,2060.4,2060.39,2060.37,2060.36,2060.33,2060.3,2060.29,2060.49,2060.5,2060.52,2060.53,2060.54,2060.55,2060.57,2060.58,2060.59,2060.6,41.3437,0.03,18.0914,13.6104,3.4454,0.0325,0.01,0.0025,23.3592,3.7358,0.0222,0.0081,0.0051,0.0676,0.0076,0.0051,0.0051,0.0051,0.0163,0.0106
15,2061,2060.89,2060.82,2060.8,2060.79,2060.78,2060.77,2060.76,2060.75,2060.74,2061.01,2061.02,2061.03,2061.04,2061.05,2061.07,2061.08,2061.09,2061.1,2061.11,12.9723,0.0052,0.0351,0.0181,0.0051,0.0025,12.0575,0.0561,0.0076,9.2506,38.5955,0.0076,0.0051,0.0623,0.0051,0.0056,0.1265,0.3051,1.3018,0.0051
16,2059.6,2059.55,2059.54,2059.53,2059.47,2059.46,2059.45,2059.44,2059.43,2059.42,2059.61,2059.62,2059.63,2059.64,2059.65,2059.66,2059.67,2059.68,2059.69,2059.7,12.8107,0.0051,0.0102,2.0881,0.0446,0.0025,11.3866,37.9325,0.0464,0.1447,32.962,0.0126,0.0051,0.0051,0.0432,0.0369,0.0077,0.1276,0.0026,0.0184
17,2062.29,2062.28,2062.27,2062.26,2062.25,2062.24,2062.23,2062.22,2062.21,2062.2,2062.3,2062.35,2062.37,2062.38,2062.39,2062.4,2062.42,2062.43,2062.44,2062.45,10.3477,0.0106,0.0077,0.0076,0.0122,0.0151,0.0026,0.0051,0.0051,0.0209,25.1496,0.0326,0.0051,0.0083,0.0126,0.0026,0.0126,0.6126,0.0429,0.0445
18,2060.89,2060.88,2060.87,2060.86,2060.85,2060.84,2060.83,2060.82,2060.81,2060.8,2060.9,2060.91,2060.93,2060.94,2060.95,2060.96,2060.97,2060.98,2060.99,2061,11.2865,0.0127,0.1315,0.0076,0.0126,0.0126,1.3592,0.0351,0.0077,0.0207,10.6647,0.0026,0.0103,0.0026,0.0133,0.0026,0.0051,0.0051,0.0026,0.0179
19,2061.56,2061.55,2061.54,2061.52,2061.51,2061.5,2061.49,2061.48,2061.45,2061.42,2061.57,2061.58,2061.6,2061.61,2061.62,2061.63,2061.65,2061.66,2061.67,2061.68,12.1033,0.005,0.0025,0.01,0.0699,0.008,0.1238,0.0025,0.0599,1.5003,20.9232,0.0051,0.0101,0.0051,0.0193,0.0326,0.0127,0.0051,0.0051,0.0188
20,2063.21,2063.2,2063.16,2063.15,2063.14,2063.12,2063.09,2063.08,2063.07,2063.04,2063.22,2063.23,2063.24,2063.25,2063.26,2063.27,2063.28,2063.29,2063.3,2063.31,1.5024,0.0025,0.0026,0.0051,0.0122,0.0151,0.0051,0.0026,0.0026,0.0179,22.4447,0.0026,0.0026,0.0351,0.0112,0.0846,0.0026,0.0026,2.3274,3.0524
21,2064.85,2064.83,2064.82,2064.81,2064.8,2064.79,2064.78,2064.77,2064.76,2064.72,2064.86,2064.87,2064.91,2064.92,2064.93,2064.94,2064.96,2064.97,2064.98,2064.99,3.8566,0.0025,0.0103,0.005,0.0093,0.005,0.0075,0.0076,0.5652,0.0174,35.079,4.8462,0.0143,0.0026,0.0026,0.0086,0.0326,2.0321,0.6001,0.0026
22,2064.92,2064.91,2064.88,2064.87,2064.81,2064.8,2064.79,2064.78,2064.76,2064.74,2064.93,2064.94,2065,2065.01,2065.02,2065.03,2065.04,2065.05,2065.06,2065.07,33.938,0.0025,0.0026,0.135,0.1036,0.1291,8.8616,0.0375,1.1919,0.0025,11.5183,0.0026,0.0077,0.0076,0.0139,0.0076,0.0294,0.0051,0.0076,0.019
23,2066.58,2066.57,2066.56,2066.54,2066.51,2066.5,2066.49,2066.48,2066.47,2066.46,2066.59,2066.6,2066.61,2066.62,2066.63,2066.64,2066.65,2066.66,2066.67,2066.68,0.01,0.005,0.0077,0.0025,0.0091,0.008,0.0025,0.0417,0.0025,0.0195,48.3615,0.2195,0.0076,0.0051,0.0026,0.0154,0.0051,0.0051,0.0351,0.611
24,2069.33,2069.32,2069.31,2069.3,2069.29,2069.28,2069.26,2069.25,2069.24,2069.23,2069.34,2069.35,2069.36,2069.37,2069.41,2069.42,2069.46,2069.49,2069.5,2069.51,0.3791,0.036,0.0075,0.012,0.0025,0.0075,0.0025,0.0025,0.0142,0.0049,53.9335,3.9994,2.2462,2.014,2.0279,1.893,0.0326,5.3421,0.0026,0.0051
25,2070.11,2070.1,2070.09,2070.08,2070.07,2070.06,2070,2069.99,2069.95,2069.94,2070.12,2070.13,2070.14,2070.15,2070.16,2070.17,2070.18,2070.19,2070.2,2070.21,0.065,0.0151,1.4533,0.0076,0.0093,0.0025,0.0025,0.0153,0.0025,0.0174,35.2603,0.0026,0.0103,0.0076,0.0151,0.0051,0.1559,0.1427,0.011,0.0474
26,2069.41,2069.4,2069.38,2069.37,2069.36,2069.35,2069.34,2069.33,2069.32,2069.31,2069.42,2069.46,2069.5,2069.53,2069.55,2069.58,2069.59,2069.6,2069.61,2069.63,2.0894,0.0278,0.0293,0.0466,0.0152,0.0102,0.126,0.048,0.0113,0.0163,85.1176,0.0351,0.0051,0.0052,0.0428,0.5224,1.745,0.0051,0.01,4.8542
27,2068.38,2068.37,2068.31,2068.3,2068.29,2068.28,2068.27,2068.26,2068.25,2068.24,2068.39,2068.4,2068.41,2068.42,2068.44,2068.45,2068.46,2068.47,2068.48,2068.49,1.2892,0.0025,0.0051,0.0076,0.0051,0.0144,0.0051,0.0026,0.0025,0.005,22.6049,0.0106,0.0076,0.0076,0.0215,0.0076,0.0026,0.0351,0.0051,0.0274
28,2068.92,2068.91,2068.9,2068.83,2068.8,2068.74,2068.73,2068.72,2068.71,2068.7,2068.93,2068.94,2068.95,2068.96,2068.97,2068.98,2068.99,2069,2069.01,2069.02,8.7599,0.0051,0.0076,0.0051,0.0139,0.0376,0.0077,0.1235,0.051,0.0081,41.0697,0.0026,0.0076,0.0051,0.0405,0.0026,0.0142,0.0081,0.0376,0.0254
29,2068.47,2068.46,2068.45,2068.44,2068.43,2068.42,2068.41,2068.4,2068.39,2068.38,2068.48,2068.5,2068.53,2068.54,2068.55,2068.56,2068.57,2068.58,2068.6,2068.62,5.8289,0.0699,0.0076,0.0102,0.2201,0.0051,0.0051,0.0081,0.0051,0.0761,58.4729,0.0051,0.0155,0.0051,0.0051,0.0459,0.0076,0.0051,0.0051,28.4849
30,2068.49,2068.48,2068.47,2068.46,2068.42,2068.41,2068.4,2068.39,2068.38,2068.37,2068.5,2068.51,2068.54,2068.56,2068.57,2068.58,2068.59,2068.6,2068.61,2068.62,0.0174,0.0101,0.0101,0.0195,0.0051,0.0102,0.1423,0.0051,0.0076,0.0127,43.0163,4.8377,0.0051,0.03,4.4645,6.8514,21.2486,22.8489,0.4399,1.0194
31,2068.96,2068.92,2068.9,2068.86,2068.85,2068.83,2068.8,2068.77,2068.76,2068.75,2068.97,2068.98,2068.99,2069,2069.01,2069.02,2069.03,2069.04,2069.05,2069.06,50.3427,0.0376,0.0051,0.0026,6.8437,3.8147,0.0051,0.0081,0.0076,0.6493,4.8968,0.0101,0.0102,0.8149,1.5939,0.0499,0.0469,0.0051,0.0051,0.025
32,2069.26,2069.25,2069.24,2069.22,2069.21,2069.2,2069.17,2069.16,2069.15,2069.14,2069.27,2069.28,2069.29,2069.3,2069.31,2069.32,2069.33,2069.34,2069.35,2069.37,0.0454,0.0101,0.0026,0.0077,0.0179,0.0081,0.0343,0.0101,0.0077,0.1859,58.0047,0.0326,0.5051,0.0051,0.0162,0.008,0.0127,0.2051,0.0025,0.0351
33,2067.84,2067.83,2067.82,2067.81,2067.8,2067.79,2067.78,2067.77,2067.76,2067.75,2067.85,2067.86,2067.88,2067.89,2067.9,2067.91,2067.92,2067.93,2067.94,2067.95,0.0432,0.0126,0.0026,0.0052,0.0174,0.0076,0.0051,0.0051,0.0051,0.0207,60.3603,0.0126,0.0026,0.0056,0.0213,0.596,6.471,2.1204,0.0026,0.0254
34,2066.96,2066.95,2066.94,2066.93,2066.92,2066.91,2066.9,2066.89,2066.88,2066.87,2066.97,2066.98,2066.99,2067,2067.01,2067.02,2067.03,2067.04,2067.05,2067.06,8.6686,0.0178,0.0101,0.0051,0.0127,0.0177,0.0131,0.0318,0.0076,0.0264,36.8253,0.0026,0.0026,0.0051,0.0162,0.0026,0.0376,0.0026,0.0202,0.388
35,2067.84,2067.82,2067.81,2067.8,2067.78,2067.77,2067.76,2067.75,2067.74,2067.73,2067.85,2067.86,2067.87,2067.88,2067.89,2067.9,2067.91,2067.92,2067.93,2067.94,40.4251,0.0151,0.0026,0.0076,0.0157,0.0076,0.0151,0.0351,0.0026,0.0137,9.5585,0.0151,0.0051,0.0076,0.0188,1.1526,0.0077,0.0051,0.0343,0.0289
36,2067.27,2067.26,2067.25,2067.24,2067.23,2067.21,2067.2,2067.18,2067.14,2067.13,2067.28,2067.29,2067.3,2067.32,2067.33,2067.34,2067.35,2067.36,2067.39,2067.4,0.0149,0.0101,0.0051,0.0183,0.0051,0.017,0.0106,0.0051,0.0076,0.0508,58.1876,0.0026,70.5279,11.5899,26.554,1.9032,0.0051,0.0051,0.0351,0.0181
37,2065.72,2065.71,2065.7,2065.68,2065.67,2065.66,2065.65,2065.64,2065.63,2065.62,2065.73,2065.74,2065.77,2065.8,2065.83,2065.84,2065.85,2065.86,2065.87,2065.88,3.4885,0.0134,0.0106,0.0051,0.0151,0.0051,0.069,0.0051,0.0102,0.1237,70.0205,0.3263,0.03,0.0025,0.1,3.0173,3.8611,22.8496,0.01,0.0026
38,2065.52,2065.51,2065.5,2065.49,2065.48,2065.47,2065.46,2065.45,2065.44,2065.43,2065.53,2065.56,2065.57,2065.58,2065.59,2065.6,2065.61,2065.62,2065.63,2065.64,0.0582,0.0101,0.0131,0.0051,0.0179,0.0026,0.0076,0.063,0.0344,0.0422,25.6178,1.0101,0.0076,0.0185,0.0376,0.1076,0.0026,0.0051,0.0213,1.2363
39,2064.22,2064.21,2064.2,2064.19,2064.18,2064.17,2064.16,2064.15,2064.14,2064.13,2064.23,2064.24,2064.25,2064.26,2064.27,2064.28,2064.29,2064.3,2064.31,2064.32,16.7059,9.7222,0.0081,0.0083,0.1358,0.0026,0.0076,0.7022,1.8828,0.0178,6.0792,0.0076,0.0051,0.0051,0.0156,0.0102,1.8099,0.0076,0.0026,0.0266
40,2063.91,2063.9,2063.89,2063.88,2063.87,2063.86,2063.85,2063.84,2063.82,2063.81,2063.92,2063.93,2063.94,2063.95,2063.96,2063.97,2063.99,2064,2064.01,2064.02,27.5788,0.5958,1.8851,0.0426,0.0138,0.0051,0.0126,0.0026,0.0081,0.0184,8.5721,0.0177,0.5051,0.0076,0.0174,1.0051,0.0026,0.0076,0.0562,0.9212
41,2060.71,2060.7,2060.67,2060.66,2060.65,2060.64,2060.63,2060.61,2060.6,2060.59,2060.72,2060.73,2060.74,2060.8,2060.81,2060.82,2060.83,2060.85,2060.86,2060.87,0.0495,0.0201,0.0026,0.0153,0.0152,0.0051,0.0026,0.0051,0.0076,0.0258,20.2856,3.2325,0.005,1.4672,0.005,0.035,0.0074,1.0884,6.3557,1.3687
42,2059.5,2059.49,2059.48,2059.47,2059.46,2059.45,2059.43,2059.42,2059.41,2059.4,2059.51,2059.53,2059.54,2059.56,2059.59,2059.6,2059.61,2059.62,2059.63,2059.64,11.8386,0.0202,0.3598,0.0126,0.0051,0.0294,0.0102,0.1316,10.0186,0.0106,35.1865,0.0943,0.0051,0.0326,0.0025,0.0051,0.0026,0.0026,0.0026,0.0026
43,2060.01,2060,2059.99,2059.98,2059.97,2059.96,2059.95,2059.94,2059.93,2059.92,2060.02,2060.03,2060.04,2060.05,2060.06,2060.07,2060.1,2060.15,2060.16,2060.17,15.002,0.0106,0.0076,0.0101,0.0195,0.0026,0.0026,0.5711,1.9129,0.0521,0.0465,0.0025,0.005,0.005,0.0153,0.0025,0.0025,0.0025,0.0051,0.5311
44,2060.41,2060.4,2060.39,2060.38,2060.36,2060.35,2060.34,2060.33,2060.32,2060.31,2060.42,2060.43,2060.44,2060.45,2060.46,2060.48,2060.49,2060.5,2060.52,2060.53,15.6822,0.0131,0.0076,0.0051,0.0146,0.0251,0.0051,0.0026,0.0026,0.0222,12.286,3.0455,9.4949,0.005,0.0179,0.0025,0.4625,0.005,0.003,0.0239
45,2060.85,2060.8,2060.78,2060.76,2060.73,2060.72,2060.71,2060.7,2060.67,2060.65,2060.86,2060.87,2060.88,2060.89,2060.9,2060.91,2060.92,2060.93,2060.96,2060.98,3.5323,0.0051,0.0126,0.0051,0.0224,0.0051,0.0051,0.0051,0.0026,0.0229,25.0388,0.1214,0.0025,0.0293,0.4598,0.035,0.0511,0.0025,0.003,0.0318
46,2058.84,2058.83,2058.82,2058.81,2058.8,2058.79,2058.78,2058.77,2058.76,2058.75,2058.85,2058.9,2058.91,2058.93,2058.94,2058.96,2058.97,2058.98,2058.99,2059,12.0286,0.0126,0.0319,0.0051,0.2003,0.0077,0.1162,0.0051,0.0026,0.0252,52.5351,0.0025,0.0025,0.5398,0.0117,0.2026,0.0025,0.003,0.0511,0.0216
47,2060.47,2060.46,2060.45,2060.44,2060.43,2060.42,2060.41,2060.4,2060.39,2060.38,2060.48,2060.5,2060.53,2060.54,2060.55,2060.57,2060.58,2060.59,2060.6,2060.62,6.9547,0.0256,0.0151,0.0051,0.2452,0.0051,0.0106,0.0101,0.0051,0.0228,25.486,0.0105,0.1093,0.0142,0.0325,0.1967,1.2148,0.005,0.0221,0.0125
48,2060.39,2060.37,2060.33,2060.32,2060.31,2060.3,2060.29,2060.28,2060.27,2060.23,2060.4,2060.41,2060.42,2060.43,2060.45,2060.46,2060.47,2060.48,2060.49,2060.5,40.1088,0.0451,0.0026,26.7184,0.0147,0.0051,9.7113,0.0326,0.0557,0.02,11.166,0.005,0.005,0.005,0.0117,0.1289,0.005,0.0318,0.0025,0.0271
49,2058.96,2058.95,2058.94,2058.93,2058.92,2058.91,2058.9,2058.89,2058.88,2058.87,2058.97,2059,2059.02,2059.05,2059.06,2059.1,2059.11,2059.12,2059.13,2059.14,55.3516,0.0204,8.0131,0.0376,0.0115,26.7426,0.0106,0.0026,0.0026,0.0242,10.2749,0.0025,0.0025,0.0025,0.0117,0.0025,0.0018,0.0049,0.0025,0.0217
50,2058.57,2058.56,2058.55,2058.54,2058.53,2058.52,2058.51,2058.5,2058.49,2058.48,2058.58,2058.59,2058.6,2058.61,2058.62,2058.63,2058.64,2058.66,2058.68,2058.69,51.9074,2.9174,9.7221,0.0051,0.0138,0.0076,0.0051,0.0051,0.0051,0.0326,10.4503,0.0075,0.132,0.005,0.0357,0.0025,0.0125,0.0025,0.069,0.0235
51,2057.89,2057.88,2057.8,2057.76,2057.72,2057.71,2057.7,2057.69,2057.68,2057.67,2057.9,2057.91,2057.92,2057.93,2057.94,2057.95,2057.96,2057.97,2057.98,2057.99,28.0812,0.0051,0.0051,0.0326,4.1909,0.4487,21.0243,10.3299,3.8911,0.0376,17.104,0.0026,0.0536,0.015,0.0462,10.0117,0.005,0.005,0.4265,0.0213
52,2059.18,2059.17,2059.16,2059.15,2059.14,2059.13,2059.12,2059.11,2059.1,2059.09,2059.19,2059.2,2059.21,2059.22,2059.23,2059.24,2059.25,2059.26,2059.27,2059.28,68.4669,3.9651,0.0051,0.0051,1.1847,0.0076,1.2446,0.0376,15.0087,0.0284,0.037,0.018,0.129,0.0075,0.1284,0.1693,0.0026,0.0025,0.0087,0.0252
53,2058.19,2058.18,2058.17,2058.16,2058.15,2058.14,2058.13,2058.12,2058.11,2058.1,2058.2,2058.21,2058.22,2058.23,2058.24,2058.25,2058.26,2058.27,2058.28,2058.29,3.6183,0.1341,0.0051,0.0495,0.0149,0.0051,0.0076,0.0051,0.0026,0.0334,21.458,0.0351,0.0051,0.0076,0.5152,0.0076,0.0051,0.0026,0.0151,0.0189
54,2057.25,2057.24,2057.23,2057.22,2057.21,2057.2,2057.19,2057.18,2057.17,2057.14,2057.26,2057.27,2057.28,2057.29,2057.3,2057.31,2057.32,2057.33,2057.34,2057.35,13.9052,0.0151,9.736,0.0101,0.018,0.0126,0.0076,0.0076,0.6399,0.0539,69.7122,0.0051,0.0101,0.0026,0.0206,0.0051,0.0576,0.0056,0.0266,0.0186
55,2054.56,2054.54,2054.53,2054.52,2054.51,2054.5,2054.49,2054.48,2054.46,2054.45,2054.57,2054.58,2054.59,2054.6,2054.61,2054.62,2054.67,2054.68,2054.69,2054.7,25.4057,0.0051,0.0026,0.0326,0.0129,9.7412,0.0026,0.0051,1.206,0.0212,16.2262,0.0049,0.005,0.008,2.0139,0.0026,9.5198,0.0025,0.1247,0.0055
56,2053.79,2053.78,2053.75,2053.74,2053.73,2053.72,2053.71,2053.7,2053.69,2053.68,2053.8,2053.81,2053.89,2053.9,2053.91,2053.92,2053.93,2053.94,2053.95,2053.98,0.3346,0.0075,0.0051,10.0359,0.0051,0.0051,0.0213,0.0195,0.0672,0.0212,36.4436,3.148,0.0326,31.9833,3.8531,1.7832,0.0161,0.0051,0.0076,0.0376
57,2050.77,2050.7,2050.65,2050.6,2050.59,2050.58,2050.57,2050.56,2050.55,2050.54,2050.78,2050.79,2050.8,2050.81,2050.82,2050.83,2050.84,2050.85,2050.86,2050.87,48.146,0.0025,0.03,19.5443,0.0147,0.1192,0.1396,0.0326,0.0051,0.0164,15.7022,0.0492,0.035,0.0077,2.6025,1.0761,0.0132,0.6016,0.0051,0.0076
58,2051.71,2051.7,2051.69,2051.68,2051.67,2051.66,2051.65,2051.64,2051.63,2051.62,2051.72,2051.73,2051.74,2051.76,2051.78,2051.79,2051.8,2051.81,2051.82,2051.83,69.9579,0.0051,0.0076,0.0346,0.619,0.0026,0.0026,0.0401,0.0026,0.0247,0.0532,0.005,0.0025,0.0026,0.0141,0.0101,0.1299,0.0025,0.0319,0.021
59,2049.79,2049.78,2049.75,2049.74,2049.73,2049.72,2049.7,2049.69,2049.68,2049.67,2049.8,2049.82,2049.85,2049.9,2049.94,2049.95,2049.96,2049.97,2049.98,2049.99,0.4207,0.0075,0.0101,0.0051,0.0102,0.3959,0.0154,0.0546,0.0127,0.0102,60.7663,2.3613,2.4414,0.0025,0.2259,0.1245,0.0055,0.0244,0.0135,0.024
60,2050.97,2050.96,2050.95,2050.94,2050.93,2050.92,2050.91,2050.9,2050.88,2050.87,2050.98,2050.99,2051,2051.01,2051.02,2051.04,2051.05,2051.06,2051.07,2051.08,74.5825,0.0051,0.0056,3.0452,9.7666,0.0401,0.0051,0.3984,0.0051,0.0263,0.0449,0.0126,0.0933,0.0025,0.0025,0.023,0.008,0.0155,0.0076,0.3933
61,2050.81,2050.8,2050.79,2050.75,2050.74,2050.73,2050.72,2050.71,2050.7,2050.69,2050.82,2050.83,2050.85,2050.88,2050.9,2050.91,2050.92,2050.93,2050.95,2050.96,0.4173,0.0151,0.0076,0.0076,0.0026,0.0656,0.0102,0.3934,0.0131,0.0026,49.9362,0.03,0.0025,1.1501,0.0025,0.024,0.03,0.3908,0.003,0.5
62,2050.47,2050.46,2050.45,2050.44,2050.43,2050.42,2050.41,2050.4,2050.39,2050.38,2050.48,2050.49,2050.5,2050.51,2050.52,2050.53,2050.54,2050.55,2050.56,2050.57,27.7993,16.2217,9.7605,0.0026,0.0234,0.3984,0.3826,0.0106,0.0076,1.9075,5.1263,0.4033,0.013,0.0051,2.0154,0.0026,0.005,0.0073,0.0076,0.1459
63,2049.15,2049.14,2049.13,2049.12,2049.11,2049.1,2049.09,2049.08,2049.07,2049.06,2049.16,2049.17,2049.18,2049.19,2049.2,2049.21,2049.23,2049.25,2049.26,2049.28,6.4072,0.0152,0.1785,0.0078,0.0077,0.1777,0.0145,0.0539,0.0051,0.0777,51.9398,0.3933,0.0025,0.0561,0.0025,0.03,9.5448,0.0025,0.4491,2.0025
64,2049.24,2049.23,2049.21,2049.2,2049.19,2049.18,2049.17,2049.16,2049.12,2049.11,2049.25,2049.28,2049.29,2049.3,2049.31,2049.33,2049.34,2049.35,2049.36,2049.39,35.7605,14.0422,0.0376,0.0051,0.0154,0.3959,0.0051,0.0051,1.8857,0.4121,13.174,0.0026,0.0025,0.013,0.0143,0.029,0.1322,0.3033,0.0245,0.0563
65,2048.24,2048.23,2048.22,2048.21,2048.2,2048.19,2048.18,2048.17,2048.16,2048.15,2048.25,2048.27,2048.28,2048.29,2048.3,2048.31,2048.32,2048.33,2048.34,2048.35,1.4043,0.0076,0.0126,0.0102,0.4089,0.0051,0.0026,0.0051,0.0051,0.0241,24.3425,0.4035,0.5025,0.0025,0.6861,0.038,0.1246,0.0025,0.027,0.0235
66,2046.67,2046.66,2046.65,2046.64,2046.63,2046.62,2046.61,2046.6,2046.59,2046.58,2046.68,2046.69,2046.7,2046.71,2046.73,2046.75,2046.76,2046.77,2046.78,2046.8,13.2919,0.0101,0.0101,0.0052,0.018,0.0026,0.0101,0.0157,0.4009,0.0239,32.3335,0.0026,0.0126,0.0051,0.0142,0.0051,0.0515,0.0026,0.0351,0.0525
67,2047.22,2047.21,2047.2,2047.19,2047.18,2047.17,2047.16,2047.15,2047.14,2047.13,2047.23,2047.24,2047.25,2047.26,2047.27,2047.28,2047.29,2047.3,2047.31,2047.32,13.1579,9.7867,0.0156,0.0051,0.012,0.0076,0.0026,0.0076,0.0645,0.4154,21.2031,0.013,0.0026,0.0052,2.9801,0.0051,0.3513,0.013,0.0052,1.2941
68,2048.95,2048.94,2048.93,2048.9,2048.89,2048.88,2048.87,2048.86,2048.85,2048.84,2048.96,2048.97,2048.98,2048.99,2049,2049.01,2049.02,2049.03,2049.04,2049.05,4.8691,0.4062,0.0051,0.0051,0.0198,0.9608,0.0051,0.0051,0.0051,0.0199,36.7643,0.0026,0.0051,0.0052,0.2102,1.2294,0.0051,0.08,0.0063,0.0636
69,2047.35,2047.34,2047.32,2047.31,2047.3,2047.29,2047.28,2047.27,2047.25,2047.24,2047.36,2047.37,2047.38,2047.4,2047.41,2047.42,2047.43,2047.44,2047.45,2047.46,21.277,23.5651,0.0351,0.0296,0.0203,0.1273,0.0051,0.0477,0.4647,0.0627,5.3948,0.0077,0.0076,0.0051,0.0155,0.0051,0.0026,0.0077,0.3959,0.0239
70,2045.52,2045.51,2045.5,2045.49,2045.48,2045.47,2045.45,2045.43,2045.4,2045.39,2045.53,2045.54,2045.55,2045.56,2045.57,2045.58,2045.59,2045.6,2045.61,2045.62,65.9997,14.1181,32.7547,0.0916,0.0051,0.6286,0.3964,0.0862,9.8038,18.0875,0.4264,0.0104,0.0026,0.0051,0.0026,0.0051,0.0666,0.0131,0.0102,0.4009
71,2045.8,2045.79,2045.78,2045.77,2045.76,2045.75,2045.74,2045.73,2045.72,2045.71,2045.81,2045.82,2045.83,2045.84,2045.85,2045.86,2045.87,2045.88,2045.89,2045.9,39.5257,0.0052,0.6598,1.2376,0.0125,0.0051,0.0076,0.0052,0.3984,0.0205,4.916,0.0051,0.0051,0.0102,0.1424,0.0051,0.0372,84.0705,0.0501,0.0332
72,2047.68,2047.67,2047.66,2047.65,2047.63,2047.62,2047.61,2047.6,2047.59,2047.58,2047.69,2047.7,2047.71,2047.72,2047.73,2047.74,2047.75,2047.76,2047.77,2047.78,9.5831,3.4607,9.7891,0.0026,0.0152,0.0051,0.0077,0.4108,0.0326,0.0234,18.5045,0.1354,0.0471,0.0296,0.0228,1.1202,0.0051,0.0081,0.0479,0.0279
73,2047.92,2047.91,2047.9,2047.89,2047.88,2047.86,2047.85,2047.84,2047.82,2047.8,2047.93,2047.94,2047.95,2047.96,2047.97,2047.98,2047.99,2048,2048.02,2048.03,51.388,0.0051,0.0126,0.5016,1.2121,0.0376,0.3934,0.0026,0.0051,0.0309,3.6022,0.0077,0.0076,0.0051,0.0234,0.0026,0.0026,0.0081,0.0051,0.0342
74,2047.7,2047.69,2047.68,2047.61,2047.6,2047.59,2047.58,2047.57,2047.56,2047.55,2047.71,2047.72,2047.73,2047.75,2047.76,2047.77,2047.78,2047.79,2047.8,2047.81,39.3496,10.1721,0.0351,0.0052,0.6354,0.0326,0.3959,0.0051,12.1206,8.7976,4.8377,0.0424,0.0127,0.0127,0.5859,1.4723,0.0077,0.3959,0.0156,0.0296
75,2046.35,2046.34,2046.33,2046.32,2046.31,2046.3,2046.29,2046.28,2046.27,2046.26,2046.36,2046.37,2046.38,2046.39,2046.4,2046.41,2046.42,2046.43,2046.44,2046.45,36.9032,3.7405,0.4314,0.3651,1.8663,0.0051,0.0051,0.0051,0.3842,0.0257,0.5266,0.0076,0.0151,0.0076,0.029,0.0051,0.0101,0.0051,0.0051,0.0318
76,2044.6,2044.59,2044.58,2044.57,2044.56,2044.55,2044.54,2044.53,2044.51,2044.5,2044.61,2044.62,2044.63,2044.65,2044.66,2044.68,2044.69,2044.7,2044.71,2044.72,7.3249,3.0782,0.0051,0.0076,0.0175,0.4085,0.0026,0.0026,0.0076,0.0375,24.9953,0.0025,0.1298,0.0402,0.0025,0.003,0.0025,0.4013,0.0613,0.0026
77,2045.9,2045.89,2045.88,2045.87,2045.86,2045.85,2045.84,2045.83,2045.82,2045.81,2045.91,2045.92,2045.93,2045.95,2045.96,2045.97,2045.98,2045.99,2046,2046.01,12.7521,20.3378,0.0101,0.0128,0.017,0.0127,4.4,0.0077,24.9002,0.0266,208.7937,0.042,0.0075,0.0026,0.277,0.005,0.0051,0.7534,2.5151,0.035
78,2048.9,2048.89,2048.88,2048.87,2048.86,2048.85,2048.84,2048.83,2048.82,2048.8,2048.91,2048.92,2048.93,2048.94,2048.95,2048.96,2048.97,2048.98,2048.99,2049,11.1889,0.025,0.0051,0.0026,0.0195,0.0077,0.6459,2.0897,0.0026,0.0291,37.2978,1.5346,0.9287,0.0377,0.7788,0.0026,0.0131,0.0026,0.0026,0.0363
79,2050.77,2050.76,2050.75,2050.74,2050.73,2050.72,2050.71,2050.7,2050.69,2050.68,2050.78,2050.8,2050.81,2050.83,2050.84,2050.9,2050.91,2050.92,2050.93,2050.94,12.3943,0.0177,9.759,0.3958,0.0228,0.0101,0.016,0.0892,0.0127,1.4561,27.0733,0.0051,0.0026,0.0377,0.4118,0.0051,0.0051,0.0326,0.0858,0.0268
80,2049.22,2049.21,2049.2,2049.19,2049.18,2049.17,2049.16,2049.15,2049.14,2049.13,2049.23,2049.24,2049.25,2049.26,2049.27,2049.28,2049.3,2049.31,2049.32,2049.33,9.0999,0.0176,0.0051,0.0051,0.0226,0.0051,0.4012,0.0296,0.0077,0.2087,27.9475,0.0026,0.0026,0.3984,0.0162,0.0076,0.9402,0.0026,0.0026,0.0051
81,2047.73,2047.72,2047.71,2047.7,2047.69,2047.68,2047.67,2047.66,2047.65,2047.63,2047.74,2047.75,2047.76,2047.77,2047.8,2047.81,2047.83,2047.84,2047.85,2047.86,0.4627,0.04,0.0102,0.2133,0.0724,0.0051,0.0076,0.0076,0.0051,0.029,48.4976,0.0051,0.0056,0.0351,0.0212,0.0051,0.0026,0.0026,0.401,0.1085
82,2047.3,2047.29,2047.28,2047.27,2047.23,2047.21,2047.2,2047.19,2047.18,2047.17,2047.31,2047.32,2047.33,2047.34,2047.35,2047.36,2047.37,2047.38,2047.4,2047.41,89.6824,31.1374,0.3984,0.0025,0.0351,0.4155,0.0051,0.0076,0.0614,9.8323,0.0729,0.0103,0.0076,0.0051,0.019,0.0077,0.3959,0.0651,0.0157,0.0303
83,2046.4,2046.39,2046.38,2046.37,2046.36,2046.35,2046.34,2046.33,2046.32,2046.31,2046.41,2046.42,2046.43,2046.44,2046.45,2046.46,2046.47,2046.48,2046.49,2046.5,38.4534,0.0078,0.0026,0.0026,0.0168,0.0051,0.0026,0.4259,0.0026,0.0263,5.252,0.0078,0.0051,0.0127,0.4172,0.0102,0.1273,0.0076,0.0321,0.0356
84,2048.79,2048.76,2048.75,2048.72,2048.71,2048.7,2048.69,2048.68,2048.67,2048.66,2048.8,2048.81,2048.83,2048.85,2048.87,2048.88,2048.89,2048.9,2048.91,2048.92,2.0922,0.0126,0.0026,0.0026,0.0162,0.0051,0.0077,0.4008,0.0401,0.0251,10.2098,0.0025,0.3958,1.4389,0.0025,0.0645,2.0229,1.9623,0.0275,0.0513
85,2048.67,2048.66,2048.65,2048.64,2048.63,2048.62,2048.61,2048.6,2048.59,2048.58,2048.68,2048.69,2048.7,2048.71,2048.72,2048.73,2048.74,2048.75,2048.76,2048.77,30.3414,3.0439,9.769,0.0081,0.629,0.0051,0.0026,0.4009,0.0026,9.3108,7.1246,0.5341,0.005,0.0642,0.0164,0.0025,0.005,0.027,0.0025,0.0302
86,2050.35,2050.33,2050.32,2050.31,2050.3,2050.29,2050.26,2050.25,2050.24,2050.23,2050.36,2050.37,2050.38,2050.39,2050.4,2050.41,2050.42,2050.43,2050.46,2050.47,47.2455,7.8786,9.2692,0.0101,4.406,0.9646,1.7013,0.0051,8.7921,6.3634,7.7957,0.132,0.0025,0.032,0.4312,0.0025,0.0025,0.005,0.0025,0.0297
87,2049.46,2049.45,2049.44,2049.43,2049.42,2049.41,2049.4,2049.39,2049.38,2049.37,2049.47,2049.48,2049.49,2049.5,2049.51,2049.52,2049.53,2049.54,2049.55,2049.56,7.222,0.0051,0.0076,0.0051,0.0184,0.0076,0.0101,0.0127,0.3984,0.0273,19.7831,0.03,0.005,0.008,0.016,0.0025,0.0025,0.0051,0.5153,0.0295
88,2050.36,2050.35,2050.34,2050.33,2050.32,2050.31,2050.3,2050.29,2050.28,2050.27,2050.37,2050.38,2050.4,2050.41,2050.42,2050.43,2050.47,2050.5,2050.51,2050.52,8.201,0.0051,0.0076,9.7635,1.0777,0.0527,0.0106,0.7439,1.0646,0.0293,8.7491,0.005,0.0103,0.005,0.4091,0.0025,0.035,1.192,0.503,0.3899
89,2050.29,2050.28,2050.27,2050.26,2050.25,2050.24,2050.23,2050.22,2050.21,2050.2,2050.3,2050.33,2050.34,2050.35,2050.36,2050.37,2050.38,2050.4,2050.41,2050.43,4.0735,0.0126,0.4034,0.0051,0.0181,0.0076,0.0076,0.0051,0.0051,0.418,45.8624,0.5025,0.0025,0.0025,0.0182,0.0075,0.03,0.7147,0.5627,0.0265
90,2049.28,2049.27,2049.26,2049.25,2049.24,2049.23,2049.22,2049.21,2049.2,2049.19,2049.29,2049.3,2049.33,2049.34,2049.35,2049.37,2049.38,2049.39,2049.4,2049.41,26.8641,0.0026,8.782,5.5658,13.6724,1.8547,0.0026,0.0351,0.0106,0.4574,1.9729,0.01,0.0025,0.0025,0.0155,0.005,0.401,0.0025,0.0075,0.0261
91,2049.29,2049.28,2049.27,2049.26,2049.25,2049.24,2049.23,2049.22,2049.21,2049.2,2049.3,2049.31,2049.32,2049.33,2049.34,2049.35,2049.36,2049.37,2049.38,2049.39,27.4462,9.7635,0.0051,0.9982,1.8511,0.0137,0.0026,0.0051,0.0401,0.0051,0.1286,0.0175,0.0025,0.005,0.145,0.0025,0.0713,0.005,0.4884,0.0258
92,2048.38,2048.37,2048.36,2048.35,2048.34,2048.33,2048.32,2048.31,2048.3,2048.29,2048.39,2048.4,2048.44,2048.46,2048.47,2048.49,2048.5,2048.52,2048.53,2048.57,0.0899,0.0151,0.4574,0.0051,0.0051,0.0346,0.066,0.1272,0.0131,0.3959,66.1915,2.0984,2.7571,0.0025,0.0025,0.0325,0.0025,0.01,0.51,0.0025
93,2046.76,2046.75,2046.74,2046.72,2046.71,2046.7,2046.69,2046.68,2046.67,2046.66,2046.77,2046.78,2046.79,2046.8,2046.81,2046.84,2046.86,2046.87,2046.88,2046.9,4.0445,0.3863,0.0026,0.0077,0.0138,0.0081,0.0271,0.0051,0.1273,0.4137,46.0813,0.03,0.6084,0.7456,2.0103,1.0046,0.1,0.0325,0.003,0.0513
94,2045.33,2045.32,2045.31,2045.3,2045.29,2045.27,2045.26,2045.25,2045.24,2045.23,2045.34,2045.35,2045.36,2045.39,2045.4,2045.41,2045.42,2045.43,2045.44,2045.46,65.3318,0.0118,0.0026,0.0051,15.6694,0.0051,0.0051,0.8151,1.7965,0.0292,4.4846,0.0129,0.0025,0.015,0.0229,0.0025,0.3933,0.0025,0.1273,0.0495
95,2046.83,2046.82,2046.81,2046.8,2046.79,2046.78,2046.77,2046.76,2046.75,2046.74,2046.84,2046.85,2046.86,2046.87,2046.88,2046.89,2046.9,2046.91,2046.92,2046.93,31.5302,0.0051,0.0026,0.0076,0.0147,21.9862,0.0125,0.0026,0.0051,0.0271,0.1214,0.0154,0.0505,0.0101,0.1424,0.0102,0.0965,0.0026,0.0026,0.0671
96,2045.05,2045.04,2045.03,2045.02,2045.01,2045,2044.99,2044.98,2044.97,2044.96,2045.06,2045.07,2045.09,2045.1,2045.14,2045.15,2045.16,2045.17,2045.18,2045.19,31.3208,9.2692,8.2754,0.0026,0.3959,8.7054,0.0051,0.0351,0.7648,0.0051,10.1694,0.0078,0.0025,0.0025,0.0154,0.0906,0.005,0.3958,0.005,0.0259
97,2045.08,2045.01,2045,2044.98,2044.97,2044.96,2044.94,2044.9,2044.89,2044.87,2045.09,2045.1,2045.11,2045.12,2045.13,2045.14,2045.15,2045.16,2045.17,2045.18,49.3975,0.3933,0.0025,0.03,0.0026,9.2666,4.7832,0.0025,0.0325,0.3933,16.1677,0.0158,0.0025,0.008,0.0025,0.0025,0.3933,0.035,0.0989,0.0025
98,2046.86,2046.81,2046.8,2046.79,2046.78,2046.77,2046.76,2046.75,2046.74,2046.73,2046.87,2046.88,2046.89,2046.9,2046.91,2046.92,2046.93,2046.94,2046.95,2046.96,10.2211,1.2978,0.0076,0.3959,1.369,1.6694,0.0051,0.0025,1.0367,2.0594,11.3095,0.135,4.8913,9.5903,0.0152,0.4009,0.151,0.0026,0.0051,0.05
99,2047.3,2047.29,2047.24,2047.23,2047.22,2047.21,2047.2,2047.19,2047.18,2047.17,2047.31,2047.32,2047.34,2047.35,2047.36,2047.37,2047.38,2047.39,2047.4,2047.41,6.6368,0.0128,0.0051,0.3934,0.0169,0.0176,0.0076,0.0051,0.0026,0.0265,23.1834,0.0381,0.5051,0.0026,0.0202,0.6124,0.0076,0.0026,0.0131,1.5235
100,2046.87,2046.86,2046.85,2046.84,2046.83,2046.82,2046.81,2046.8,2046.79,2046.78,2046.88,2046.89,2046.9,2046.91,2046.92,2046.93,2046.94,2046.95,2046.96,2046.97,9.1695,0.0129,0.0565,0.0051,0.0172,0.0101,1.0508,0.4014,0.0051,0.0856,56.8155,0.5832,0.0051,0.5051,0.015,0.0025,0.0662,0.0614,0.4312,0.0051
101,2047.24,2047.23,2047.22,2047.21,2047.2,2047.19,2047.18,2047.17,2047.16,2047.15,2047.25,2047.26,2047.27,2047.28,2047.29,2047.3,2047.31,2047.32,2047.33,2047.34,14.8055,0.0351,0.3934,6.8399,1.012,0.0176,1.0026,9.2692,0.0051,0.0292,0.267,0.0129,0.0051,0.0101,0.1395,0.0131,0.0296,0.0076,0.3984,0.0248
102,2047.14,2047.13,2047.11,2047.1,2047.09,2047.08,2047.07,2047.06,2047.05,2047.04,2047.15,2047.18,2047.19,2047.2,2047.21,2047.22,2047.23,2047.24,2047.25,2047.28,0.7473,0.0129,0.0076,0.0401,0.0195,0.1298,0.0076,0.0051,0.4009,0.029,52.7211,0.0151,0.0515,0.0076,0.0179,0.5458,1.6714,0.0051,0.0051,0.0274
103,2047.14,2047.13,2047.11,2047.1,2047.09,2047.08,2047.07,2047.06,2047.05,2047.04,2047.15,2047.18,2047.19,2047.2,2047.21,2047.22,2047.23,2047.24,2047.25,2047.27,9.9371,0.0026,0.0026,0.0076,0.0248,0.0076,0.3984,0.0026,0.0051,0.0269,25.4067,0.02,0.005,0.0105,0.0577,0.0025,0.4722,0.005,0.0025,0.1958
104,2047.66,2047.65,2047.64,2047.63,2047.62,2047.61,2047.6,2047.59,2047.58,2047.57,2047.67,2047.68,2047.69,2047.7,2047.71,2047.72,2047.73,2047.74,2047.75,2047.76,64.0833,3.4167,0.0051,4.395,0.0171,0.2551,15.7386,0.0326,0.0539,16.4935,8.6267,0.0128,0.005,0.1894,0.0145,0.027,0.0025,0.0051,0.0452,0.0242
105,2048.41,2048.4,2048.39,2048.38,2048.37,2048.36,2048.35,2048.34,2048.33,2048.32,2048.42,2048.43,2048.44,2048.48,2048.49,2048.5,2048.51,2048.52,2048.53,2048.54,25.0383,0.0051,0.0076,0.0051,0.0198,1.3513,0.0051,0.0051,0.8584,0.0248,8.1902,0.0101,0.013,0.0025,0.0495,0.4039,3.5916,0.1372,0.0051,0.0486
106,2047.46,2047.45,2047.43,2047.42,2047.41,2047.4,2047.39,2047.38,2047.37,2047.36,2047.47,2047.48,2047.49,2047.5,2047.52,2047.55,2047.57,2047.58,2047.59,2047.6,7.5607,0.4484,0.0026,0.0076,0.0174,0.0051,0.0076,0.3984,0.0051,0.0299,17.8171,1.335,1.87,0.035,0.0633,0.5993,0.5025,0.596,0.03,0.4225
107,2047.36,2047.35,2047.33,2047.32,2047.31,2047.3,2047.29,2047.28,2047.27,2047.26,2047.37,2047.39,2047.4,2047.41,2047.42,2047.43,2047.44,2047.46,2047.47,2047.49,0.0228,0.0078,0.0101,0.3984,0.0285,0.0051,0.0076,0.0051,0.0051,0.0051,51.5393,12.7477,12.7102,6.8734,3.8835,0.003,6.9828,0.0076,0.0513,0.0128
108,2049.79,2049.76,2049.75,2049.74,2049.73,2049.72,2049.71,2049.7,2049.69,2049.68,2049.8,2049.81,2049.82,2049.83,2049.84,2049.85,2049.86,2049.88,2049.89,2049.9,34.9205,0.4014,0.0376,0.1346,0.0151,0.0051,0.0026,0.0081,0.0051,0.8252,6.4493,0.0151,0.0076,0.0076,0.0184,0.0026,0.0051,0.0051,0.0051,0.0297
109,2049.56,2049.55,2049.54,2049.52,2049.5,2049.49,2049.48,2049.47,2049.46,2049.45,2049.57,2049.58,2049.59,2049.6,2049.61,2049.62,2049.63,2049.64,2049.65,2049.66,17.4995,0.0051,0.1322,0.0051,0.0232,0.4472,0.0351,0.0076,0.0026,0.028,8.1844,4.8922,0.0025,0.0025,0.6928,0.6029,0.0076,0.4144,0.0076,0.028
110,2048.73,2048.72,2048.71,2048.7,2048.69,2048.68,2048.67,2048.66,2048.65,2048.64,2048.74,2048.75,2048.76,2048.77,2048.79,2048.8,2048.81,2048.82,2048.84,2048.85,1.5227,2.1397,0.0026,0.0131,0.0797,0.3959,0.0076,0.0051,0.0151,0.0286,21.8111,2.3116,5.3716,0.0025,0.0138,0.0025,0.6262,0.5213,0.023,0.6296
111,2048.46,2048.45,2048.44,2048.43,2048.41,2048.4,2048.39,2048.38,2048.37,2048.36,2048.47,2048.48,2048.49,2048.5,2048.51,2048.52,2048.53,2048.57,2048.58,2048.6,3.7944,0.039,0.0051,0.0076,0.0186,0.3959,0.0051,0.015,0.0026,0.0269,26.7301,5.5816,1.2388,0.0025,0.0141,0.0489,0.0695,0.4033,0.6426,6.5836
112,2049.89,2049.86,2049.85,2049.84,2049.82,2049.81,2049.8,2049.79,2049.78,2049.77,2049.9,2049.91,2049.92,2049.94,2049.95,2049.96,2049.97,2049.98,2049.99,2050,53.9189,7.9894,0.0076,0.0326,0.065,28.7844,0.826,0.4471,1.2216,0.0051,6.4419,0.0075,0.0025,0.0025,0.2832,0.3934,0.0244,0.0341,0.0025,0.2496
113,2051.11,2051.1,2051.09,2051.07,2051.06,2051.05,2051.04,2051.03,2051.02,2051.01,2051.12,2051.13,2051.14,2051.17,2051.18,2051.19,2051.2,2051.21,2051.22,2051.24,1.8296,0.0176,0.01,0.0026,0.0201,0.0076,0.0126,0.3959,0.0101,0.0371,32.4789,1.6502,5.0618,0.003,0.406,0.03,5.0718,0.0025,1.2097,0.523
114,2051.19,2051.18,2051.17,2051.16,2051.15,2051.14,2051.13,2051.12,2051.11,2051.1,2051.2,2051.21,2051.23,2051.26,2051.27,2051.28,2051.29,2051.3,2051.34,2051.35,14.3363,0.132,0.0076,0.0051,0.9013,0.3903,0.0126,0.0026,0.6986,0.0676,6.6204,0.0075,0.0025,0.5237,1.2288,0.0325,0.0025,0.0025,0.3908,0.0229
115,2054.37,2054.35,2054.34,2054.33,2054.32,2054.31,2054.3,2054.29,2054.28,2054.27,2054.38,2054.39,2054.4,2054.41,2054.42,2054.43,2054.44,2054.45,2054.46,2054.47,41.5428,0.5537,4.518,14.0314,0.6092,0.3676,0.0101,0.0583,0.5026,0.0316,0.1116,0.0076,0.0081,0.0052,0.0225,0.4009,0.0076,0.0051,0.0051,0.0279
