timestamp,bid_price_0,bid_price_1,bid_price_2,bid_price_3,bid_price_4,bid_price_5,bid_price_6,bid_price_7,bid_price_8,bid_price_9,ask_price_0,ask_price_1,ask_price_2,ask_price_3,ask_price_4,ask_price_5,ask_price_6,ask_price_7,ask_price_8,ask_price_9,bid_size_0,bid_size_1,bid_size_2,bid_size_3,bid_size_4,bid_size_5,bid_size_6,bid_size_7,bid_size_8,bid_size_9,ask_size_0,ask_size_1,ask_size_2,ask_size_3,ask_size_4,ask_size_5,ask_size_6,ask_size_7,ask_size_8,ask_size_9
0,0.06568,0.06563,0.06561,0.06559,0.06558,0.06557,0.06555,0.06554,0.06553,0.06552,0.06572,0.06573,0.06574,0.06575,0.06576,0.06578,0.06579,0.0658,0.06581,0.06582,500,5400,7608,7788,12000,3445,9063,12478,21808,4453,3181,21808,3352,14911,21808,5105,23638,1259,5543,21808
1,0.06569,0.06568,0.06566,0.06563,0.06561,0.06559,0.06558,0.06557,0.06555,0.06554,0.06575,0.06576,0.06578,0.06579,0.06581,0.06582,0.06583,0.06584,0.06586,0.06588,3079,10316,3945,5400,7608,8224,21808,3445,5615,19080,4372,21808,5105,21808,6533,22308,338,2168,7295,3048
2,0.0657,0.06569,0.06566,0.06563,0.06561,0.06559,0.06558,0.06557,0.06555,0.06554,0.06575,0.06576,0.06577,0.06579,0.0658,0.06582,0.06583,0.06584,0.06586,0.06588,3245,10872,7602,5400,7608,8224,21808,5998,3935,19080,333,3579,21808,5588,22308,6510,23638,1259,22146,3048
3,0.06569,0.06564,0.06561,0.06559,0.06558,0.06557,0.06555,0.06554,0.06553,0.0655,0.06573,0.06574,0.06576,0.06577,0.06578,0.06579,0.0658,0.06582,0.06583,0.06588,10872,7598,7602,8224,21808,5480,7066,19080,21808,4091,7263,21808,3579,21808,500,4985,21808,338,23638,338
4,0.06569,0.06564,0.06561,0.0656,0.06559,0.06558,0.06557,0.06555,0.06554,0.06553,0.06573,0.06574,0.06576,0.06577,0.06578,0.06579,0.0658,0.06582,0.06583,0.06586,10872,7598,7602,4088,8224,21808,5480,7066,19080,21808,6853,21808,3579,21808,500,4985,21808,338,23638,338
5,0.06569,0.06568,0.06564,0.06561,0.06559,0.06558,0.06557,0.06555,0.06554,0.06553,0.06573,0.06574,0.06576,0.06577,0.06578,0.06579,0.0658,0.06582,0.06583,0.06589,3394,6732,7598,7602,8224,21808,4795,3935,19080,21808,4870,21808,3579,21808,500,4985,21808,1258,23976,3048
6,0.06569,0.06568,0.06564,0.06561,0.06559,0.06558,0.06557,0.06555,0.06554,0.06553,0.06573,0.06574,0.06576,0.06577,0.06578,0.06579,0.0658,0.06582,0.06583,0.06589,3245,10872,3799,7602,8224,21808,5673,12051,19080,21808,4870,21808,3579,21808,500,4985,25136,3088,22146,3048
7,0.06567,0.06563,0.06561,0.06559,0.06558,0.06557,0.06555,0.06554,0.06553,0.0655,0.06573,0.06574,0.06576,0.06577,0.06579,0.0658,0.06583,0.06584,0.06586,0.06587,10872,5370,7578,7776,21808,4370,7795,11064,21808,12000,6673,21808,3579,22309,5045,21808,24559,12676,6992,3048
8,0.06557,0.06555,0.06553,0.06551,0.06549,0.06547,0.06546,0.06545,0.06543,0.0654,0.06563,0.06564,0.06566,0.06567,0.06569,0.0657,0.06571,0.06573,0.06574,0.06578,848,217,5382,7578,3499,8954,20273,21808,7094,7655,7688,27190,3089,25053,4660,4584,21808,339,24856,12000
9,0.06563,0.06562,0.0656,0.06557,0.06555,0.06554,0.06553,0.06551,0.06548,0.06547,0.06569,0.0657,0.06571,0.06573,0.06574,0.06577,0.06578,0.06579,0.0658,0.06581,4118,13928,4287,7558,5314,11802,33808,4903,4939,21808,2493,3984,21808,3440,21808,500,2167,6553,7219,21808
10,0.06573,0.06572,0.06569,0.06567,0.06565,0.06564,0.06563,0.06562,0.06561,0.0656,0.06579,0.0658,0.06581,0.06583,0.06586,0.06587,0.06588,0.0659,0.066,0.06601,3245,10872,3531,5081,3874,4111,2775,3417,12068,21808,5002,31398,10872,21808,21808,2169,1265,21808,3754,12500
11,0.06581,0.0658,0.06579,0.06577,0.06575,0.06573,0.06572,0.06571,0.06569,0.06567,0.06589,0.0659,0.06594,0.06597,0.066,0.06601,0.06603,0.06604,0.06608,0.06612,3245,10872,7499,4994,3582,5387,7819,26193,4994,11509,12011,21808,21808,24317,931,7022,11440,24606,550,406
12,0.06581,0.06579,0.06577,0.06575,0.06573,0.06572,0.06571,0.06569,0.06567,0.06566,0.06589,0.06591,0.06593,0.06594,0.06596,0.06597,0.066,0.06601,0.06603,0.06604,10872,5135,7510,3582,5387,7819,26193,5054,10473,33808,11214,4488,4996,21808,3755,23978,5194,22308,3048,24606
13,0.06582,0.0658,0.06578,0.06576,0.06575,0.06574,0.06573,0.06572,0.06571,0.06569,0.06589,0.06591,0.06594,0.06597,0.066,0.06601,0.06603,0.06604,0.06608,0.06611,5174,3746,3654,3753,3582,2338,3908,7819,26193,3645,192,21808,21808,23978,4837,5674,6784,24606,550,706
14,0.06587,0.06583,0.06581,0.06579,0.06578,0.06577,0.06576,0.06575,0.06574,0.06572,0.06589,0.06591,0.06596,0.06597,0.066,0.06601,0.06602,0.06603,0.06604,0.06608,10872,5252,5199,5252,9698,7630,25561,3061,10256,7819,308,12000,5248,21808,7885,7767,1272,7043,21808,550
15,0.06584,0.06583,0.0658,0.06578,0.06577,0.06576,0.06573,0.06572,0.06571,0.0657,0.06589,0.06592,0.06594,0.06595,0.06598,0.06599,0.066,0.06601,0.06608,0.06611,3245,10872,7494,8614,11778,21808,7500,7819,21808,500,322,3527,12639,21808,21808,912,5857,22308,550,3754
16,0.06581,0.0658,0.06576,0.06574,0.06573,0.0657,0.06569,0.06568,0.06565,0.06563,0.06588,0.06589,0.06592,0.06594,0.06595,0.06596,0.06597,0.06598,0.06605,0.06608,3245,10872,4749,11146,21808,4478,6552,21951,8386,19058,11237,21808,23720,2638,21808,2508,930,21808,500,550
17,0.06582,0.0658,0.06579,0.06577,0.06576,0.06575,0.06573,0.06572,0.06571,0.0657,0.0659,0.06592,0.06595,0.06598,0.06599,0.066,0.06602,0.06605,0.06608,0.06609,5211,5209,4241,6510,21808,7617,5224,3450,7846,26286,3657,21808,21808,6652,932,5550,21808,4187,3598,22514
18,0.06577,0.06575,0.06573,0.06571,0.06569,0.06568,0.06567,0.06564,0.06563,0.06562,0.06585,0.06586,0.06589,0.0659,0.06592,0.06593,0.06595,0.06605,0.06608,0.0661,5029,3707,5027,5590,5030,13970,21808,8050,21474,21808,19944,3748,21808,3657,23638,678,22738,500,550,3048
19,0.0658,0.06578,0.06577,0.06575,0.06574,0.06573,0.06572,0.06571,0.06569,0.06566,0.06589,0.06592,0.06594,0.06595,0.06597,0.06598,0.06599,0.066,0.06608,0.06614,4557,4608,7586,3554,1810,11207,21808,5108,3781,6846,11954,21808,3691,21808,912,9109,22148,3836,550,3754
20,0.06584,0.06583,0.06582,0.0658,0.06578,0.06577,0.06573,0.06572,0.06571,0.06569,0.06592,0.06596,0.06599,0.066,0.06601,0.06602,0.06604,0.06606,0.06608,0.06611,4372,6765,10872,2413,12219,26299,10315,21808,500,4037,13783,21808,21808,5326,680,5509,3313,24856,550,706
21,0.06581,0.0658,0.06578,0.06577,0.06573,0.06571,0.0657,0.06569,0.06567,0.06566,0.0659,0.06592,0.06596,0.06597,0.06598,0.06599,0.066,0.06608,0.06614,0.06615,7555,10872,11430,21808,4858,4193,7545,25276,7892,12000,13409,21808,21808,2170,1270,21808,3314,550,3754,2798
22,0.06587,0.06586,0.06585,0.06583,0.06582,0.0658,0.06578,0.06577,0.06576,0.06575,0.06596,0.06597,0.066,0.06602,0.06603,0.06605,0.06606,0.06608,0.06612,0.06613,10872,6510,21808,3785,3785,6417,12128,22308,3389,12000,10872,2383,7571,5012,21808,5899,24573,550,3048,21808
23,0.06587,0.06585,0.06583,0.06582,0.0658,0.06578,0.06577,0.06574,0.0657,0.06569,0.06596,0.06597,0.06599,0.066,0.06603,0.06607,0.06608,0.0661,0.06615,0.0662,15205,3472,7802,26136,3636,11647,22308,3949,4627,8078,10872,1650,5840,25092,21808,7756,10074,21808,2798,706
24,0.0659,0.06589,0.06586,0.06584,0.06583,0.06582,0.06579,0.06577,0.06576,0.06575,0.06598,0.06599,0.06602,0.06604,0.06605,0.06606,0.06607,0.06608,0.0661,0.06615,3245,10872,4438,3792,12911,21808,4858,8897,15474,8764,7273,10872,3367,25836,1830,681,23240,12550,27640,2798
25,0.06593,0.06592,0.0659,0.06588,0.06587,0.06584,0.06581,0.0658,0.06579,0.06575,0.066,0.06603,0.06606,0.06607,0.06608,0.06609,0.0661,0.06611,0.06612,0.06614,3245,14341,6436,6510,21808,4091,7412,16004,21808,8070,1322,7841,9947,22308,4254,3397,23638,341,340,7904
26,0.06594,0.06584,0.06581,0.0658,0.06579,0.06577,0.06576,0.06575,0.06574,0.06572,0.06597,0.06598,0.06599,0.066,0.06603,0.06604,0.06607,0.06608,0.0661,0.06615,171,4787,7412,22798,21808,4288,4288,8070,7068,3662,3245,14154,1007,11187,7184,21808,25412,890,24856,2798
27,0.06591,0.06588,0.06587,0.06584,0.06582,0.06581,0.0658,0.06579,0.06574,0.06572,0.06595,0.06596,0.06597,0.06598,0.06601,0.06603,0.06604,0.06607,0.06608,0.06609,179,3245,10872,4787,3822,7412,18510,21808,11507,3462,5679,13630,21808,3693,21808,340,24908,500,550,3048
28,0.06591,0.06586,0.06584,0.06583,0.06582,0.06581,0.0658,0.06579,0.06574,0.06572,0.06595,0.06597,0.066,0.06601,0.06604,0.06606,0.06607,0.06608,0.06609,0.06615,179,4236,4787,2067,3822,7412,18510,21808,11507,3400,504,3875,9880,21808,23978,339,1431,22358,15048,2798
29,0.06591,0.06586,0.06584,0.06583,0.06582,0.06581,0.0658,0.06579,0.06577,0.06574,0.06595,0.06597,0.066,0.06601,0.06603,0.06604,0.06606,0.06607,0.06608,0.06613,179,4236,4787,2067,3822,3830,6510,21808,4893,11507,711,4249,9880,21808,7170,23978,838,931,22358,3048
30,0.06591,0.06586,0.06584,0.06583,0.06582,0.06581,0.0658,0.06579,0.06577,0.06574,0.06595,0.06596,0.066,0.06601,0.06604,0.06606,0.06607,0.06608,0.06611,0.06612,179,4236,4787,2067,3822,3830,6510,21808,4893,11507,329,443,9880,21808,23978,838,931,22358,3048,12000
31,0.0658,0.06574,0.06572,0.0657,0.06568,0.06567,0.06566,0.06565,0.06564,0.06563,0.06584,0.06585,0.06588,0.06589,0.06591,0.06592,0.06595,0.06602,0.06603,0.06604,499,4279,4375,3435,5973,4292,6510,25390,12000,7086,3993,10872,4294,21808,2169,23072,21808,499,3754,2798
32,0.0658,0.06578,0.06576,0.06574,0.06573,0.0657,0.06569,0.06568,0.06567,0.06563,0.06587,0.06588,0.06589,0.06592,0.06595,0.06596,0.06597,0.06598,0.06601,0.06603,14991,3768,3948,10800,21808,3522,4290,6510,21808,7086,221,5644,21808,21808,21808,339,1756,912,3975,3515
33,0.06581,0.0658,0.06578,0.06576,0.06575,0.06571,0.0657,0.06567,0.06566,0.06565,0.06589,0.0659,0.06591,0.06593,0.06596,0.06597,0.06598,0.06608,0.06611,0.06612,10872,499,4291,10802,21808,6510,21808,3409,4293,12000,5889,25053,10872,23271,1830,2106,21808,550,3754,12000
34,0.06583,0.0658,0.06578,0.06576,0.06575,0.06572,0.06571,0.0657,0.06566,0.06565,0.06589,0.06592,0.06593,0.06597,0.06598,0.06599,0.066,0.06604,0.06605,0.06608,10872,4815,3583,10822,21808,4312,6510,21808,3793,12000,7831,6510,21808,4826,678,9924,21808,24856,12000,550
35,0.06583,0.0658,0.06578,0.06576,0.06575,0.06572,0.06571,0.0657,0.06565,0.06564,0.06589,0.0659,0.06592,0.06593,0.06597,0.06599,0.066,0.06604,0.06605,0.06608,10872,3872,3583,10822,21808,4312,8776,21808,12000,8084,160,7521,6510,21808,4826,8996,23414,24856,12000,550
36,0.06583,0.0658,0.06578,0.06576,0.06575,0.06572,0.06571,0.0657,0.06566,0.06565,0.06589,0.0659,0.06592,0.06593,0.06594,0.06597,0.06599,0.066,0.06607,0.06608,10872,3872,3583,10822,21808,4312,8776,21808,3277,12000,329,4878,3657,10019,21808,22308,2508,24128,3048,12550
37,0.0658,0.06576,0.06574,0.06572,0.06571,0.0657,0.06568,0.06566,0.06565,0.06564,0.06587,0.06588,0.06589,0.06591,0.06594,0.06595,0.06596,0.06597,0.06599,0.066,11371,4312,4350,4350,8745,21808,3820,6749,12000,3979,16648,25623,11051,21808,21808,1830,678,500,3975,2784
38,0.06577,0.06573,0.06571,0.06568,0.06567,0.06566,0.06565,0.06564,0.06563,0.06562,0.06584,0.06585,0.06586,0.06587,0.06588,0.06591,0.06593,0.06594,0.06595,0.06597,10872,7313,4322,5068,1810,10000,21808,3979,7086,7367,3081,3598,183,6660,21808,21808,2169,1265,4293,26630
39,0.06571,0.06566,0.06564,0.06563,0.06562,0.06561,0.0656,0.06557,0.06554,0.06552,0.06578,0.06579,0.06582,0.06585,0.06587,0.06588,0.0659,0.06597,0.06599,0.066,10872,3490,4258,4255,12000,4101,21808,4162,3506,28905,3404,21808,21808,21808,2168,1262,5664,500,3754,2784
40,0.06565,0.06563,0.06562,0.06561,0.0656,0.06556,0.06554,0.06553,0.06552,0.0655,0.06573,0.06575,0.06578,0.06579,0.06581,0.06582,0.06584,0.06585,0.06594,0.06595,10872,3992,16183,4142,21808,3825,10016,21808,7097,8855,3081,7067,9780,21808,11820,22482,922,21808,3754,12000
41,0.06566,0.06565,0.06563,0.06561,0.06559,0.06558,0.06555,0.06554,0.06553,0.0655,0.06574,0.06575,0.06576,0.0658,0.06582,0.06583,0.06589,0.0659,0.06594,0.06597,10872,7347,3890,4177,10687,21808,4371,7849,21808,20088,4575,26294,21808,21808,2167,23067,3048,14784,2798,1206
42,0.06566,0.06565,0.06562,0.06561,0.06558,0.06557,0.06553,0.06552,0.0655,0.06549,0.06574,0.06575,0.06576,0.06579,0.06581,0.06582,0.06586,0.06591,0.06593,0.06594,3245,10872,9836,15595,9303,21808,3302,21808,11734,1504,3245,21185,21808,21808,918,23394,6308,922,706,2798
43,0.06566,0.06563,0.06561,0.06559,0.06557,0.06556,0.06553,0.06552,0.06551,0.0655,0.06575,0.06576,0.06577,0.0658,0.06582,0.06583,0.06591,0.06592,0.06594,0.06596,10872,4770,3231,4242,11381,33808,4276,7130,21808,11734,9838,15433,21808,21808,2506,22730,3048,12000,2798,8005
44,0.06568,0.06566,0.06563,0.06561,0.06559,0.06558,0.06557,0.06556,0.06553,0.06552,0.06575,0.06576,0.06577,0.06579,0.0658,0.06583,0.06584,0.06585,0.06586,0.06587,10872,3256,4311,6450,4242,2197,11381,33808,4276,7113,304,5077,21808,3747,21808,339,337,2752,3997,21808
45,0.06557,0.06555,0.06554,0.06552,0.06549,0.06548,0.06546,0.06544,0.06542,0.0654,0.06566,0.06567,0.06568,0.0657,0.06571,0.06573,0.06574,0.06577,0.06578,0.06584,4325,7671,3854,4915,12275,21808,5566,3345,3141,21808,4488,17575,21808,6946,21808,2166,337,4794,24856,706
46,0.06553,0.06552,0.06549,0.06546,0.06545,0.06543,0.06541,0.0654,0.06538,0.06534,0.06558,0.0656,0.06563,0.06564,0.06566,0.06567,0.06568,0.06569,0.0657,0.06574,3245,14353,7070,9968,21808,3294,4142,21808,10297,142,523,7998,13341,21808,344,9746,21808,3417,2784,15048
47,0.06557,0.06556,0.06551,0.06549,0.06546,0.06545,0.06543,0.0654,0.06538,0.06534,0.06563,0.06564,0.06566,0.06567,0.06568,0.0657,0.06572,0.06573,0.06574,0.06575,3245,10872,8168,6263,6647,21808,6753,21808,7112,9180,14658,21808,194,6510,21808,2784,2503,8401,15048,21808
48,0.06554,0.06551,0.06549,0.06546,0.06545,0.06543,0.06541,0.0654,0.06538,0.06534,0.06559,0.06561,0.06562,0.06563,0.06564,0.06565,0.06568,0.06569,0.0657,0.06579,9819,3525,1504,12694,21808,4457,3205,21808,11205,142,4883,12226,32680,320,5073,21808,22145,2745,3120,3048
49,0.06525,0.06524,0.0652,0.06517,0.06515,0.06514,0.06513,0.06512,0.06511,0.0651,0.06531,0.06532,0.06533,0.06535,0.06536,0.06539,0.0654,0.06541,0.06542,0.06543,2678,10872,4416,4471,3438,6276,23198,4516,12000,9304,633,4472,22980,6860,22980,334,1830,5681,13244,22980
50,0.06532,0.06531,0.06526,0.06525,0.06524,0.06523,0.06521,0.06519,0.06518,0.06517,0.0654,0.06541,0.06544,0.06545,0.06547,0.06548,0.0655,0.06551,0.06553,0.0656,4420,15591,4332,1944,6501,22980,4712,4328,16326,22980,12261,27519,6860,23898,1246,24218,1392,3048,12000,1392
51,0.06535,0.06532,0.0653,0.06529,0.06528,0.06527,0.06525,0.06523,0.06521,0.06518,0.06544,0.06545,0.06547,0.06548,0.06551,0.06552,0.06553,0.06555,0.06559,0.0656,10872,4420,6526,4361,22980,4343,4328,22980,4124,12000,11291,22980,6860,22980,2501,5257,12000,26028,3486,2784
52,0.06538,0.06533,0.06532,0.06529,0.06528,0.06526,0.06524,0.06521,0.06518,0.06516,0.06544,0.06546,0.06547,0.06548,0.06551,0.06554,0.06555,0.06558,0.06559,0.06562,10872,22980,4420,4368,22980,4368,3661,3866,12908,1299,1201,3438,6860,22980,3247,15474,23887,10064,12000,22980
53,0.06532,0.06528,0.06524,0.06522,0.06521,0.0652,0.06519,0.06518,0.06517,0.06516,0.06541,0.06542,0.06544,0.06545,0.06548,0.06549,0.0655,0.06551,0.06553,0.06554,11654,22980,3661,3115,3166,26276,3376,12000,3646,8543,4359,15537,7508,22980,22980,911,4950,335,4202,3048
54,0.0656,0.06558,0.06557,0.06554,0.0655,0.06546,0.06544,0.06543,0.0654,0.06539,0.06568,0.06571,0.06573,0.06575,0.06577,0.06578,0.06579,0.0658,0.06581,0.06582,22164,10872,21324,21324,21324,12000,925,8110,4648,1190,2469,4144,4166,4147,6917,3660,924,7674,339,21324
55,0.06559,0.06558,0.06555,0.06552,0.06549,0.06548,0.06543,0.06542,0.0654,0.06539,0.06566,0.06568,0.0657,0.06572,0.06573,0.06576,0.06577,0.06578,0.0658,0.06581,21324,10872,21324,21324,21324,12000,8110,924,4645,912,613,4087,4087,4095,21324,5706,4166,22586,339,6284
56,0.06555,0.0655,0.06548,0.06546,0.06543,0.0654,0.06538,0.06536,0.06532,0.06531,0.06559,0.0656,0.06564,0.06566,0.06567,0.06568,0.06569,0.0657,0.06571,0.06572,455,21324,12000,21324,21324,4645,7110,21324,8123,921,10065,10872,3119,3491,7094,26932,338,4087,337,9614
57,0.06544,0.06543,0.06542,0.06539,0.06536,0.06533,0.06529,0.06527,0.06524,0.06522,0.06551,0.06552,0.06553,0.06555,0.06558,0.06559,0.0656,0.06562,0.06563,0.06564,3245,15871,21324,21324,21324,12000,21324,7124,1059,905,3887,10872,3583,3616,4153,9104,21324,6344,337,4036
58,0.06544,0.06543,0.06542,0.06539,0.06537,0.06536,0.0653,0.06528,0.06527,0.06524,0.06551,0.06553,0.06555,0.06558,0.06559,0.0656,0.06562,0.06563,0.06564,0.06565,10872,5005,21324,21324,3245,33324,4004,8128,8041,142,331,3982,3959,4153,9503,21324,6007,337,4036,336
59,0.06543,0.06542,0.0654,0.06539,0.06536,0.06533,0.06531,0.06528,0.06527,0.06524,0.0655,0.06554,0.06555,0.06558,0.06559,0.0656,0.06562,0.06563,0.06566,0.06567,24569,10872,5020,21324,21324,21324,12000,8128,8040,142,3585,4341,4195,3103,9633,21661,6474,7377,3103,15048
60,0.06541,0.0654,0.06538,0.06536,0.06534,0.06533,0.06532,0.06531,0.06529,0.06527,0.06548,0.0655,0.06552,0.06553,0.06554,0.06555,0.06557,0.06558,0.06559,0.0656,3245,10872,6346,4194,3841,7485,21324,6360,21324,4443,709,349,10696,21324,3582,12000,21324,2503,8205,21324
61,0.06543,0.06541,0.06539,0.06536,0.06535,0.06533,0.06532,0.0653,0.06529,0.06524,0.0655,0.06552,0.06553,0.06554,0.06555,0.06556,0.06557,0.06559,0.0656,0.06563,15111,3574,4235,7444,21324,4227,21324,4454,21324,142,477,6466,21324,3582,12000,6365,21324,6862,21324,3048
62,0.06543,0.06542,0.06539,0.06538,0.06536,0.06535,0.06533,0.06532,0.06524,0.06523,0.0655,0.06552,0.06553,0.06556,0.06557,0.06558,0.06559,0.0656,0.06564,0.06565,15100,4371,6716,21324,3471,21324,4425,21324,142,8135,855,6466,21324,6365,24906,13830,4116,21324,499,3964
63,0.06516,0.06514,0.06513,0.06511,0.06509,0.06507,0.06505,0.06504,0.06503,0.06501,0.06521,0.06523,0.06524,0.06525,0.06526,0.06527,0.06528,0.06531,0.06538,0.06539,10872,4446,218,4102,4130,4167,5278,24568,19160,3315,21324,12477,37999,339267,668,1595,24372,21324,12000,706
64,0.06515,0.06514,0.06513,0.06509,0.06507,0.06506,0.06505,0.06504,0.06503,0.06501,0.0652,0.06521,0.06523,0.06524,0.06525,0.06526,0.06527,0.06528,0.06539,0.0654,10872,283,218,4130,4167,8072,7594,24568,19160,3315,6702,21324,8627,32622,339267,334,12000,21324,3754,2784
65,0.06514,0.06513,0.06507,0.06505,0.06504,0.06503,0.06501,0.065,0.06499,0.06498,0.06519,0.0652,0.06521,0.06523,0.06524,0.06525,0.06526,0.06527,0.06528,0.06539,11155,218,4167,7280,24568,19160,3315,4675,3524,21324,3205,5377,21324,14475,32622,339267,334,12000,21324,3754
66,0.0649,0.06487,0.06486,0.06485,0.06484,0.06482,0.06481,0.0648,0.06479,0.06477,0.065,0.06501,0.06502,0.06504,0.06505,0.06506,0.06509,0.0651,0.06512,0.06514,10872,25920,5153,3609,21324,3094,21324,4692,12000,6296,7170,10311,24569,12271,25037,2814,8702,21657,8940,3369
67,0.06497,0.0649,0.06489,0.06488,0.06486,0.06485,0.06482,0.0648,0.06479,0.06478,0.06504,0.06505,0.06507,0.06509,0.0651,0.06511,0.06512,0.06513,0.06514,0.06515,10738,6716,21324,3431,9111,7566,24418,8638,12000,13032,7724,3713,5941,3136,10323,21324,7867,7705,24693,893
68,0.06507,0.06503,0.06501,0.065,0.06499,0.06498,0.06497,0.06496,0.06495,0.06493,0.06515,0.06516,0.06517,0.06519,0.0652,0.06521,0.06523,0.06524,0.06525,0.06529,10872,3303,3569,2828,4915,25139,3923,5919,21324,5919,10420,35835,12000,335,9149,24152,4378,24372,338366,2798
69,0.06513,0.06512,0.0651,0.06508,0.06507,0.06505,0.06503,0.06502,0.06501,0.065,0.06524,0.06525,0.06527,0.06528,0.0653,0.06531,0.06536,0.06537,0.06538,0.0654,3871,1065,3402,6120,25124,3904,25162,7161,3871,25346,18140,339940,6365,21324,3048,21324,706,12000,21324,218
70,0.06521,0.06515,0.06513,0.06511,0.0651,0.06509,0.06508,0.06507,0.06506,0.06505,0.06524,0.06525,0.06527,0.06528,0.06529,0.0653,0.06531,0.06535,0.06537,0.06538,11714,3800,3808,3862,6385,21324,9215,3800,21324,3810,303,338366,6466,21660,1929,7273,21324,3048,12000,21324
71,0.06523,0.06516,0.06513,0.06512,0.0651,0.06509,0.06507,0.06506,0.06505,0.06504,0.06524,0.06525,0.06527,0.06528,0.06529,0.0653,0.06531,0.06535,0.06536,0.06537,10872,3726,5568,21324,3402,21324,3800,21324,3810,3800,332,338366,6466,21324,334,8568,21324,3048,4491,12000
72,0.06522,0.06516,0.06514,0.06513,0.06512,0.06511,0.06509,0.06507,0.06506,0.06505,0.06524,0.06525,0.0653,0.06531,0.06536,0.06537,0.06538,0.0654,0.06544,0.06545,10872,3664,3657,2634,24990,3684,24367,3800,21324,3810,332,338366,2265,21324,3957,12000,21324,218,706,21324
73,0.06527,0.06525,0.06524,0.06521,0.0652,0.06518,0.06517,0.06516,0.06514,0.06513,0.06536,0.06537,0.0654,0.06542,0.06544,0.06545,0.06546,0.06547,0.06548,0.06549,21324,10196,24569,6744,4439,6365,21324,3246,3658,3052,19675,16067,5707,3659,5254,913,4371,3402,2798,24372
74,0.06527,0.06526,0.06525,0.06523,0.06522,0.06519,0.06517,0.06516,0.06514,0.06513,0.06534,0.06536,0.06537,0.0654,0.06542,0.06543,0.06544,0.06545,0.06546,0.06547,867,12710,32196,13758,24635,3831,25150,3246,3658,3052,3354,8803,12000,5707,3659,21660,6166,337,25023,3402
75,0.06527,0.06526,0.06525,0.06524,0.06523,0.06522,0.06521,0.0652,0.06519,0.06517,0.06534,0.06536,0.06537,0.0654,0.06542,0.06543,0.06544,0.06545,0.06546,0.06547,876,6365,24569,10872,6365,21324,3899,7509,25155,3826,3517,12385,12000,5707,3659,22919,4332,913,25023,3402
76,0.06536,0.06535,0.06533,0.06532,0.0653,0.06529,0.06528,0.06526,0.06523,0.06521,0.0654,0.06544,0.06546,0.06547,0.06549,0.0655,0.06551,0.06552,0.06553,0.06554,6365,32196,9784,21324,3960,6365,21324,3230,4973,12069,218,3659,3699,3402,3638,39135,499,4842,674,683
77,0.06546,0.06545,0.06543,0.06542,0.0654,0.06539,0.06536,0.06535,0.06533,0.06531,0.06549,0.0655,0.06556,0.06558,0.0656,0.06561,0.06562,0.06563,0.06564,0.06566,3245,10872,6365,21324,7539,25256,6351,21324,3946,3923,3800,12000,3457,3923,7530,1598,3065,4824,24372,3932
78,0.06544,0.06543,0.06542,0.06541,0.06537,0.06536,0.06534,0.06532,0.06529,0.06528,0.06549,0.06552,0.06555,0.06556,0.06558,0.06559,0.0656,0.06561,0.06562,0.06563,3245,10872,4231,21324,3724,21324,3549,5883,6001,3944,312,3240,7634,24781,4782,21823,5874,4945,7011,16292
79,0.06551,0.0655,0.06546,0.06544,0.06543,0.06542,0.06541,0.06539,0.06537,0.06536,0.06555,0.06559,0.06562,0.06563,0.06565,0.06566,0.06567,0.06568,0.06569,0.0657,3245,10872,3821,3933,1832,10981,21324,3943,3724,33324,8281,3937,11355,22545,5328,1263,9913,25815,15547,132
80,0.0655,0.06549,0.06544,0.06543,0.06542,0.06541,0.06539,0.06537,0.06536,0.06533,0.06555,0.06557,0.06559,0.06562,0.06563,0.06565,0.06566,0.06567,0.06568,0.06569,3245,10872,3933,1832,7531,21324,3943,3724,21324,18983,307,3958,3958,11355,21324,4990,1601,9913,25815,15547
81,0.06548,0.06547,0.06542,0.06541,0.06539,0.06537,0.06536,0.06533,0.06531,0.06528,0.06554,0.06555,0.06557,0.06559,0.0656,0.06561,0.06563,0.06564,0.06565,0.06567,3245,10872,8173,21324,4019,3724,21324,18983,3102,4262,4045,5716,3958,3958,7856,21324,5511,7963,21324,9034
82,0.06548,0.06546,0.06545,0.0654,0.06539,0.06535,0.06534,0.06529,0.06528,0.06526,0.06551,0.06554,0.06557,0.06558,0.0656,0.06561,0.06562,0.06563,0.06564,0.06565,305,3245,10872,3867,23926,5800,21324,3867,12000,9053,3357,4045,12159,21324,3939,23257,336,922,5639,21823
83,0.06542,0.06541,0.06537,0.06535,0.06534,0.0653,0.06529,0.06526,0.06524,0.06523,0.06548,0.06551,0.06554,0.06555,0.06557,0.06558,0.06559,0.0656,0.06561,0.06564,3245,10872,3776,5746,21324,3830,5746,33324,145,8023,6652,5295,14564,21324,7960,22238,673,3939,21324,3048
84,0.06554,0.06553,0.06549,0.06548,0.06546,0.06545,0.06544,0.06541,0.06539,0.06534,0.06559,0.06564,0.06565,0.06568,0.06569,0.0657,0.06571,0.06572,0.06575,0.06579,3245,10872,21324,5828,6073,9158,21324,3776,3801,4956,5406,9583,21324,8299,25706,13551,2798,21324,909,25078
85,0.06548,0.06547,0.06542,0.06541,0.06538,0.06537,0.06536,0.06534,0.06532,0.0653,0.06555,0.06557,0.06559,0.06561,0.06562,0.06564,0.06565,0.06567,0.06568,0.06569,3245,10872,3678,21324,6806,3678,21324,144,3678,11803,4594,3678,3677,11883,21324,8297,22579,3048,6740,21324
86,0.06551,0.0655,0.06547,0.06546,0.06542,0.06541,0.06539,0.06538,0.06537,0.06534,0.06555,0.06561,0.06562,0.06564,0.06565,0.06566,0.06567,0.06568,0.06569,0.0657,3245,10872,3281,21324,3678,21324,4451,12000,3655,3291,338,10026,21324,6365,21324,1595,1255,7077,21324,15137
87,0.06549,0.06548,0.06544,0.06542,0.06541,0.06536,0.06534,0.06532,0.0653,0.06527,0.06555,0.06558,0.06559,0.06561,0.06562,0.06563,0.06564,0.06565,0.06569,0.0657,3245,10872,3664,3665,21324,36743,144,3652,3224,8631,4430,7012,24809,6365,21324,1595,6768,22241,24372,12631
88,0.06545,0.06544,0.06541,0.06536,0.06534,0.06533,0.06531,0.06529,0.06527,0.06526,0.06552,0.06553,0.06554,0.06555,0.06558,0.06559,0.0656,0.06561,0.06562,0.06564,3245,10872,21324,24743,144,12000,4290,3643,4862,903,2071,7744,24673,11218,7012,21324,2269,915,21324,3048
89,0.06541,0.0654,0.06538,0.06535,0.06534,0.06531,0.0653,0.06529,0.06528,0.06527,0.06548,0.0655,0.06551,0.06553,0.06554,0.06556,0.06557,0.06558,0.06559,0.06562,3245,10872,2018,3603,21324,6796,12000,3643,21324,501,1966,7012,21324,4929,21324,336,1595,4494,21324,24372
90,0.06536,0.06533,0.06528,0.06526,0.06524,0.06523,0.06521,0.06519,0.06517,0.06516,0.06543,0.06544,0.06545,0.06548,0.06549,0.0655,0.06554,0.06555,0.06558,0.06559,10872,2533,3671,5927,25050,7118,5041,3585,24435,12000,6365,24569,10872,8139,31987,328405,3048,21324,12000,22030
91,0.06528,0.06524,0.06521,0.06519,0.06517,0.06514,0.06513,0.06511,0.0651,0.06509,0.06537,0.06538,0.0654,0.06541,0.06542,0.06543,0.06544,0.06548,0.06549,0.0655,503,3578,5041,3585,24435,5409,10670,3092,20508,21324,6666,21324,6426,21324,908,8630,21324,6626,6101,327494
92,0.06523,0.06518,0.06516,0.06515,0.06514,0.06511,0.0651,0.06509,0.06507,0.06505,0.06531,0.06532,0.06534,0.06535,0.06537,0.06538,0.06544,0.06545,0.06548,0.06549,10872,3553,3553,2975,26590,3092,3584,21324,3584,3111,4538,22036,6365,21324,7349,23809,8361,6778,4038,6638
93,0.06524,0.0652,0.06518,0.06516,0.06514,0.06511,0.0651,0.06509,0.06507,0.06505,0.06533,0.06534,0.06535,0.06537,0.06538,0.06539,0.0654,0.06541,0.06542,0.06544,10872,3520,3553,3553,26590,3092,3584,21324,15584,4500,6480,19967,21324,6365,21324,334,1929,4582,21324,3048
94,0.0652,0.06516,0.06515,0.06514,0.06511,0.0651,0.06509,0.06507,0.06505,0.06504,0.06528,0.06529,0.06531,0.06532,0.06533,0.06534,0.06535,0.06536,0.06537,0.06538,10872,3553,3578,21324,3092,3578,21324,3054,3605,12000,5593,22610,6113,21324,304,6365,24155,334,6365,21324
95,0.06525,0.0652,0.06519,0.06517,0.06515,0.06514,0.06511,0.0651,0.06508,0.06506,0.06532,0.06535,0.06537,0.06538,0.0654,0.06541,0.06542,0.06543,0.06544,0.06545,10872,5620,21324,3553,3179,21324,6490,3578,3200,11693,7613,5324,9914,21324,4588,7960,22899,4086,18365,24372
96,0.06523,0.0652,0.06518,0.06515,0.06514,0.06511,0.0651,0.06509,0.06508,0.06507,0.06529,0.0653,0.06531,0.06532,0.06534,0.06535,0.06537,0.06538,0.06542,0.06543,10872,2383,3294,3910,21324,6778,3588,3937,12000,3190,5374,24416,22872,343,7473,21324,6364,22563,21324,3552
97,0.06521,0.0652,0.06518,0.06517,0.06516,0.06512,0.06511,0.06507,0.06505,0.06504,0.06529,0.0653,0.06531,0.06532,0.06534,0.06535,0.06537,0.06538,0.06541,0.06542,3245,10872,4428,3093,21324,3529,24567,3335,3125,12141,6253,15043,25046,7505,5451,21324,6665,21324,24372,504
98,0.0653,0.06529,0.06525,0.06523,0.06522,0.06521,0.06518,0.06517,0.06516,0.06514,0.06537,0.06538,0.06539,0.0654,0.06541,0.06542,0.06543,0.06544,0.06545,0.06547,3245,10872,4105,4022,4144,21324,6195,3065,21324,4284,3781,22774,21324,3984,4507,21324,1595,7610,21660,12000
99,0.0653,0.06529,0.06525,0.06523,0.06522,0.06521,0.06518,0.06517,0.06516,0.06514,0.06537,0.06538,0.0654,0.06541,0.06542,0.06544,0.06545,0.06546,0.06547,0.06548,3245,10872,3585,4022,4144,21324,6224,3065,21324,3599,11513,13665,3421,4507,21324,6365,23254,4829,12000,21324
100,0.06538,0.06534,0.06532,0.06531,0.06529,0.06528,0.06527,0.06523,0.0652,0.06519,0.06546,0.06547,0.06549,0.0655,0.06552,0.06553,0.06554,0.06555,0.06556,0.06558,8611,4089,4352,21324,6790,12000,4098,24556,8866,8140,9046,10872,5482,7069,6365,22236,1356,8515,21324,10318
101,0.06535,0.06531,0.06529,0.06528,0.06526,0.06524,0.06523,0.0652,0.06518,0.06515,0.06542,0.06543,0.06545,0.06546,0.06549,0.0655,0.06552,0.06553,0.06557,0.06558,10872,3375,4011,21324,3612,4020,24556,4428,4017,20145,6176,13916,4133,24569,8079,25881,6365,21324,3048,4124
102,0.06536,0.06531,0.06529,0.06528,0.06527,0.06524,0.06523,0.0652,0.06516,0.06514,0.06542,0.06546,0.06547,0.06549,0.0655,0.06551,0.06552,0.06553,0.06555,0.06556,14809,3375,4011,24462,12000,4020,24556,4173,1815,8146,347,10337,21324,6484,25890,1248,6702,21324,3048,3467
103,0.06538,0.06537,0.06533,0.06531,0.06529,0.06526,0.06525,0.06524,0.06523,0.06522,0.06549,0.0655,0.06551,0.06553,0.06556,0.06557,0.06558,0.06559,0.0656,0.06561,21324,3087,25139,3312,4011,3076,3330,12000,8280,1820,3625,8779,5705,3885,8978,21324,7137,683,10570,24709
104,0.06533,0.06528,0.06526,0.06525,0.06524,0.06523,0.06522,0.0652,0.06518,0.06516,0.06541,0.06542,0.06544,0.06545,0.06547,0.06548,0.06549,0.0655,0.06551,0.06552,10872,3187,4406,2910,3890,3067,21324,3902,3894,3568,10425,14363,9484,21324,7924,22919,672,4985,21324,3048
105,0.06538,0.06536,0.06533,0.06531,0.06528,0.06527,0.06526,0.06523,0.06522,0.0652,0.06547,0.06548,0.0655,0.06551,0.06553,0.06554,0.06555,0.06557,0.06558,0.06563,10872,3076,8548,3293,6523,21324,3784,6736,21324,3058,12087,21324,6365,21324,2435,5894,21324,19811,22229,2798
106,0.06547,0.06541,0.06539,0.06538,0.06537,0.06536,0.06533,0.06532,0.06528,0.06526,0.06551,0.06552,0.06553,0.06557,0.06558,0.0656,0.06561,0.06565,0.06566,0.06567,10872,3973,3906,7692,21324,3076,6736,21827,3077,12000,6939,24591,503,7046,21324,5670,33662,499,3967,21324
107,0.06548,0.06547,0.06543,0.06541,0.06539,0.06538,0.06537,0.06535,0.06534,0.06533,0.06552,0.06553,0.06557,0.06558,0.0656,0.06561,0.06564,0.06565,0.06566,0.06567,3245,10872,4008,3973,3906,7692,21324,3391,503,6736,21662,503,7046,21324,11647,33324,338,499,3967,21324
108,0.06549,0.06543,0.06541,0.06539,0.06538,0.06537,0.06535,0.06534,0.06533,0.06532,0.06551,0.06552,0.06553,0.06557,0.06558,0.0656,0.06561,0.06565,0.06566,0.06567,10872,3120,3109,6540,7867,21324,4574,6305,12000,6109,21356,306,503,7046,21324,9715,35257,338,3967,21324
109,0.06549,0.06548,0.06545,0.06544,0.06543,0.06539,0.06538,0.06535,0.06533,0.0653,0.06556,0.06557,0.06559,0.0656,0.06562,0.06563,0.06564,0.06565,0.06566,0.06567,3245,10872,506,7718,21324,3182,15440,25494,7122,6756,3671,9083,3116,3856,11996,21324,4820,8872,24906,12000
110,0.06548,0.06547,0.06545,0.06543,0.06541,0.0654,0.06538,0.06535,0.06533,0.06532,0.06555,0.06556,0.06559,0.0656,0.06562,0.06563,0.06564,0.06565,0.06566,0.06569,3245,10872,506,4101,7754,21324,3440,4170,11202,21324,8799,21672,7516,25180,6463,21662,338,920,21324,499
111,0.06552,0.06551,0.06549,0.06547,0.06545,0.06543,0.06541,0.0654,0.06538,0.06535,0.06556,0.06559,0.0656,0.06562,0.06563,0.06565,0.06566,0.06568,0.06569,0.0657,5276,10872,4195,4159,4274,4101,7754,21324,3440,4170,316,7516,25180,4868,21324,5467,23257,337,499,3969
112,0.06564,0.06563,0.0656,0.06558,0.06557,0.06556,0.06555,0.06553,0.06551,0.0655,0.06572,0.06574,0.06575,0.06576,0.06578,0.06579,0.0658,0.06582,0.06583,0.06584,1564,10872,4216,4224,2522,4224,21324,6450,3084,21324,7713,3880,21324,406,5518,5888,21664,339,5221,24372
113,0.06565,0.06561,0.0656,0.06556,0.06555,0.06553,0.06551,0.0655,0.06549,0.06548,0.06572,0.06574,0.06576,0.06577,0.06579,0.0658,0.06581,0.06584,0.06585,0.06587,1564,4320,25540,4224,21324,3555,4038,4269,506,144,9042,4324,4725,21324,4320,23259,1262,21324,3048,21324
114,0.06582,0.0658,0.06578,0.06576,0.06575,0.06573,0.06571,0.06568,0.06567,0.06561,0.06591,0.06592,0.06593,0.06596,0.06597,0.06598,0.06599,0.06601,0.06602,0.06604,5016,15115,3338,4239,21324,3140,4145,6425,21324,919,3212,3158,21324,25562,3854,683,22919,932,24372,2292
115,0.06595,0.06593,0.06591,0.0659,0.06587,0.06586,0.06585,0.06581,0.06579,0.06578,0.06604,0.06608,0.06609,0.06611,0.06613,0.06614,0.06615,0.06616,0.06622,0.06623,4278,14774,4254,21324,4261,4183,21324,3144,10220,143,20897,4789,21324,343,5268,6419,2798,24372,706,29873
116,0.06594,0.0659,0.06588,0.06587,0.06586,0.06585,0.06583,0.06581,0.06578,0.06577,0.06604,0.06606,0.06608,0.06609,0.06611,0.06612,0.06614,0.06615,0.06616,0.06622,15081,4391,4389,3009,7766,21324,5041,3893,143,21324,20232,21324,550,21324,344,1937,938,5846,21324,706
117,0.066,0.06597,0.06596,0.06595,0.06591,0.06588,0.06587,0.06579,0.06578,0.06577,0.0661,0.06612,0.06614,0.06616,0.06617,0.06618,0.0662,0.06621,0.06623,0.06625,15682,6471,4314,22332,3420,6328,21324,918,7228,7067,3825,4948,4336,8852,29423,3259,22266,3048,23616,904
118,0.06597,0.06596,0.06595,0.06591,0.06588,0.06587,0.06585,0.06583,0.06581,0.0658,0.06608,0.0661,0.06612,0.06614,0.06616,0.06617,0.06618,0.06619,0.0662,0.06623,7381,4052,22332,3420,3824,21324,6375,3437,919,942,3493,4604,4295,25660,4516,24200,3259,343,24372,23616
119,0.06604,0.06603,0.06598,0.06596,0.06595,0.06593,0.06591,0.06588,0.06587,0.06581,0.06608,0.06612,0.06613,0.06614,0.06616,0.06617,0.06618,0.06619,0.0662,0.06622,3245,10872,4245,7289,22332,4567,3420,3824,21324,919,11331,3795,7660,25660,11357,22919,3259,4974,21324,3048
120,0.06609,0.06606,0.06603,0.066,0.06598,0.06596,0.06595,0.06593,0.06588,0.06583,0.06616,0.06617,0.06619,0.0662,0.06622,0.06623,0.06624,0.06625,0.06628,0.06629,10872,4177,4177,25555,4165,3955,22332,5870,9064,323,6841,21324,6694,21324,5891,25211,686,215,3993,4393
121,0.06611,0.06606,0.06605,0.06602,0.06601,0.066,0.06599,0.06596,0.06595,0.06593,0.0662,0.06621,0.06622,0.06623,0.06624,0.06625,0.06626,0.06627,0.06628,0.06629,10872,3165,21324,6743,4031,21324,144,6754,1008,3153,10347,21324,2759,8657,21324,215,7599,23261,344,946
122,0.06612,0.06608,0.06606,0.06603,0.06602,0.06601,0.066,0.06599,0.06596,0.06594,0.0662,0.06621,0.06622,0.06623,0.06624,0.06625,0.06628,0.06629,0.0663,0.06631,10872,3633,3987,3969,3089,3074,21324,4129,6756,3656,6679,21324,2759,8657,21324,215,1937,344,7310,24372
123,0.06607,0.06603,0.06601,0.066,0.06598,0.06596,0.06594,0.06593,0.06592,0.06591,0.06616,0.06617,0.06618,0.0662,0.06621,0.06622,0.06623,0.06624,0.06625,0.06629,10872,3914,3074,21324,4209,3620,3656,4008,21324,1008,5151,17721,21324,6365,21324,2759,11539,21666,215,3048
124,0.06607,0.06601,0.066,0.06596,0.06595,0.06594,0.06593,0.06592,0.06591,0.0659,0.06614,0.06616,0.06617,0.0662,0.06621,0.06622,0.06623,0.06624,0.06625,0.06626,10872,3074,21324,3620,3608,3911,4201,21324,1008,4050,3911,10148,22688,6365,22919,684,9600,21324,215,3048
125,0.06605,0.06601,0.066,0.06596,0.06594,0.06593,0.06592,0.06591,0.0659,0.06589,0.06614,0.06616,0.06617,0.0662,0.06621,0.06622,0.06623,0.06624,0.06625,0.06636,10872,3496,21324,3620,3911,4201,21324,1008,4041,3907,4985,9829,22688,6365,21324,2279,9600,21324,215,3048
126,0.06606,0.06601,0.066,0.06598,0.06596,0.06595,0.06594,0.06593,0.06592,0.06591,0.06614,0.06616,0.06617,0.0662,0.06621,0.06622,0.06623,0.06624,0.06625,0.0663,10872,3206,21324,5605,3157,3677,3874,4201,21324,1008,302,9829,22688,6365,21324,1936,9600,21664,215,6114
127,0.06608,0.06602,0.06601,0.066,0.06598,0.06596,0.06594,0.06593,0.06592,0.0659,0.06616,0.06617,0.0662,0.06621,0.06623,0.06624,0.06625,0.06629,0.06631,0.06639,10872,3833,3863,21324,3863,3157,3874,4201,21324,4008,6365,22688,6365,21324,8997,23260,215,3992,22688,3504
128,0.06588,0.06587,0.0658,0.06578,0.06577,0.06575,0.06573,0.06571,0.0657,0.06569,0.06596,0.06597,0.06599,0.066,0.06602,0.06603,0.06605,0.06606,0.06616,0.06617,10872,1008,3113,4577,29755,5565,3716,3706,142,26129,10482,22688,7256,25933,7022,23365,928,22688,3754,2798
129,0.06596,0.06593,0.0659,0.06588,0.06587,0.06585,0.06583,0.06582,0.0658,0.06579,0.06604,0.06605,0.06606,0.0661,0.06612,0.06613,0.06616,0.06617,0.06619,0.0662,10872,2871,3823,7143,23696,3812,3140,22688,3113,3571,4452,19311,22688,683,6274,22688,6192,2798,11421,22688
130,0.06591,0.06588,0.06587,0.06585,0.06584,0.06581,0.0658,0.06579,0.06577,0.06575,0.066,0.06601,0.06602,0.06603,0.06604,0.06606,0.06607,0.06608,0.06609,0.0661,10872,3301,1008,5817,22688,4012,3871,22688,7067,3330,4099,15635,18632,22688,342,7112,24283,339,930,22688
131,0.06576,0.06572,0.06571,0.06566,0.06565,0.06564,0.06563,0.06562,0.0656,0.06558,0.06583,0.06584,0.06585,0.06588,0.06589,0.0659,0.06591,0.06592,0.06593,0.06595,10872,5546,22688,12316,3869,12000,22688,142,4907,3879,3801,18538,25853,4816,22688,683,3641,24860,337,22688
132,0.06567,0.06565,0.06564,0.06563,0.0656,0.06556,0.06555,0.06552,0.0655,0.06549,0.06574,0.06575,0.06576,0.06578,0.06581,0.06582,0.06583,0.06584,0.06585,0.06588,10872,5066,12000,22688,4907,3399,29787,563,3794,905,3711,12433,85,3794,10568,22688,997,6690,28019,3048
133,0.06578,0.06574,0.06572,0.06571,0.0657,0.06569,0.06567,0.06565,0.06564,0.06563,0.06587,0.06588,0.06589,0.06591,0.06592,0.06593,0.06594,0.06595,0.06596,0.06598,10872,3802,3809,3795,3061,22688,4496,3403,15764,22688,3245,22497,25933,6772,22688,1595,923,4202,22688,3048
134,0.06577,0.06572,0.06571,0.0657,0.06569,0.06567,0.06565,0.06564,0.06563,0.06562,0.06585,0.06587,0.06588,0.06589,0.06591,0.06592,0.06595,0.06596,0.06598,0.06599,10872,3809,3795,2181,22688,3796,3403,15508,22688,142,3790,4092,5911,25933,8367,22688,5125,22688,3048,22688
135,0.06579,0.06577,0.06573,0.0657,0.06569,0.06567,0.06565,0.06564,0.06563,0.06562,0.06584,0.06585,0.06586,0.06588,0.06589,0.06591,0.06592,0.06593,0.06595,0.06596,10872,10872,3787,5257,22688,3796,3403,15438,22688,142,324,3527,25933,5911,25933,339,24283,337,922,22688
136,0.06587,0.06582,0.0658,0.06579,0.06575,0.06574,0.06571,0.06569,0.06567,0.06566,0.06595,0.06596,0.06599,0.066,0.06602,0.06603,0.06607,0.06609,0.0661,0.06618,10872,3800,5700,26473,3786,22688,3800,3795,913,16089,9199,22688,6772,22688,6490,23366,11597,3988,22688,2798
137,0.06595,0.0659,0.06587,0.06585,0.06584,0.06582,0.0658,0.06579,0.06575,0.06574,0.06602,0.06603,0.06607,0.06609,0.0661,0.06612,0.06613,0.06614,0.06616,0.06617,10872,4389,3376,3802,22688,3800,5700,26473,8986,931,4278,22688,8549,8365,23600,1611,6772,22688,7325,22688
