timestamp,bid_price_0,bid_price_1,bid_price_2,bid_price_3,bid_price_4,bid_price_5,bid_price_6,bid_price_7,bid_price_8,bid_price_9,ask_price_0,ask_price_1,ask_price_2,ask_price_3,ask_price_4,ask_price_5,ask_price_6,ask_price_7,ask_price_8,ask_price_9,bid_size_0,bid_size_1,bid_size_2,bid_size_3,bid_size_4,bid_size_5,bid_size_6,bid_size_7,bid_size_8,bid_size_9,ask_size_0,ask_size_1,ask_size_2,ask_size_3,ask_size_4,ask_size_5,ask_size_6,ask_size_7,ask_size_8,ask_size_9
0,0.06568,0.06563,0.06561,0.06559,0.06558,0.06557,0.06555,0.06554,0.06553,0.06552,0.06572,0.06573,0.06574,0.06575,0.06576,0.06578,0.06579,0.0658,0.06581,0.06582,500,5400,7608,7788,12000,3445,9063,12478,21808,4453,3181,21808,3352,14911,21808,5105,23638,1259,5543,21808
1,0.06569,0.06568,0.06566,0.06563,0.06561,0.06559,0.06558,0.06557,0.06555,0.06554,0.06575,0.06576,0.06578,0.06579,0.06581,0.06582,0.06583,0.06584,0.06586,0.06588,3079,10316,3945,5400,7608,8224,21808,3445,5615,19080,4372,21808,5105,21808,6533,22308,338,2168,7295,3048
2,0.0657,0.06569,0.06566,0.06563,0.06561,0.06559,0.06558,0.06557,0.06555,0.06554,0.06575,0.06576,0.06577,0.06579,0.0658,0.06582,0.06583,0.06584,0.06586,0.06588,3245,10872,7602,5400,7608,8224,21808,5998,3935,19080,333,3579,21808,5588,22308,6510,23638,1259,22146,3048
3,0.06569,0.06564,0.06561,0.06559,0.06558,0.06557,0.06555,0.06554,0.06553,0.0655,0.06573,0.06574,0.06576,0.06577,0.06578,0.06579,0.0658,0.06582,0.06583,0.06588,10872,7598,7602,8224,21808,5480,7066,19080,21808,4091,7263,21808,3579,21808,500,4985,21808,338,23638,338
4,0.06569,0.06564,0.06561,0.0656,0.06559,0.06558,0.06557,0.06555,0.06554,0.06553,0.06573,0.06574,0.06576,0.06577,0.06578,0.06579,0.0658,0.06582,0.06583,0.06586,10872,7598,7602,4088,8224,21808,5480,7066,19080,21808,6853,21808,3579,21808,500,4985,21808,338,23638,338
5,0.06569,0.06568,0.06564,0.06561,0.06559,0.06558,0.06557,0.06555,0.06554,0.06553,0.06573,0.06574,0.06576,0.06577,0.06578,0.06579,0.0658,0.06582,0.06583,0.06589,3394,6732,7598,7602,8224,21808,4795,3935,19080,21808,4870,21808,3579,21808,500,4985,21808,1258,23976,3048
6,0.06569,0.06568,0.06564,0.06561,0.06559,0.06558,0.06557,0.06555,0.06554,0.06553,0.06573,0.06574,0.06576,0.06577,0.06578,0.06579,0.0658,0.06582,0.06583,0.06589,3245,10872,3799,7602,8224,21808,5673,12051,19080,21808,4870,21808,3579,21808,500,4985,25136,3088,22146,3048
7,0.06567,0.06563,0.06561,0.06559,0.06558,0.06557,0.06555,0.06554,0.06553,0.0655,0.06573,0.06574,0.06576,0.06577,0.06579,0.0658,0.06583,0.06584,0.06586,0.06587,10872,5370,7578,7776,21808,4370,7795,11064,21808,12000,6673,21808,3579,22309,5045,21808,24559,12676,6992,3048
8,0.06557,0.06555,0.06553,0.06551,0.06549,0.06547,0.06546,0.06545,0.06543,0.0654,0.06563,0.06564,0.06566,0.06567,0.06569,0.0657,0.06571,0.06573,0.06574,0.06578,848,217,5382,7578,3499,8954,20273,21808,7094,7655,7688,27190,3089,25053,4660,4584,21808,339,24856,12000
9,0.06563,0.06562,0.0656,0.06557,0.06555,0.06554,0.06553,0.06551,0.06548,0.06547,0.06569,0.0657,0.06571,0.06573,0.06574,0.06577,0.06578,0.06579,0.0658,0.06581,4118,13928,4287,7558,5314,11802,33808,4903,4939,21808,2493,3984,21808,3440,21808,500,2167,6553,7219,21808
10,0.06573,0.06572,0.06569,0.06567,0.06565,0.06564,0.06563,0.06562,0.06561,0.0656,0.06579,0.0658,0.06581,0.06583,0.06586,0.06587,0.06588,0.0659,0.066,0.06601,3245,10872,3531,5081,3874,4111,2775,3417,12068,21808,5002,31398,10872,21808,21808,2169,1265,21808,3754,12500
11,0.06581,0.0658,0.06579,0.06577,0.06575,0.06573,0.06572,0.06571,0.06569,0.06567,0.06589,0.0659,0.06594,0.06597,0.066,0.06601,0.06603,0.06604,0.06608,0.06612,3245,10872,7499,4994,3582,5387,7819,26193,4994,11509,12011,21808,21808,24317,931,7022,11440,24606,550,406
12,0.06581,0.06579,0.06577,0.06575,0.06573,0.06572,0.06571,0.06569,0.06567,0.06566,0.06589,0.06591,0.06593,0.06594,0.06596,0.06597,0.066,0.06601,0.06603,0.06604,10872,5135,7510,3582,5387,7819,26193,5054,10473,33808,11214,4488,4996,21808,3755,23978,5194,22308,3048,24606
13,0.06582,0.0658,0.06578,0.06576,0.06575,0.06574,0.06573,0.06572,0.06571,0.06569,0.06589,0.06591,0.06594,0.06597,0.066,0.06601,0.06603,0.06604,0.06608,0.06611,5174,3746,3654,3753,3582,2338,3908,7819,26193,3645,192,21808,21808,23978,4837,5674,6784,24606,550,706
14,0.06587,0.06583,0.06581,0.06579,0.06578,0.06577,0.06576,0.06575,0.06574,0.06572,0.06589,0.06591,0.06596,0.06597,0.066,0.06601,0.06602,0.06603,0.06604,0.06608,10872,5252,5199,5252,9698,7630,25561,3061,10256,7819,308,12000,5248,21808,7885,7767,1272,7043,21808,550
15,0.06584,0.06583,0.0658,0.06578,0.06577,0.06576,0.06573,0.06572,0.06571,0.0657,0.06589,0.06592,0.06594,0.06595,0.06598,0.06599,0.066,0.06601,0.06608,0.06611,3245,10872,7494,8614,11778,21808,7500,7819,21808,500,322,3527,12639,21808,21808,912,5857,22308,550,3754
16,0.06581,0.0658,0.06576,0.06574,0.06573,0.0657,0.06569,0.06568,0.06565,0.06563,0.06588,0.06589,0.06592,0.06594,0.06595,0.06596,0.06597,0.06598,0.06605,0.06608,3245,10872,4749,11146,21808,4478,6552,21951,8386,19058,11237,21808,23720,2638,21808,2508,930,21808,500,550
17,0.06582,0.0658,0.06579,0.06577,0.06576,0.06575,0.06573,0.06572,0.06571,0.0657,0.0659,0.06592,0.06595,0.06598,0.06599,0.066,0.06602,0.06605,0.06608,0.06609,5211,5209,4241,6510,21808,7617,5224,3450,7846,26286,3657,21808,21808,6652,932,5550,21808,4187,3598,22514
18,0.06577,0.06575,0.06573,0.06571,0.06569,0.06568,0.06567,0.06564,0.06563,0.06562,0.06585,0.06586,0.06589,0.0659,0.06592,0.06593,0.06595,0.06605,0.06608,0.0661,5029,3707,5027,5590,5030,13970,21808,8050,21474,21808,19944,3748,21808,3657,23638,678,22738,500,550,3048
19,0.0658,0.06578,0.06577,0.06575,0.06574,0.06573,0.06572,0.06571,0.06569,0.06566,0.06589,0.06592,0.06594,0.06595,0.06597,0.06598,0.06599,0.066,0.06608,0.06614,4557,4608,7586,3554,1810,11207,21808,5108,3781,6846,11954,21808,3691,21808,912,9109,22148,3836,550,3754
20,0.06584,0.06583,0.06582,0.0658,0.06578,0.06577,0.06573,0.06572,0.06571,0.06569,0.06592,0.06596,0.06599,0.066,0.06601,0.06602,0.06604,0.06606,0.06608,0.06611,4372,6765,10872,2413,12219,26299,10315,21808,500,4037,13783,21808,21808,5326,680,5509,3313,24856,550,706
21,0.06581,0.0658,0.06578,0.06577,0.06573,0.06571,0.0657,0.06569,0.06567,0.06566,0.0659,0.06592,0.06596,0.06597,0.06598,0.06599,0.066,0.06608,0.06614,0.06615,7555,10872,11430,21808,4858,4193,7545,25276,7892,12000,13409,21808,21808,2170,1270,21808,3314,550,3754,2798
22,0.06587,0.06586,0.06585,0.06583,0.06582,0.0658,0.06578,0.06577,0.06576,0.06575,0.06596,0.06597,0.066,0.06602,0.06603,0.06605,0.06606,0.06608,0.06612,0.06613,10872,6510,21808,3785,3785,6417,12128,22308,3389,12000,10872,2383,7571,5012,21808,5899,24573,550,3048,21808
23,0.06587,0.06585,0.06583,0.06582,0.0658,0.06578,0.06577,0.06574,0.0657,0.06569,0.06596,0.06597,0.06599,0.066,0.06603,0.06607,0.06608,0.0661,0.06615,0.0662,15205,3472,7802,26136,3636,11647,22308,3949,4627,8078,10872,1650,5840,25092,21808,7756,10074,21808,2798,706
24,0.0659,0.06589,0.06586,0.06584,0.06583,0.06582,0.06579,0.06577,0.06576,0.06575,0.06598,0.06599,0.06602,0.06604,0.06605,0.06606,0.06607,0.06608,0.0661,0.06615,3245,10872,4438,3792,12911,21808,4858,8897,15474,8764,7273,10872,3367,25836,1830,681,23240,12550,27640,2798
25,0.06593,0.06592,0.0659,0.06588,0.06587,0.06584,0.06581,0.0658,0.06579,0.06575,0.066,0.06603,0.06606,0.06607,0.06608,0.06609,0.0661,0.06611,0.06612,0.06614,3245,14341,6436,6510,21808,4091,7412,16004,21808,8070,1322,7841,9947,22308,4254,3397,23638,341,340,7904
26,0.06594,0.06584,0.06581,0.0658,0.06579,0.06577,0.06576,0.06575,0.06574,0.06572,0.06597,0.06598,0.06599,0.066,0.06603,0.06604,0.06607,0.06608,0.0661,0.06615,171,4787,7412,22798,21808,4288,4288,8070,7068,3662,3245,14154,1007,11187,7184,21808,25412,890,24856,2798
27,0.06591,0.06588,0.06587,0.06584,0.06582,0.06581,0.0658,0.06579,0.06574,0.06572,0.06595,0.06596,0.06597,0.06598,0.06601,0.06603,0.06604,0.06607,0.06608,0.06609,179,3245,10872,4787,3822,7412,18510,21808,11507,3462,5679,13630,21808,3693,21808,340,24908,500,550,3048
28,0.06591,0.06586,0.06584,0.06583,0.06582,0.06581,0.0658,0.06579,0.06574,0.06572,0.06595,0.06597,0.066,0.06601,0.06604,0.06606,0.06607,0.06608,0.06609,0.06615,179,4236,4787,2067,3822,7412,18510,21808,11507,3400,504,3875,9880,21808,23978,339,1431,22358,15048,2798
29,0.06591,0.06586,0.06584,0.06583,0.06582,0.06581,0.0658,0.06579,0.06577,0.06574,0.06595,0.06597,0.066,0.06601,0.06603,0.06604,0.06606,0.06607,0.06608,0.06613,179,4236,4787,2067,3822,3830,6510,21808,4893,11507,711,4249,9880,21808,7170,23978,838,931,22358,3048
30,0.06591,0.06586,0.06584,0.06583,0.06582,0.06581,0.0658,0.06579,0.06577,0.06574,0.06595,0.06596,0.066,0.06601,0.06604,0.06606,0.06607,0.06608,0.06611,0.06612,179,4236,4787,2067,3822,3830,6510,21808,4893,11507,329,443,9880,21808,23978,838,931,22358,3048,12000
31,0.0658,0.06574,0.06572,0.0657,0.06568,0.06567,0.06566,0.06565,0.06564,0.06563,0.06584,0.06585,0.06588,0.06589,0.06591,0.06592,0.06595,0.06602,0.06603,0.06604,499,4279,4375,3435,5973,4292,6510,25390,12000,7086,3993,10872,4294,21808,2169,23072,21808,499,3754,2798
32,0.0658,0.06578,0.06576,0.06574,0.06573,0.0657,0.06569,0.06568,0.06567,0.06563,0.06587,0.06588,0.06589,0.06592,0.06595,0.06596,0.06597,0.06598,0.06601,0.06603,14991,3768,3948,10800,21808,3522,4290,6510,21808,7086,221,5644,21808,21808,21808,339,1756,912,3975,3515
33,0.06581,0.0658,0.06578,0.06576,0.06575,0.06571,0.0657,0.06567,0.06566,0.06565,0.06589,0.0659,0.06591,0.06593,0.06596,0.06597,0.06598,0.06608,0.06611,0.06612,10872,499,4291,10802,21808,6510,21808,3409,4293,12000,5889,25053,10872,23271,1830,2106,21808,550,3754,12000
34,0.06583,0.0658,0.06578,0.06576,0.06575,0.06572,0.06571,0.0657,0.06566,0.06565,0.06589,0.06592,0.06593,0.06597,0.06598,0.06599,0.066,0.06604,0.06605,0.06608,10872,4815,3583,10822,21808,4312,6510,21808,3793,12000,7831,6510,21808,4826,678,9924,21808,24856,12000,550
35,0.06583,0.0658,0.06578,0.06576,0.06575,0.06572,0.06571,0.0657,0.06565,0.06564,0.06589,0.0659,0.06592,0.06593,0.06597,0.06599,0.066,0.06604,0.06605,0.06608,10872,3872,3583,10822,21808,4312,8776,21808,12000,8084,160,7521,6510,21808,4826,8996,23414,24856,12000,550
36,0.06583,0.0658,0.06578,0.06576,0.06575,0.06572,0.06571,0.0657,0.06566,0.06565,0.06589,0.0659,0.06592,0.06593,0.06594,0.06597,0.06599,0.066,0.06607,0.06608,10872,3872,3583,10822,21808,4312,8776,21808,3277,12000,329,4878,3657,10019,21808,22308,2508,24128,3048,12550
37,0.0658,0.06576,0.06574,0.06572,0.06571,0.0657,0.06568,0.06566,0.06565,0.06564,0.06587,0.06588,0.06589,0.06591,0.06594,0.06595,0.06596,0.06597,0.06599,0.066,11371,4312,4350,4350,8745,21808,3820,6749,12000,3979,16648,25623,11051,21808,21808,1830,678,500,3975,2784
38,0.06577,0.06573,0.06571,0.06568,0.06567,0.06566,0.06565,0.06564,0.06563,0.06562,0.06584,0.06585,0.06586,0.06587,0.06588,0.06591,0.06593,0.06594,0.06595,0.06597,10872,7313,4322,5068,1810,10000,21808,3979,7086,7367,3081,3598,183,6660,21808,21808,2169,1265,4293,26630
39,0.06571,0.06566,0.06564,0.06563,0.06562,0.06561,0.0656,0.06557,0.06554,0.06552,0.06578,0.06579,0.06582,0.06585,0.06587,0.06588,0.0659,0.06597,0.06599,0.066,10872,3490,4258,4255,12000,4101,21808,4162,3506,28905,3404,21808,21808,21808,2168,1262,5664,500,3754,2784
40,0.06565,0.06563,0.06562,0.06561,0.0656,0.06556,0.06554,0.06553,0.06552,0.0655,0.06573,0.06575,0.06578,0.06579,0.06581,0.06582,0.06584,0.06585,0.06594,0.06595,10872,3992,16183,4142,21808,3825,10016,21808,7097,8855,3081,7067,9780,21808,11820,22482,922,21808,3754,12000
41,0.06566,0.06565,0.06563,0.06561,0.06559,0.06558,0.06555,0.06554,0.06553,0.0655,0.06574,0.06575,0.06576,0.0658,0.06582,0.06583,0.06589,0.0659,0.06594,0.06597,10872,7347,3890,4177,10687,21808,4371,7849,21808,20088,4575,26294,21808,21808,2167,23067,3048,14784,2798,1206
42,0.06566,0.06565,0.06562,0.06561,0.06558,0.06557,0.06553,0.06552,0.0655,0.06549,0.06574,0.06575,0.06576,0.06579,0.06581,0.06582,0.06586,0.06591,0.06593,0.06594,3245,10872,9836,15595,9303,21808,3302,21808,11734,1504,3245,21185,21808,21808,918,23394,6308,922,706,2798
43,0.06566,0.06563,0.06561,0.06559,0.06557,0.06556,0.06553,0.06552,0.06551,0.0655,0.06575,0.06576,0.06577,0.0658,0.06582,0.06583,0.06591,0.06592,0.06594,0.06596,10872,4770,3231,4242,11381,33808,4276,7130,21808,11734,9838,15433,21808,21808,2506,22730,3048,12000,2798,8005
44,0.06568,0.06566,0.06563,0.06561,0.06559,0.06558,0.06557,0.06556,0.06553,0.06552,0.06575,0.06576,0.06577,0.06579,0.0658,0.06583,0.06584,0.06585,0.06586,0.06587,10872,3256,4311,6450,4242,2197,11381,33808,4276,7113,304,5077,21808,3747,21808,339,337,2752,3997,21808
45,0.06557,0.06555,0.06554,0.06552,0.06549,0.06548,0.06546,0.06544,0.06542,0.0654,0.06566,0.06567,0.06568,0.0657,0.06571,0.06573,0.06574,0.06577,0.06578,0.06584,4325,7671,3854,4915,12275,21808,5566,3345,3141,21808,4488,17575,21808,6946,21808,2166,337,4794,24856,706
46,0.06553,0.06552,0.06549,0.06546,0.06545,0.06543,0.06541,0.0654,0.06538,0.06534,0.06558,0.0656,0.06563,0.06564,0.06566,0.06567,0.06568,0.06569,0.0657,0.06574,3245,14353,7070,9968,21808,3294,4142,21808,10297,142,523,7998,13341,21808,344,9746,21808,3417,2784,15048
47,0.06557,0.06556,0.06551,0.06549,0.06546,0.06545,0.06543,0.0654,0.06538,0.06534,0.06563,0.06564,0.06566,0.06567,0.06568,0.0657,0.06572,0.06573,0.06574,0.06575,3245,10872,8168,6263,6647,21808,6753,21808,7112,9180,14658,21808,194,6510,21808,2784,2503,8401,15048,21808
48,0.06554,0.06551,0.06549,0.06546,0.06545,0.06543,0.06541,0.0654,0.06538,0.06534,0.06559,0.06561,0.06562,0.06563,0.06564,0.06565,0.06568,0.06569,0.0657,0.06579,9819,3525,1504,12694,21808,4457,3205,21808,11205,142,4883,12226,32680,320,5073,21808,22145,2745,3120,3048
49,0.06525,0.06524,0.0652,0.06517,0.06515,0.06514,0.06513,0.06512,0.06511,0.0651,0.06531,0.06532,0.06533,0.06535,0.06536,0.06539,0.0654,0.06541,0.06542,0.06543,2678,10872,4416,4471,3438,6276,23198,4516,12000,9304,633,4472,22980,6860,22980,334,1830,5681,13244,22980
50,0.06532,0.06531,0.06526,0.06525,0.06524,0.06523,0.06521,0.06519,0.06518,0.06517,0.0654,0.06541,0.06544,0.06545,0.06547,0.06548,0.0655,0.06551,0.06553,0.0656,4420,15591,4332,1944,6501,22980,4712,4328,16326,22980,12261,27519,6860,23898,1246,24218,1392,3048,12000,1392
51,0.06535,0.06532,0.0653,0.06529,0.06528,0.06527,0.06525,0.06523,0.06521,0.06518,0.06544,0.06545,0.06547,0.06548,0.06551,0.06552,0.06553,0.06555,0.06559,0.0656,10872,4420,6526,4361,22980,4343,4328,22980,4124,12000,11291,22980,6860,22980,2501,5257,12000,26028,3486,2784
52,0.06538,0.06533,0.06532,0.06529,0.06528,0.06526,0.06524,0.06521,0.06518,0.06516,0.06544,0.06546,0.06547,0.06548,0.06551,0.06554,0.06555,0.06558,0.06559,0.06562,10872,22980,4420,4368,22980,4368,3661,3866,12908,1299,1201,3438,6860,22980,3247,15474,23887,10064,12000,22980
53,0.06532,0.06528,0.06524,0.06522,0.06521,0.0652,0.06519,0.06518,0.06517,0.06516,0.06541,0.06542,0.06544,0.06545,0.06548,0.06549,0.0655,0.06551,0.06553,0.06554,11654,22980,3661,3115,3166,26276,3376,12000,3646,8543,4359,15537,7508,22980,22980,911,4950,335,4202,3048
54,0.0656,0.06558,0.06557,0.06554,0.0655,0.06546,0.06544,0.06543,0.0654,0.06539,0.06568,0.06571,0.06573,0.06575,0.06577,0.06578,0.06579,0.0658,0.06581,0.06582,22164,10872,21324,21324,21324,12000,925,8110,4648,1190,2469,4144,4166,4147,6917,3660,924,7674,339,21324
55,0.06559,0.06558,0.06555,0.06552,0.06549,0.06548,0.06543,0.06542,0.0654,0.06539,0.06566,0.06568,0.0657,0.06572,0.06573,0.06576,0.06577,0.06578,0.0658,0.06581,21324,10872,21324,21324,21324,12000,8110,924,4645,912,613,4087,4087,4095,21324,5706,4166,22586,339,6284
56,0.06555,0.0655,0.06548,0.06546,0.06543,0.0654,0.06538,0.06536,0.06532,0.06531,0.06559,0.0656,0.06564,0.06566,0.06567,0.06568,0.06569,0.0657,0.06571,0.06572,455,21324,12000,21324,21324,4645,7110,21324,8123,921,10065,10872,3119,3491,7094,26932,338,4087,337,9614
57,0.06544,0.06543,0.06542,0.06539,0.06536,0.06533,0.06529,0.06527,0.06524,0.06522,0.06551,0.06552,0.06553,0.06555,0.06558,0.06559,0.0656,0.06562,0.06563,0.06564,3245,15871,21324,21324,21324,12000,21324,7124,1059,905,3887,10872,3583,3616,4153,9104,21324,6344,337,4036
58,0.06544,0.06543,0.06542,0.06539,0.06537,0.06536,0.0653,0.06528,0.06527,0.06524,0.06551,0.06553,0.06555,0.06558,0.06559,0.0656,0.06562,0.06563,0.06564,0.06565,10872,5005,21324,21324,3245,33324,4004,8128,8041,142,331,3982,3959,4153,9503,21324,6007,337,4036,336
59,0.06543,0.06542,0.0654,0.06539,0.06536,0.06533,0.06531,0.06528,0.06527,0.06524,0.0655,0.06554,0.06555,0.06558,0.06559,0.0656,0.06562,0.06563,0.06566,0.06567,24569,10872,5020,21324,21324,21324,12000,8128,8040,142,3585,4341,4195,3103,9633,21661,6474,7377,3103,15048
60,0.06541,0.0654,0.06538,0.06536,0.06534,0.06533,0.06532,0.06531,0.06529,0.06527,0.06548,0.0655,0.06552,0.06553,0.06554,0.06555,0.06557,0.06558,0.06559,0.0656,3245,10872,6346,4194,3841,7485,21324,6360,21324,4443,709,349,10696,21324,3582,12000,21324,2503,8205,21324
61,0.06543,0.06541,0.06539,0.06536,0.06535,0.06533,0.06532,0.0653,0.06529,0.06524,0.0655,0.06552,0.06553,0.06554,0.06555,0.06556,0.06557,0.06559,0.0656,0.06563,15111,3574,4235,7444,21324,4227,21324,4454,21324,142,477,6466,21324,3582,12000,6365,21324,6862,21324,3048
62,0.06543,0.06542,0.06539,0.06538,0.06536,0.06535,0.06533,0.06532,0.06524,0.06523,0.0655,0.06552,0.06553,0.06556,0.06557,0.06558,0.06559,0.0656,0.06564,0.06565,15100,4371,6716,21324,3471,21324,4425,21324,142,8135,855,6466,21324,6365,24906,13830,4116,21324,499,3964
63,0.06516,0.06514,0.06513,0.06511,0.06509,0.06507,0.06505,0.06504,0.06503,0.06501,0.06521,0.06523,0.06524,0.06525,0.06526,0.06527,0.06528,0.06531,0.06538,0.06539,10872,4446,218,4102,4130,4167,5278,24568,19160,3315,21324,12477,37999,339267,668,1595,24372,21324,12000,706
64,0.06515,0.06514,0.06513,0.06509,0.06507,0.06506,0.06505,0.06504,0.06503,0.06501,0.0652,0.06521,0.06523,0.06524,0.06525,0.06526,0.06527,0.06528,0.06539,0.0654,10872,283,218,4130,4167,8072,7594,24568,19160,3315,6702,21324,8627,32622,339267,334,12000,21324,3754,2784
65,0.06514,0.06513,0.06507,0.06505,0.06504,0.06503,0.06501,0.065,0.06499,0.06498,0.06519,0.0652,0.06521,0.06523,0.06524,0.06525,0.06526,0.06527,0.06528,0.06539,11155,218,4167,7280,24568,19160,3315,4675,3524,21324,3205,5377,21324,14475,32622,339267,334,12000,21324,3754
66,0.0649,0.06487,0.06486,0.06485,0.06484,0.06482,0.06481,0.0648,0.06479,0.06477,0.065,0.06501,0.06502,0.06504,0.06505,0.06506,0.06509,0.0651,0.06512,0.06514,10872,25920,5153,3609,21324,3094,21324,4692,12000,6296,7170,10311,24569,12271,25037,2814,8702,21657,8940,3369
67,0.06497,0.0649,0.06489,0.06488,0.06486,0.06485,0.06482,0.0648,0.06479,0.06478,0.06504,0.06505,0.06507,0.06509,0.0651,0.06511,0.06512,0.06513,0.06514,0.06515,10738,6716,21324,3431,9111,7566,24418,8638,12000,13032,7724,3713,5941,3136,10323,21324,7867,7705,24693,893
68,0.06507,0.06503,0.06501,0.065,0.06499,0.06498,0.06497,0.06496,0.06495,0.06493,0.06515,0.06516,0.06517,0.06519,0.0652,0.06521,0.06523,0.06524,0.06525,0.06529,10872,3303,3569,2828,4915,25139,3923,5919,21324,5919,10420,35835,12000,335,9149,24152,4378,24372,338366,2798
69,0.06513,0.06512,0.0651,0.06508,0.06507,0.06505,0.06503,0.06502,0.06501,0.065,0.06524,0.06525,0.06527,0.06528,0.0653,0.06531,0.06536,0.06537,0.06538,0.0654,3871,1065,3402,6120,25124,3904,25162,7161,3871,25346,18140,339940,6365,21324,3048,21324,706,12000,21324,218
70,0.06521,0.06515,0.06513,0.06511,0.0651,0.06509,0.06508,0.06507,0.06506,0.06505,0.06524,0.06525,0.06527,0.06528,0.06529,0.0653,0.06531,0.06535,0.06537,0.06538,11714,3800,3808,3862,6385,21324,9215,3800,21324,3810,303,338366,6466,21660,1929,7273,21324,3048,12000,21324
71,0.06523,0.06516,0.06513,0.06512,0.0651,0.06509,0.06507,0.06506,0.06505,0.06504,0.06524,0.06525,0.06527,0.06528,0.06529,0.0653,0.06531,0.06535,0.06536,0.06537,10872,3726,5568,21324,3402,21324,3800,21324,3810,3800,332,338366,6466,21324,334,8568,21324,3048,4491,12000
72,0.06522,0.06516,0.06514,0.06513,0.06512,0.06511,0.06509,0.06507,0.06506,0.06505,0.06524,0.06525,0.0653,0.06531,0.06536,0.06537,0.06538,0.0654,0.06544,0.06545,10872,3664,3657,2634,24990,3684,24367,3800,21324,3810,332,338366,2265,21324,3957,12000,21324,218,706,21324
73,0.06527,0.06525,0.06524,0.06521,0.0652,0.06518,0.06517,0.06516,0.06514,0.06513,0.06536,0.06537,0.0654,0.06542,0.06544,0.06545,0.06546,0.06547,0.06548,0.06549,21324,10196,24569,6744,4439,6365,21324,3246,3658,3052,19675,16067,5707,3659,5254,913,4371,3402,2798,24372
74,0.06527,0.06526,0.06525,0.06523,0.06522,0.06519,0.06517,0.06516,0.06514,0.06513,0.06534,0.06536,0.06537,0.0654,0.06542,0.06543,0.06544,0.06545,0.06546,0.06547,867,12710,32196,13758,24635,3831,25150,3246,3658,3052,3354,8803,12000,5707,3659,21660,6166,337,25023,3402
75,0.06527,0.06526,0.06525,0.06524,0.06523,0.06522,0.06521,0.0652,0.06519,0.06517,0.06534,0.06536,0.06537,0.0654,0.06542,0.06543,0.06544,0.06545,0.06546,0.06547,876,6365,24569,10872,6365,21324,3899,7509,25155,3826,3517,12385,12000,5707,3659,22919,4332,913,25023,3402
76,0.06536,0.06535,0.06533,0.06532,0.0653,0.06529,0.06528,0.06526,0.06523,0.06521,0.0654,0.06544,0.06546,0.06547,0.06549,0.0655,0.06551,0.06552,0.06553,0.06554,6365,32196,9784,21324,3960,6365,21324,3230,4973,12069,218,3659,3699,3402,3638,39135,499,4842,674,683
77,0.06546,0.06545,0.06543,0.06542,0.0654,0.06539,0.06536,0.06535,0.06533,0.06531,0.06549,0.0655,0.06556,0.06558,0.0656,0.06561,0.06562,0.06563,0.06564,0.06566,3245,10872,6365,21324,7539,25256,6351,21324,3946,3923,3800,12000,3457,3923,7530,1598,3065,4824,24372,3932
78,0.06544,0.06543,0.06542,0.06541,0.06537,0.06536,0.06534,0.06532,0.06529,0.06528,0.06549,0.06552,0.06555,0.06556,0.06558,0.06559,0.0656,0.06561,0.06562,0.06563,3245,10872,4231,21324,3724,21324,3549,5883,6001,3944,312,3240,7634,24781,4782,21823,5874,4945,7011,16292
79,0.06551,0.0655,0.06546,0.06544,0.06543,0.06542,0.06541,0.06539,0.06537,0.06536,0.06555,0.06559,0.06562,0.06563,0.06565,0.06566,0.06567,0.06568,0.06569,0.0657,3245,10872,3821,3933,1832,10981,21324,3943,3724,33324,8281,3937,11355,22545,5328,1263,9913,25815,15547,132
80,0.0655,0.06549,0.06544,0.06543,0.06542,0.06541,0.06539,0.06537,0.06536,0.06533,0.06555,0.06557,0.06559,0.06562,0.06563,0.06565,0.06566,0.06567,0.06568,0.06569,3245,10872,3933,1832,7531,21324,3943,3724,21324,18983,307,3958,3958,11355,21324,4990,1601,9913,25815,15547
81,0.06548,0.06547,0.06542,0.06541,0.06539,0.06537,0.06536,0.06533,0.06531,0.06528,0.06554,0.06555,0.06557,0.06559,0.0656,0.06561,0.06563,0.06564,0.06565,0.06567,3245,10872,8173,21324,4019,3724,21324,18983,3102,4262,4045,5716,3958,3958,7856,21324,5511,7963,21324,9034
82,0.06548,0.06546,0.06545,0.0654,0.06539,0.06535,0.06534,0.06529,0.06528,0.06526,0.06551,0.06554,0.06557,0.06558,0.0656,0.06561,0.06562,0.06563,0.06564,0.06565,305,3245,10872,3867,23926,5800,21324,3867,12000,9053,3357,4045,12159,21324,3939,23257,336,922,5639,21823
83,0.06542,0.06541,0.06537,0.06535,0.06534,0.0653,0.06529,0.06526,0.06524,0.06523,0.06548,0.06551,0.06554,0.06555,0.06557,0.06558,0.06559,0.0656,0.06561,0.06564,3245,10872,3776,5746,21324,3830,5746,33324,145,8023,6652,5295,14564,21324,7960,22238,673,3939,21324,3048
84,0.06554,0.06553,0.06549,0.06548,0.06546,0.06545,0.06544,0.06541,0.06539,0.06534,0.06559,0.06564,0.06565,0.06568,0.06569,0.0657,0.06571,0.06572,0.06575,0.06579,3245,10872,21324,5828,6073,9158,21324,3776,3801,4956,5406,9583,21324,8299,25706,13551,2798,21324,909,25078
85,0.06548,0.06547,0.06542,0.06541,0.06538,0.06537,0.06536,0.06534,0.06532,0.0653,0.06555,0.06557,0.06559,0.06561,0.06562,0.06564,0.06565,0.06567,0.06568,0.06569,3245,10872,3678,21324,6806,3678,21324,144,3678,11803,4594,3678,3677,11883,21324,8297,22579,3048,6740,21324
86,0.06551,0.0655,0.06547,0.06546,0.06542,0.06541,0.06539,0.06538,0.06537,0.06534,0.06555,0.06561,0.06562,0.06564,0.06565,0.06566,0.06567,0.06568,0.06569,0.0657,3245,10872,3281,21324,3678,21324,4451,12000,3655,3291,338,10026,21324,6365,21324,1595,1255,7077,21324,15137
87,0.06549,0.06548,0.06544,0.06542,0.06541,0.06536,0.06534,0.06532,0.0653,0.06527,0.06555,0.06558,0.06559,0.06561,0.06562,0.06563,0.06564,0.06565,0.06569,0.0657,3245,10872,3664,3665,21324,36743,144,3652,3224,8631,4430,7012,24809,6365,21324,1595,6768,22241,24372,12631
88,0.06545,0.06544,0.06541,0.06536,0.06534,0.06533,0.06531,0.06529,0.06527,0.06526,0.06552,0.06553,0.06554,0.06555,0.06558,0.06559,0.0656,0.06561,0.06562,0.06564,3245,10872,21324,24743,144,12000,4290,3643,4862,903,2071,7744,24673,11218,7012,21324,2269,915,21324,3048
89,0.06541,0.0654,0.06538,0.06535,0.06534,0.06531,0.0653,0.06529,0.06528,0.06527,0.06548,0.0655,0.06551,0.06553,0.06554,0.06556,0.06557,0.06558,0.06559,0.06562,3245,10872,2018,3603,21324,6796,12000,3643,21324,501,1966,7012,21324,4929,21324,336,1595,4494,21324,24372
90,0.06536,0.06533,0.06528,0.06526,0.06524,0.06523,0.06521,0.06519,0.06517,0.06516,0.06543,0.06544,0.06545,0.06548,0.06549,0.0655,0.06554,0.06555,0.06558,0.06559,10872,2533,3671,5927,25050,7118,5041,3585,24435,12000,6365,24569,10872,8139,31987,328405,3048,21324,12000,22030
91,0.06528,0.06524,0.06521,0.06519,0.06517,0.06514,0.06513,0.06511,0.0651,0.06509,0.06537,0.06538,0.0654,0.06541,0.06542,0.06543,0.06544,0.06548,0.06549,0.0655,503,3578,5041,3585,24435,5409,10670,3092,20508,21324,6666,21324,6426,21324,908,8630,21324,6626,6101,327494
92,0.06523,0.06518,0.06516,0.06515,0.06514,0.06511,0.0651,0.06509,0.06507,0.06505,0.06531,0.06532,0.06534,0.06535,0.06537,0.06538,0.06544,0.06545,0.06548,0.06549,10872,3553,3553,2975,26590,3092,3584,21324,3584,3111,4538,22036,6365,21324,7349,23809,8361,6778,4038,6638
93,0.06524,0.0652,0.06518,0.06516,0.06514,0.06511,0.0651,0.06509,0.06507,0.06505,0.06533,0.06534,0.06535,0.06537,0.06538,0.06539,0.0654,0.06541,0.06542,0.06544,10872,3520,3553,3553,26590,3092,3584,21324,15584,4500,6480,19967,21324,6365,21324,334,1929,4582,21324,3048
94,0.0652,0.06516,0.06515,0.06514,0.06511,0.0651,0.06509,0.06507,0.06505,0.06504,0.06528,0.06529,0.06531,0.06532,0.06533,0.06534,0.06535,0.06536,0.06537,0.06538,10872,3553,3578,21324,3092,3578,21324,3054,3605,12000,5593,22610,6113,21324,304,6365,24155,334,6365,21324
95,0.06525,0.0652,0.06519,0.06517,0.06515,0.06514,0.06511,0.0651,0.06508,0.06506,0.06532,0.06535,0.06537,0.06538,0.0654,0.06541,0.06542,0.06543,0.06544,0.06545,10872,5620,21324,3553,3179,21324,6490,3578,3200,11693,7613,5324,9914,21324,4588,7960,22899,4086,18365,24372
96,0.06523,0.0652,0.06518,0.06515,0.06514,0.06511,0.0651,0.06509,0.06508,0.06507,0.06529,0.0653,0.06531,0.06532,0.06534,0.06535,0.06537,0.06538,0.06542,0.06543,10872,2383,3294,3910,21324,6778,3588,3937,12000,3190,5374,24416,22872,343,7473,21324,6364,22563,21324,3552
97,0.06521,0.0652,0.06518,0.06517,0.06516,0.06512,0.06511,0.06507,0.06505,0.06504,0.06529,0.0653,0.06531,0.06532,0.06534,0.06535,0.06537,0.06538,0.06541,0.06542,3245,10872,4428,3093,21324,3529,24567,3335,3125,12141,6253,15043,25046,7505,5451,21324,6665,21324,24372,504
98,0.0653,0.06529,0.06525,0.06523,0.06522,0.06521,0.06518,0.06517,0.06516,0.06514,0.06537,0.06538,0.06539,0.0654,0.06541,0.06542,0.06543,0.06544,0.06545,0.06547,3245,10872,4105,4022,4144,21324,6195,3065,21324,4284,3781,22774,21324,3984,4507,21324,1595,7610,21660,12000
99,0.0653,0.06529,0.06525,0.06523,0.06522,0.06521,0.06518,0.06517,0.06516,0.06514,0.06537,0.06538,0.0654,0.06541,0.06542,0.06544,0.06545,0.06546,0.06547,0.06548,3245,10872,3585,4022,4144,21324,6224,3065,21324,3599,11513,13665,3421,4507,21324,6365,23254,4829,12000,21324
100,0.06538,0.06534,0.06532,0.06531,0.06529,0.06528,0.06527,0.06523,0.0652,0.06519,0.06546,0.06547,0.06549,0.0655,0.06552,0.06553,0.06554,0.06555,0.06556,0.06558,8611,4089,4352,21324,6790,12000,4098,24556,8866,8140,9046,10872,5482,7069,6365,22236,1356,8515,21324,10318
101,0.06535,0.06531,0.06529,0.06528,0.06526,0.06524,0.06523,0.0652,0.06518,0.06515,0.06542,0.06543,0.06545,0.06546,0.06549,0.0655,0.06552,0.06553,0.06557,0.06558,10872,3375,4011,21324,3612,4020,24556,4428,4017,20145,6176,13916,4133,24569,8079,25881,6365,21324,3048,4124
102,0.06536,0.06531,0.06529,0.06528,0.06527,0.06524,0.06523,0.0652,0.06516,0.06514,0.06542,0.06546,0.06547,0.06549,0.0655,0.06551,0.06552,0.06553,0.06555,0.06556,14809,3375,4011,24462,12000,4020,24556,4173,1815,8146,347,10337,21324,6484,25890,1248,6702,21324,3048,3467
103,0.06538,0.06537,0.06533,0.06531,0.06529,0.06526,0.06525,0.06524,0.06523,0.06522,0.06549,0.0655,0.06551,0.06553,0.06556,0.06557,0.06558,0.06559,0.0656,0.06561,21324,3087,25139,3312,4011,3076,3330,12000,8280,1820,3625,8779,5705,3885,8978,21324,7137,683,10570,24709
104,0.06533,0.06528,0.06526,0.06525,0.06524,0.06523,0.06522,0.0652,0.06518,0.06516,0.06541,0.06542,0.06544,0.06545,0.06547,0.06548,0.06549,0.0655,0.06551,0.06552,10872,3187,4406,2910,3890,3067,21324,3902,3894,3568,10425,14363,9484,21324,7924,22919,672,4985,21324,3048
105,0.06538,0.06536,0.06533,0.06531,0.06528,0.06527,0.06526,0.06523,0.06522,0.0652,0.06547,0.06548,0.0655,0.06551,0.06553,0.06554,0.06555,0.06557,0.06558,0.06563,10872,3076,8548,3293,6523,21324,3784,6736,21324,3058,12087,21324,6365,21324,2435,5894,21324,19811,22229,2798
106,0.06547,0.06541,0.06539,0.06538,0.06537,0.06536,0.06533,0.06532,0.06528,0.06526,0.06551,0.06552,0.06553,0.06557,0.06558,0.0656,0.06561,0.06565,0.06566,0.06567,10872,3973,3906,7692,21324,3076,6736,21827,3077,12000,6939,24591,503,7046,21324,5670,33662,499,3967,21324
107,0.06548,0.06547,0.06543,0.06541,0.06539,0.06538,0.06537,0.06535,0.06534,0.06533,0.06552,0.06553,0.06557,0.06558,0.0656,0.06561,0.06564,0.06565,0.06566,0.06567,3245,10872,4008,3973,3906,7692,21324,3391,503,6736,21662,503,7046,21324,11647,33324,338,499,3967,21324
108,0.06549,0.06543,0.06541,0.06539,0.06538,0.06537,0.06535,0.06534,0.06533,0.06532,0.06551,0.06552,0.06553,0.06557,0.06558,0.0656,0.06561,0.06565,0.06566,0.06567,10872,3120,3109,6540,7867,21324,4574,6305,12000,6109,21356,306,503,7046,21324,9715,35257,338,3967,21324
109,0.06549,0.06548,0.06545,0.06544,0.06543,0.06539,0.06538,0.06535,0.06533,0.0653,0.06556,0.06557,0.06559,0.0656,0.06562,0.06563,0.06564,0.06565,0.06566,0.06567,3245,10872,506,7718,21324,3182,15440,25494,7122,6756,3671,9083,3116,3856,11996,21324,4820,8872,24906,12000
110,0.06548,0.06547,0.06545,0.06543,0.06541,0.0654,0.06538,0.06535,0.06533,0.06532,0.06555,0.06556,0.06559,0.0656,0.06562,0.06563,0.06564,0.06565,0.06566,0.06569,3245,10872,506,4101,7754,21324,3440,4170,11202,21324,8799,21672,7516,25180,6463,21662,338,920,21324,499
111,0.06552,0.06551,0.06549,0.06547,0.06545,0.06543,0.06541,0.0654,0.06538,0.06535,0.06556,0.06559,0.0656,0.06562,0.06563,0.06565,0.06566,0.06568,0.06569,0.0657,5276,10872,4195,4159,4274,4101,7754,21324,3440,4170,316,7516,25180,4868,21324,5467,23257,337,499,3969
112,0.06564,0.06563,0.0656,0.06558,0.06557,0.06556,0.06555,0.06553,0.06551,0.0655,0.06572,0.06574,0.06575,0.06576,0.06578,0.06579,0.0658,0.06582,0.06583,0.06584,1564,10872,4216,4224,2522,4224,21324,6450,3084,21324,7713,3880,21324,406,5518,5888,21664,339,5221,24372
113,0.06565,0.06561,0.0656,0.06556,0.06555,0.06553,0.06551,0.0655,0.06549,0.06548,0.06572,0.06574,0.06576,0.06577,0.06579,0.0658,0.06581,0.06584,0.06585,0.06587,1564,4320,25540,4224,21324,3555,4038,4269,506,144,9042,4324,4725,21324,4320,23259,1262,21324,3048,21324
114,0.06582,0.0658,0.06578,0.06576,0.06575,0.06573,0.06571,0.06568,0.06567,0.06561,0.06591,0.06592,0.06593,0.06596,0.06597,0.06598,0.06599,0.06601,0.06602,0.06604,5016,15115,3338,4239,21324,3140,4145,6425,21324,919,3212,3158,21324,25562,3854,683,22919,932,24372,2292
115,0.06595,0.06593,0.06591,0.0659,0.06587,0.06586,0.06585,0.06581,0.06579,0.06578,0.06604,0.06608,0.06609,0.06611,0.06613,0.06614,0.06615,0.06616,0.06622,0.06623,4278,14774,4254,21324,4261,4183,21324,3144,10220,143,20897,4789,21324,343,5268,6419,2798,24372,706,29873
116,0.06594,0.0659,0.06588,0.06587,0.06586,0.06585,0.06583,0.06581,0.06578,0.06577,0.06604,0.06606,0.06608,0.06609,0.06611,0.06612,0.06614,0.06615,0.06616,0.06622,15081,4391,4389,3009,7766,21324,5041,3893,143,21324,20232,21324,550,21324,344,1937,938,5846,21324,706
117,0.066,0.06597,0.06596,0.06595,0.06591,0.06588,0.06587,0.06579,0.06578,0.06577,0.0661,0.06612,0.06614,0.06616,0.06617,0.06618,0.0662,0.06621,0.06623,0.06625,15682,6471,4314,22332,3420,6328,21324,918,7228,7067,3825,4948,4336,8852,29423,3259,22266,3048,23616,904
118,0.06597,0.06596,0.06595,0.06591,0.06588,0.06587,0.06585,0.06583,0.06581,0.0658,0.06608,0.0661,0.06612,0.06614,0.06616,0.06617,0.06618,0.06619,0.0662,0.06623,7381,4052,22332,3420,3824,21324,6375,3437,919,942,3493,4604,4295,25660,4516,24200,3259,343,24372,23616
119,0.06604,0.06603,0.06598,0.06596,0.06595,0.06593,0.06591,0.06588,0.06587,0.06581,0.06608,0.06612,0.06613,0.06614,0.06616,0.06617,0.06618,0.06619,0.0662,0.06622,3245,10872,4245,7289,22332,4567,3420,3824,21324,919,11331,3795,7660,25660,11357,22919,3259,4974,21324,3048
120,0.06609,0.06606,0.06603,0.066,0.06598,0.06596,0.06595,0.06593,0.06588,0.06583,0.06616,0.06617,0.06619,0.0662,0.06622,0.06623,0.06624,0.06625,0.06628,0.06629,10872,4177,4177,25555,4165,3955,22332,5870,9064,323,6841,21324,6694,21324,5891,25211,686,215,3993,4393
121,0.06611,0.06606,0.06605,0.06602,0.06601,0.066,0.06599,0.06596,0.06595,0.06593,0.0662,0.06621,0.06622,0.06623,0.06624,0.06625,0.06626,0.06627,0.06628,0.06629,10872,3165,21324,6743,4031,21324,144,6754,1008,3153,10347,21324,2759,8657,21324,215,7599,23261,344,946
122,0.06612,0.06608,0.06606,0.06603,0.06602,0.06601,0.066,0.06599,0.06596,0.06594,0.0662,0.06621,0.06622,0.06623,0.06624,0.06625,0.06628,0.06629,0.0663,0.06631,10872,3633,3987,3969,3089,3074,21324,4129,6756,3656,6679,21324,2759,8657,21324,215,1937,344,7310,24372
123,0.06607,0.06603,0.06601,0.066,0.06598,0.06596,0.06594,0.06593,0.06592,0.06591,0.06616,0.06617,0.06618,0.0662,0.06621,0.06622,0.06623,0.06624,0.06625,0.06629,10872,3914,3074,21324,4209,3620,3656,4008,21324,1008,5151,17721,21324,6365,21324,2759,11539,21666,215,3048
124,0.06607,0.06601,0.066,0.06596,0.06595,0.06594,0.06593,0.06592,0.06591,0.0659,0.06614,0.06616,0.06617,0.0662,0.06621,0.06622,0.06623,0.06624,0.06625,0.06626,10872,3074,21324,3620,3608,3911,4201,21324,1008,4050,3911,10148,22688,6365,22919,684,9600,21324,215,3048
125,0.06605,0.06601,0.066,0.06596,0.06594,0.06593,0.06592,0.06591,0.0659,0.06589,0.06614,0.06616,0.06617,0.0662,0.06621,0.06622,0.06623,0.06624,0.06625,0.06636,10872,3496,21324,3620,3911,4201,21324,1008,4041,3907,4985,9829,22688,6365,21324,2279,9600,21324,215,3048
126,0.06606,0.06601,0.066,0.06598,0.06596,0.06595,0.06594,0.06593,0.06592,0.06591,0.06614,0.06616,0.06617,0.0662,0.06621,0.06622,0.06623,0.06624,0.06625,0.0663,10872,3206,21324,5605,3157,3677,3874,4201,21324,1008,302,9829,22688,6365,21324,1936,9600,21664,215,6114
127,0.06608,0.06602,0.06601,0.066,0.06598,0.06596,0.06594,0.06593,0.06592,0.0659,0.06616,0.06617,0.0662,0.06621,0.06623,0.06624,0.06625,0.06629,0.06631,0.06639,10872,3833,3863,21324,3863,3157,3874,4201,21324,4008,6365,22688,6365,21324,8997,23260,215,3992,22688,3504
128,0.06588,0.06587,0.0658,0.06578,0.06577,0.06575,0.06573,0.06571,0.0657,0.06569,0.06596,0.06597,0.06599,0.066,0.06602,0.06603,0.06605,0.06606,0.06616,0.06617,10872,1008,3113,4577,29755,5565,3716,3706,142,26129,10482,22688,7256,25933,7022,23365,928,22688,3754,2798
129,0.06596,0.06593,0.0659,0.06588,0.06587,0.06585,0.06583,0.06582,0.0658,0.06579,0.06604,0.06605,0.06606,0.0661,0.06612,0.06613,0.06616,0.06617,0.06619,0.0662,10872,2871,3823,7143,23696,3812,3140,22688,3113,3571,4452,19311,22688,683,6274,22688,6192,2798,11421,22688
130,0.06591,0.06588,0.06587,0.06585,0.06584,0.06581,0.0658,0.06579,0.06577,0.06575,0.066,0.06601,0.06602,0.06603,0.06604,0.06606,0.06607,0.06608,0.06609,0.0661,10872,3301,1008,5817,22688,4012,3871,22688,7067,3330,4099,15635,18632,22688,342,7112,24283,339,930,22688
131,0.06576,0.06572,0.06571,0.06566,0.06565,0.06564,0.06563,0.06562,0.0656,0.06558,0.06583,0.06584,0.06585,0.06588,0.06589,0.0659,0.06591,0.06592,0.06593,0.06595,10872,5546,22688,12316,3869,12000,22688,142,4907,3879,3801,18538,25853,4816,22688,683,3641,24860,337,22688
132,0.06567,0.06565,0.06564,0.06563,0.0656,0.06556,0.06555,0.06552,0.0655,0.06549,0.06574,0.06575,0.06576,0.06578,0.06581,0.06582,0.06583,0.06584,0.06585,0.06588,10872,5066,12000,22688,4907,3399,29787,563,3794,905,3711,12433,85,3794,10568,22688,997,6690,28019,3048
133,0.06578,0.06574,0.06572,0.06571,0.0657,0.06569,0.06567,0.06565,0.06564,0.06563,0.06587,0.06588,0.06589,0.06591,0.06592,0.06593,0.06594,0.06595,0.06596,0.06598,10872,3802,3809,3795,3061,22688,4496,3403,15764,22688,3245,22497,25933,6772,22688,1595,923,4202,22688,3048
134,0.06577,0.06572,0.06571,0.0657,0.06569,0.06567,0.06565,0.06564,0.06563,0.06562,0.06585,0.06587,0.06588,0.06589,0.06591,0.06592,0.06595,0.06596,0.06598,0.06599,10872,3809,3795,2181,22688,3796,3403,15508,22688,142,3790,4092,5911,25933,8367,22688,5125,22688,3048,22688
135,0.06579,0.06577,0.06573,0.0657,0.06569,0.06567,0.06565,0.06564,0.06563,0.06562,0.06584,0.06585,0.06586,0.06588,0.06589,0.06591,0.06592,0.06593,0.06595,0.06596,10872,10872,3787,5257,22688,3796,3403,15438,22688,142,324,3527,25933,5911,25933,339,24283,337,922,22688
136,0.06587,0.06582,0.0658,0.06579,0.06575,0.06574,0.06571,0.06569,0.06567,0.06566,0.06595,0.06596,0.06599,0.066,0.06602,0.06603,0.06607,0.06609,0.0661,0.06618,10872,3800,5700,26473,3786,22688,3800,3795,913,16089,9199,22688,6772,22688,6490,23366,11597,3988,22688,2798
137,0.06595,0.0659,0.06587,0.06585,0.06584,0.06582,0.0658,0.06579,0.06575,0.06574,0.06602,0.06603,0.06607,0.06609,0.0661,0.06612,0.06613,0.06614,0.06616,0.06617,10872,4389,3376,3802,22688,3800,5700,26473,8986,931,4278,22688,8549,8365,23600,1611,6772,22688,7325,22688
138,0.06599,0.06595,0.06593,0.0659,0.06589,0.06587,0.06585,0.06584,0.06582,0.06581,0.06602,0.06605,0.06606,0.06607,0.06609,0.0661,0.06612,0.06613,0.06614,0.06616,10872,3212,3690,4389,22688,3376,3802,22688,3800,145,309,3969,22688,8549,7682,22688,1253,7455,23027,5209
139,0.06594,0.0659,0.06588,0.06585,0.06584,0.06581,0.06579,0.06577,0.06576,0.06575,0.06602,0.06605,0.06606,0.06607,0.06609,0.0661,0.06611,0.06612,0.06613,0.06614,10872,3609,3617,3802,22688,3896,3660,3784,29753,8985,3230,9645,22688,8549,7682,24624,339,931,6772,22688
140,0.06593,0.06589,0.06587,0.06585,0.06584,0.06581,0.06579,0.06577,0.06576,0.06573,0.06601,0.06602,0.06603,0.06605,0.06606,0.06607,0.06608,0.06609,0.0661,0.06612,10872,3764,3056,3802,22688,3896,3660,3784,29753,4114,6891,21034,22688,7387,22688,8549,1936,4682,22688,3048
141,0.06591,0.06585,0.06584,0.06581,0.06579,0.06577,0.06576,0.06574,0.06573,0.06572,0.06598,0.06599,0.066,0.06602,0.06603,0.06605,0.06606,0.06607,0.0661,0.06623,10872,4026,22688,3276,3660,3784,29753,3470,12000,3101,7372,14285,22688,6772,22688,7387,24624,9818,25736,2292
142,0.0658,0.06576,0.06574,0.06571,0.06569,0.06568,0.06566,0.06565,0.06563,0.06561,0.06589,0.0659,0.06591,0.06593,0.06594,0.06596,0.06597,0.06598,0.06599,0.066,10872,3478,3650,3723,3703,26551,12143,7086,3389,4207,6309,23954,22688,4067,24622,5860,26636,330,3048,22688
143,0.0656,0.06557,0.06556,0.06555,0.06553,0.06551,0.0655,0.06548,0.06546,0.06545,0.06569,0.0657,0.06575,0.06576,0.06577,0.06582,0.06583,0.06585,0.06589,0.0659,22730,4720,7466,10872,5451,3424,22688,3660,3660,22688,26083,272932,2268,23605,12000,3048,22688,2798,706,24407
144,0.06559,0.06556,0.06555,0.06554,0.06553,0.06552,0.06549,0.06547,0.06545,0.06543,0.06568,0.0657,0.06571,0.06572,0.06576,0.06577,0.06578,0.06584,0.06585,0.06589,10872,8506,3544,4896,3544,22688,3544,26232,4809,3542,4173,8098,40829,253047,1585,3967,22688,706,34688,500
145,0.06562,0.0656,0.06558,0.06557,0.06556,0.06554,0.06553,0.06552,0.06549,0.06547,0.06568,0.06572,0.06574,0.06575,0.06576,0.06577,0.06578,0.06579,0.06581,0.06582,10872,10872,3569,22688,5298,10228,3567,22688,3544,3544,3671,3571,11376,22688,8366,21921,24620,336,919,6596
146,0.06564,0.0656,0.06559,0.06558,0.06557,0.06556,0.06554,0.06553,0.06552,0.06549,0.06568,0.06574,0.06577,0.06578,0.0658,0.06581,0.06582,0.06583,0.06584,0.06585,10872,3571,3550,3569,22688,8869,10228,3567,22688,3544,306,3128,11725,22688,7296,8167,26236,6375,18274,22688
147,0.06568,0.06564,0.06562,0.0656,0.06559,0.06557,0.06556,0.06553,0.06552,0.0655,0.06573,0.06574,0.06577,0.06578,0.0658,0.06581,0.06582,0.06583,0.06584,0.06585,91,10872,3583,7011,5375,22688,8764,3567,22688,7547,8931,10872,13130,22688,7277,8167,22688,922,5132,25736
148,0.0656,0.06556,0.06554,0.06553,0.06552,0.0655,0.06549,0.06547,0.06545,0.06544,0.06567,0.06569,0.06571,0.06572,0.06573,0.06574,0.06575,0.06576,0.06577,0.06578,10709,5298,3583,6780,22688,3563,3544,3563,7465,22688,3572,7296,9879,22688,333,6727,26249,674,919,11674
149,0.06561,0.06559,0.06555,0.06554,0.06551,0.06549,0.06547,0.06545,0.06543,0.06542,0.0657,0.06571,0.06572,0.06573,0.06575,0.06576,0.06578,0.06579,0.0658,0.06581,10872,22688,3376,22688,6816,3544,3074,3641,1828,12000,720,8011,22688,183,4487,22688,13967,22688,5633,12000
150,0.06565,0.06563,0.0656,0.06559,0.06557,0.06555,0.06554,0.06551,0.06549,0.06547,0.0657,0.06575,0.06576,0.06577,0.06578,0.06579,0.06581,0.06582,0.06583,0.06585,10872,3690,6284,22688,5307,3376,22688,6816,3544,3074,325,4487,26270,12000,3750,22688,674,2095,919,6122
151,0.06564,0.06563,0.0656,0.06559,0.06555,0.06553,0.06551,0.06549,0.06547,0.06545,0.0657,0.06575,0.06578,0.06579,0.06581,0.06582,0.06583,0.06585,0.06586,0.06587,10872,3499,3724,22688,3376,3724,25875,3544,3982,9028,321,5535,12614,22688,6922,23188,2269,7692,22688,3048
152,0.06557,0.06553,0.06551,0.06549,0.06547,0.06545,0.06544,0.06543,0.06542,0.06539,0.06565,0.06566,0.06567,0.0657,0.06572,0.06573,0.06574,0.06575,0.06576,0.06577,11670,4626,3187,26364,3074,3098,22688,3877,12000,14019,1846,4355,14591,3893,11651,23026,1252,6772,22688,3048
153,0.06561,0.06558,0.06557,0.06553,0.06552,0.06551,0.0655,0.06549,0.06545,0.06543,0.06568,0.0657,0.06572,0.06574,0.06575,0.06577,0.06578,0.06579,0.0658,0.06581,399,3716,22688,3514,4182,3716,5595,22688,3730,12173,1308,3876,3718,10468,22688,4442,24283,1255,7699,35188
154,0.0656,0.06556,0.06555,0.06554,0.0655,0.06549,0.06548,0.06547,0.06546,0.06542,0.06568,0.06571,0.06572,0.06574,0.06575,0.06577,0.06578,0.0658,0.06581,0.06594,11321,3133,6816,22688,3732,4403,5599,3732,22688,12907,2429,7085,22688,6772,22688,6037,23943,6779,12500,419
155,0.0656,0.06556,0.06555,0.06554,0.0655,0.06549,0.06548,0.06547,0.06546,0.06542,0.06568,0.06571,0.06572,0.06574,0.06575,0.06576,0.06577,0.06578,0.0658,0.06581,11321,3133,6816,22688,3732,4392,5599,3732,22688,12907,1468,7074,22688,6772,22688,1595,4778,23607,6779,12500
156,0.0656,0.06556,0.06555,0.06554,0.0655,0.06548,0.06547,0.06546,0.06542,0.06541,0.06567,0.06568,0.06571,0.06574,0.06575,0.06576,0.06577,0.06578,0.06581,0.06584,449,6045,3732,22688,3732,5599,3732,22688,12000,8112,4319,13094,6754,12439,23363,6297,16104,22688,500,3048
157,0.0656,0.06556,0.06555,0.06554,0.0655,0.06549,0.06548,0.06547,0.06546,0.06542,0.06568,0.0657,0.06572,0.06574,0.06575,0.06576,0.06577,0.06578,0.06581,0.06584,11271,3254,3732,22688,3732,4275,5599,3732,22688,13825,5109,3797,3779,12439,22688,5378,16442,23944,500,3048
158,0.06561,0.06559,0.06557,0.06555,0.06554,0.06552,0.0655,0.06548,0.06547,0.06546,0.06568,0.06571,0.06572,0.06574,0.06575,0.0658,0.06581,0.06582,0.06586,0.06587,11272,3807,3801,6702,22688,3135,3732,5599,3732,22688,3426,6772,22688,6772,22688,2270,11241,22688,3807,706
159,0.06562,0.06559,0.06557,0.06556,0.06555,0.06554,0.06552,0.0655,0.06548,0.06547,0.06571,0.06572,0.06574,0.06575,0.06576,0.06577,0.06578,0.0658,0.06581,0.06582,11272,3807,3801,3414,3732,22688,3728,3732,5599,3732,3190,10872,10577,30527,3582,17432,28203,1260,500,22688
160,0.06558,0.06555,0.06553,0.06552,0.06551,0.06549,0.06547,0.06545,0.06544,0.06543,0.06566,0.06568,0.06569,0.06571,0.06572,0.06574,0.06575,0.06576,0.06577,0.06578,10872,8611,3468,3801,22688,3817,3080,3633,26025,12000,5009,7759,26622,6785,22688,2851,4195,12000,419,4157
161,0.06554,0.06549,0.06547,0.06546,0.06545,0.06544,0.06543,0.0654,0.06539,0.06538,0.06561,0.06562,0.06563,0.06565,0.06566,0.06568,0.06569,0.0657,0.06571,0.06575,10872,5791,3080,3122,3633,26025,12000,8438,144,10700,4128,8514,10872,7640,22688,7759,28217,337,337,7869
162,0.06552,0.0655,0.06547,0.06546,0.06545,0.06543,0.06541,0.0654,0.06539,0.06538,0.06559,0.06561,0.06563,0.06566,0.06568,0.06569,0.0657,0.06571,0.06572,0.06573,13430,4039,3603,2853,26321,12000,3937,22688,7915,7126,1810,3319,3937,5906,12358,28127,12000,4976,6772,22688
163,0.06567,0.06566,0.06564,0.06562,0.0656,0.06559,0.06558,0.06557,0.06555,0.06553,0.06576,0.06577,0.06579,0.0658,0.06582,0.06583,0.06584,0.06586,0.06587,0.06588,3245,10872,3778,3481,3509,3268,4148,22688,17663,3542,7925,419,12448,22688,1934,6819,22688,1426,9164,22688
164,0.06565,0.06564,0.0656,0.06558,0.06557,0.06553,0.06552,0.0655,0.06547,0.06545,0.06572,0.06573,0.06574,0.06576,0.06577,0.06579,0.0658,0.06586,0.06588,0.06589,3245,10872,5586,4148,22688,3943,34688,500,3348,3785,5706,20762,25933,6815,23107,2855,23026,501,3048,706
165,0.06562,0.06561,0.06557,0.06553,0.06552,0.0655,0.06549,0.06548,0.06546,0.06544,0.06568,0.06569,0.06573,0.06574,0.06576,0.06577,0.06578,0.0658,0.06583,0.06584,3245,10872,22688,3802,22688,500,3579,12000,3254,3752,4436,10872,10786,25933,6803,24128,1250,23611,500,3048
166,0.06575,0.06574,0.06573,0.06572,0.06568,0.06567,0.06563,0.06561,0.06558,0.06556,0.06583,0.06586,0.06587,0.06589,0.0659,0.06591,0.06592,0.06594,0.06597,0.06598,10872,3790,5415,22688,3788,22688,4384,3790,3591,1412,3941,6772,22688,3230,15321,22688,3202,22688,3048,2798
167,0.0659,0.06589,0.06587,0.06585,0.06584,0.06582,0.06581,0.0658,0.06579,0.06574,0.06596,0.06601,0.06604,0.06605,0.06606,0.06607,0.06608,0.06609,0.0661,0.06611,3245,10872,5430,4266,22688,5726,502,5296,22688,5673,590,3776,10548,22688,3964,7429,23370,3227,4393,7370
168,0.06593,0.06592,0.0659,0.06589,0.06585,0.06584,0.06581,0.06579,0.06577,0.06574,0.06601,0.06602,0.06603,0.06606,0.06607,0.06608,0.06609,0.0661,0.06611,0.06613,3245,10872,3103,22688,3298,22688,6760,3814,3814,4242,7660,10872,2758,3327,9648,23371,3545,4735,8308,3549
169,0.06604,0.06603,0.06602,0.06601,0.066,0.06599,0.06598,0.06596,0.06595,0.06594,0.06606,0.06607,0.06608,0.0661,0.06611,0.06612,0.06615,0.06617,0.06618,0.06619,77,77,77,77,77,3245,10872,3070,7916,22688,2757,5223,10872,3732,6631,22688,29702,343,342,941
170,0.06596,0.06595,0.06593,0.0659,0.06589,0.06587,0.06585,0.06583,0.06582,0.06581,0.06604,0.06605,0.06608,0.06609,0.0661,0.06612,0.06614,0.06615,0.06625,0.06628,1961,3923,502,9985,22688,4353,3724,3904,12723,26629,4900,10872,9210,22688,5327,23626,342,31497,215,3504
171,0.06604,0.06603,0.06602,0.06601,0.066,0.06596,0.06595,0.06593,0.06591,0.06589,0.06613,0.06615,0.06617,0.06618,0.06619,0.06621,0.06622,0.06623,0.06625,0.06627,7304,10872,6690,8609,22688,4455,22688,502,3979,3463,4276,5419,3087,10580,22688,1595,23974,341,3263,3351
172,0.06607,0.06606,0.06603,0.06602,0.06601,0.066,0.06596,0.06595,0.06593,0.06591,0.06615,0.06618,0.06619,0.06621,0.06622,0.06624,0.06625,0.06627,0.06628,0.06629,3245,10872,3846,2826,13450,22688,7789,22688,502,3154,4967,3902,22688,3979,22688,2279,1159,6276,6661,30058
173,0.06609,0.06608,0.06607,0.06604,0.06602,0.06601,0.066,0.06596,0.06595,0.06593,0.06618,0.06619,0.06622,0.06624,0.06625,0.06626,0.06628,0.06629,0.06632,0.06634,1430,7869,14568,3749,3273,10460,22688,7789,22688,3838,2895,23978,22688,1595,900,938,5545,30058,3048,3103
174,0.06619,0.06618,0.06617,0.06616,0.06615,0.06611,0.0661,0.06606,0.06604,0.06594,0.06625,0.06629,0.06633,0.06634,0.06635,0.06636,0.06638,0.06639,0.06642,0.06643,2121,4687,13852,6772,22688,10523,22688,3118,3695,294,215,22688,22688,1595,342,23033,943,14798,6048,3401
175,0.06608,0.06607,0.06606,0.06602,0.06601,0.06597,0.06596,0.06593,0.06591,0.0659,0.06618,0.06621,0.06624,0.06625,0.06626,0.06628,0.06629,0.06633,0.06634,0.06636,3245,17644,22688,7579,22688,12353,20803,3334,3351,8895,14869,22688,22688,1810,685,3982,30058,6386,3368,3351
176,0.06611,0.0661,0.06608,0.06607,0.06606,0.06602,0.06601,0.06597,0.06596,0.06595,0.06622,0.06624,0.06625,0.06628,0.06629,0.06632,0.06633,0.06634,0.06635,0.06636,3245,10872,10547,22688,257,14181,22688,10847,20803,8046,12849,22688,215,4893,30058,685,3048,940,4775,22688
177,0.06614,0.06613,0.06612,0.06609,0.06608,0.06607,0.06606,0.06603,0.06602,0.06601,0.0662,0.06625,0.06628,0.06629,0.06632,0.06633,0.06635,0.06636,0.06638,0.06639,3245,10872,3245,2170,12081,22688,257,5961,7579,22688,1406,215,3426,30058,1936,344,4769,34688,3048,2798
178,0.06615,0.06614,0.06613,0.06612,0.06608,0.06607,0.06606,0.06602,0.06599,0.06598,0.0662,0.06625,0.06628,0.06629,0.06632,0.06633,0.06635,0.06636,0.06638,0.06639,3245,10872,7398,22688,6772,22688,257,4840,4432,8962,1013,215,4961,30058,4803,344,5111,22688,6950,2798
179,0.0661,0.06609,0.06608,0.06607,0.06606,0.06603,0.06602,0.066,0.06599,0.06596,0.06611,0.06614,0.06615,0.06617,0.06618,0.0662,0.06621,0.06625,0.06627,0.06628,77,77,77,77,77,2743,807,11275,22688,3086,2164,6358,22688,3125,22688,2871,23029,215,3048,3885
180,0.06605,0.06604,0.066,0.06599,0.06595,0.06594,0.06591,0.06587,0.06586,0.06583,0.06613,0.06614,0.06617,0.06618,0.06621,0.06622,0.06623,0.06625,0.06629,0.06632,3245,10872,9640,22688,8765,20810,23495,11142,1854,6562,4784,10872,6372,22688,23028,1595,1277,25951,7370,4322
181,0.06615,0.0661,0.06602,0.06601,0.066,0.06599,0.06596,0.06595,0.06593,0.06592,0.06616,0.06617,0.06618,0.0662,0.06621,0.06623,0.06625,0.06627,0.06628,0.06629,77,20759,4505,2388,10491,22688,3485,807,3209,3489,2372,17244,22688,3675,22688,341,24498,341,939,10418
182,0.06585,0.0658,0.06577,0.06574,0.06573,0.06569,0.06568,0.06565,0.06562,0.06561,0.06592,0.06593,0.06595,0.06596,0.06597,0.06598,0.06599,0.06607,0.06609,0.0661,10872,8085,2977,3667,22688,3658,29909,4198,14726,5098,1697,22688,6772,22688,683,7684,24291,7416,4114,203966
183,0.06587,0.06581,0.06579,0.06578,0.06574,0.06573,0.06569,0.06568,0.06566,0.06565,0.06594,0.06595,0.06596,0.06598,0.06599,0.06601,0.06602,0.06603,0.06604,0.06605,10872,4099,4099,22688,3661,22688,3658,7221,4115,13208,1070,6772,22688,6772,22688,339,339,1595,929,9820
184,0.06587,0.06584,0.06581,0.06579,0.06578,0.06574,0.06573,0.06569,0.06568,0.06567,0.06594,0.06597,0.06598,0.06599,0.06601,0.06602,0.06603,0.06604,0.06605,0.06606,15257,3239,4099,4099,22688,3661,22688,11736,7221,910,324,1704,6772,22688,339,7067,24283,929,6772,22688
185,0.06598,0.06597,0.06591,0.0659,0.06589,0.06588,0.06587,0.06584,0.06583,0.06581,0.06605,0.06606,0.06609,0.0661,0.06612,0.06615,0.06616,0.06623,0.06624,0.06625,3245,10872,5371,3904,7505,22688,2853,6114,22688,4095,7467,22688,34383,203966,8644,3048,22688,706,7618,215
186,0.06586,0.06579,0.06578,0.06577,0.06576,0.06572,0.06571,0.0657,0.06569,0.06568,0.06592,0.06593,0.06594,0.06595,0.06596,0.06597,0.06599,0.066,0.06601,0.06605,10872,9522,4038,4618,22688,3385,3600,4106,7079,22688,5396,3806,22688,3117,6772,25933,3549,24622,339,315
187,0.0659,0.06589,0.06584,0.06583,0.06582,0.06581,0.06577,0.06576,0.06572,0.06571,0.06597,0.06598,0.06599,0.066,0.06601,0.06603,0.06604,0.06605,0.06606,0.06608,3245,10872,3075,6987,8117,22688,3321,22688,6550,3600,4041,22688,3245,17644,22688,5254,22688,678,929,3048
188,0.06594,0.06593,0.06586,0.06584,0.06583,0.06582,0.06581,0.06577,0.06576,0.06572,0.06599,0.066,0.06601,0.06603,0.06604,0.06605,0.06607,0.06608,0.06609,0.0661,3764,10872,6652,3058,4177,8101,22688,3321,22688,6550,3245,17644,22688,6785,22688,339,1595,1268,22688,207014
189,0.06605,0.06602,0.06601,0.066,0.06599,0.06598,0.06597,0.06594,0.06593,0.06592,0.06614,0.06615,0.06616,0.06617,0.06621,0.06622,0.06624,0.06625,0.06626,0.06629,3187,4838,272,3352,3132,8107,22688,5437,5814,23029,3207,3560,8099,22688,5139,23029,3741,4769,3048,38144
190,0.06601,0.06599,0.06598,0.06597,0.06593,0.06592,0.0659,0.06589,0.06587,0.06586,0.06608,0.06612,0.06613,0.06614,0.06616,0.06617,0.06621,0.06622,0.06623,0.06624,5000,3063,8107,22688,8799,22688,5589,1276,4710,4642,10872,6318,22688,327,3644,22688,5138,35029,3048,3741
191,0.06594,0.06593,0.06592,0.06587,0.06585,0.06584,0.0658,0.06579,0.06578,0.06577,0.06602,0.06603,0.06606,0.06609,0.0661,0.06612,0.06613,0.06615,0.06616,0.06617,5141,22103,22688,3370,11288,24543,341,3182,8067,3697,11199,272,6365,6740,22688,934,23028,3048,3644,22688
192,0.06589,0.06585,0.06584,0.0658,0.06578,0.06577,0.06576,0.06574,0.06571,0.0657,0.06596,0.06599,0.066,0.06601,0.06602,0.06603,0.06604,0.06605,0.06606,0.06607,7956,6772,22688,3370,920,10810,23623,3735,10217,1075,10872,4799,22688,12656,327,272,22688,339,931,22688
193,0.06595,0.06594,0.06591,0.0659,0.06589,0.06585,0.06584,0.06582,0.0658,0.06579,0.06602,0.06603,0.06607,0.06611,0.06613,0.06614,0.06615,0.06617,0.06619,0.0662,10872,7127,3195,11410,22688,12748,23030,3300,3370,8065,312,272,22688,6458,5976,22688,12656,7278,3048,5333
194,0.06588,0.06587,0.06585,0.06584,0.06579,0.06577,0.06576,0.06572,0.06571,0.0657,0.06597,0.066,0.06601,0.06602,0.06603,0.06604,0.06605,0.06607,0.06612,0.06613,4262,14279,6772,22688,920,8548,22688,4431,7071,9151,10872,3056,26058,312,272,22688,339,23619,9788,4702
195,0.066,0.06596,0.06595,0.06594,0.0659,0.06589,0.06588,0.06586,0.06583,0.06581,0.06608,0.0661,0.06614,0.06617,0.06618,0.06619,0.06624,0.06625,0.06626,0.06627,12750,6038,11555,22688,9134,23623,342,5192,4789,5726,11177,25807,22688,499,936,23028,9774,215,7618,4908
196,0.06607,0.06605,0.06604,0.066,0.06599,0.06597,0.06596,0.06595,0.06594,0.06589,0.06615,0.06617,0.06618,0.06619,0.06622,0.06624,0.06625,0.06626,0.06631,0.06634,3022,6772,22688,6772,22688,920,935,4365,4122,6732,10872,499,5354,22688,22688,341,23842,7618,6414,5494
197,0.06572,0.06571,0.06569,0.06568,0.06567,0.06566,0.06565,0.06563,0.06562,0.0656,0.06582,0.06583,0.06586,0.0659,0.06591,0.06592,0.06593,0.06594,0.06597,0.06601,3245,10872,3805,10797,22688,3861,12000,920,22688,12351,13021,33560,22688,337,923,6325,22688,3048,3998,3357
198,0.06576,0.06575,0.0657,0.06566,0.06565,0.06564,0.0656,0.06558,0.06557,0.06556,0.06582,0.06585,0.06586,0.06587,0.06589,0.0659,0.06593,0.06594,0.06595,0.06596,7353,10872,4367,12264,17492,23030,7097,5442,9016,22688,334,1572,4924,22688,4476,22688,337,924,4923,6366
199,0.06567,0.06566,0.06565,0.06562,0.0656,0.06557,0.06556,0.06555,0.06554,0.06553,0.06575,0.06576,0.0658,0.06581,0.06583,0.06584,0.06587,0.06588,0.06589,0.06594,4430,18343,12000,22688,3978,920,1278,3736,22688,143,3572,10872,11290,22688,4476,23024,3245,22688,3968,7404
200,0.06581,0.0658,0.06579,0.06578,0.06575,0.06569,0.06568,0.06564,0.06561,0.06557,0.06588,0.06589,0.06594,0.06597,0.06599,0.066,0.06601,0.06602,0.06603,0.06605,68486,4629,17772,22688,22973,8078,940,935,3351,927,3245,10872,3124,4047,2716,4794,6744,6870,24153,3048
201,0.06584,0.06583,0.06582,0.06581,0.06575,0.06574,0.06571,0.06569,0.06568,0.06567,0.06592,0.06593,0.06596,0.06599,0.066,0.06602,0.06603,0.06604,0.06605,0.06607,36945,3245,17644,22688,5556,22688,940,12000,8079,929,3572,10872,7811,4776,6368,6762,24153,929,3680,2798
202,0.06584,0.06582,0.06581,0.06575,0.06574,0.06571,0.0657,0.06569,0.06566,0.06565,0.06591,0.06592,0.06596,0.06599,0.066,0.06601,0.06602,0.06603,0.06605,0.06607,14621,6772,22688,9711,22688,7611,22688,12000,8081,5441,3226,11218,7983,4776,6368,3356,8030,24153,3341,2798
203,0.0658,0.06579,0.06578,0.06577,0.06575,0.06574,0.06566,0.06565,0.06562,0.06561,0.06588,0.06589,0.06592,0.06595,0.06596,0.06597,0.06598,0.06599,0.066,0.06601,30821,6011,6772,29743,5646,22688,4184,12000,8230,4900,3395,10872,3996,4805,7983,6602,22688,345,5073,339
204,0.06587,0.06586,0.06584,0.06583,0.06581,0.0658,0.06574,0.06571,0.0657,0.06569,0.06596,0.06597,0.06602,0.06603,0.06605,0.06606,0.06607,0.06609,0.06611,0.06612,7150,23954,14149,22688,5109,22688,5006,12850,4212,929,7376,6910,9865,22688,1120,4128,6530,3528,25736,4808
205,0.06592,0.0659,0.06589,0.06583,0.06582,0.06579,0.06578,0.06577,0.06576,0.06574,0.06597,0.06603,0.06604,0.06607,0.06608,0.06609,0.06611,0.06612,0.06613,0.06614,3490,6772,22688,10635,22688,6682,22688,8068,941,3341,324,3224,6750,7439,4027,499,5067,6389,4739,22688
206,0.06593,0.06592,0.0659,0.06589,0.06583,0.06582,0.0658,0.06578,0.06577,0.06576,0.06597,0.06605,0.06606,0.06607,0.06608,0.06609,0.06611,0.06612,0.06613,0.06614,4207,1579,4622,22688,10024,22688,5745,4023,3810,8069,324,3686,3935,2883,6772,23187,5003,3470,8889,22688
207,0.06593,0.06592,0.0659,0.06589,0.06583,0.06582,0.0658,0.06578,0.06576,0.06575,0.06597,0.06603,0.06604,0.06607,0.06608,0.06609,0.06611,0.06612,0.06613,0.06614,18359,22688,4622,22688,3257,22688,941,4023,8069,5749,324,4808,6405,3525,11580,23187,5003,3470,4150,22688
208,0.06605,0.06604,0.06602,0.06601,0.06599,0.06598,0.06593,0.06591,0.0659,0.06589,0.06609,0.06615,0.06617,0.0662,0.06621,0.06622,0.06624,0.06625,0.06626,0.06628,10588,24593,6772,22688,4159,22688,6009,8051,3730,940,499,448,6458,3108,12169,22688,2747,215,7618,9498
209,0.06604,0.06602,0.06601,0.06595,0.06594,0.06591,0.06589,0.06588,0.06587,0.06583,0.06608,0.06609,0.06615,0.06617,0.06618,0.06619,0.0662,0.06621,0.06622,0.06623,4155,6772,22688,4585,22688,5449,4973,16250,27723,4296,3434,10872,3675,3358,3421,4825,7962,3562,22688,3048
210,0.06607,0.06605,0.06604,0.06602,0.06601,0.06595,0.06594,0.06592,0.06591,0.06589,0.06612,0.06613,0.06614,0.06615,0.06617,0.06619,0.0662,0.06621,0.06622,0.06623,4737,6772,22688,4621,22688,6772,22688,942,3245,3126,3245,10872,3324,448,5111,3358,3090,3562,23808,689
211,0.06605,0.06604,0.06598,0.06597,0.06595,0.06594,0.06593,0.0659,0.06589,0.06587,0.06613,0.06614,0.06615,0.06617,0.06619,0.06621,0.06622,0.06623,0.06624,0.06625,10165,22688,7974,22688,5144,7218,26107,1083,495,8997,3411,10872,448,3429,3419,3419,3643,6814,24749,4333
212,0.06612,0.06611,0.06608,0.06607,0.06605,0.06604,0.066,0.06598,0.06597,0.06595,0.06618,0.06619,0.06622,0.06625,0.06626,0.06627,0.06628,0.06629,0.0663,0.06631,7085,10872,6772,25933,4346,22688,3569,4487,22688,8046,3245,10872,4609,3765,7618,3550,4190,7761,23980,495
213,0.06608,0.06606,0.06605,0.06603,0.06602,0.06594,0.06592,0.06591,0.0659,0.06589,0.06615,0.06616,0.06619,0.06621,0.06623,0.06625,0.06626,0.06628,0.0663,0.06631,25818,8044,22688,6772,22688,938,8049,7184,942,5831,3560,10872,6630,5331,5311,3544,24498,5369,5336,26231
214,0.06609,0.06608,0.06606,0.06605,0.06603,0.06602,0.06593,0.06592,0.06591,0.06589,0.06614,0.06615,0.06619,0.06621,0.06623,0.06625,0.06626,0.06627,0.06628,0.06631,9201,26256,8044,22688,5550,22688,937,8049,8126,4084,3339,11187,3561,3589,5311,3544,24156,4873,5383,26231
215,0.06608,0.06606,0.06605,0.06603,0.06602,0.06596,0.06595,0.06593,0.06592,0.06591,0.06614,0.06615,0.06617,0.06619,0.06621,0.06623,0.06624,0.06625,0.06626,0.06627,3568,8044,22688,5550,22688,6772,22688,937,8049,7184,3339,11037,3589,3561,3589,5311,4792,4234,22688,4531
216,0.06611,0.06609,0.06608,0.06606,0.06605,0.06597,0.06596,0.06594,0.06592,0.06591,0.06616,0.06617,0.06623,0.06625,0.06627,0.06628,0.06629,0.0663,0.06631,0.06632,24397,6772,22688,8044,22688,8043,5874,3703,4017,7184,3245,10872,5311,3544,3584,5359,4850,3534,22688,3048
217,0.06609,0.06608,0.06606,0.06605,0.06599,0.06598,0.06594,0.06593,0.06592,0.06591,0.06615,0.06616,0.06621,0.06623,0.06624,0.06625,0.06626,0.06627,0.06628,0.0663,9501,23976,8044,22688,6772,22688,4498,3531,8049,8126,3245,10872,3531,5311,3014,3544,24156,4871,4920,3517
218,0.06607,0.06606,0.06603,0.06602,0.06599,0.06598,0.06594,0.06591,0.06589,0.06588,0.06614,0.06615,0.0662,0.06621,0.06624,0.06625,0.06626,0.06627,0.06629,0.0663,9492,22688,6772,22688,6772,22688,8984,7184,4508,3813,3341,11191,3577,3531,7358,3544,25094,3929,6619,3571
219,0.06598,0.06597,0.06595,0.06594,0.06592,0.06591,0.06588,0.06585,0.06584,0.06583,0.06603,0.06604,0.0661,0.06613,0.06614,0.06615,0.06616,0.06617,0.06618,0.06619,9484,22688,6772,22688,5180,22688,495,11585,936,3521,3395,10872,3519,5353,1120,3545,1272,3364,3564,25736
220,0.06601,0.06598,0.06597,0.06593,0.06592,0.06588,0.06587,0.06586,0.06582,0.06581,0.06607,0.06608,0.06611,0.06613,0.06615,0.06616,0.06617,0.06618,0.06619,0.06621,5216,6772,22688,7051,22688,4012,7831,27171,8062,1077,3245,10872,3599,3519,3546,3375,4831,8029,22688,3509
221,0.06596,0.06595,0.06594,0.06593,0.06592,0.06588,0.06587,0.06586,0.06581,0.0658,0.06602,0.06603,0.06607,0.06609,0.06611,0.06613,0.06614,0.06615,0.06617,0.06618,11178,22688,3245,14406,22688,495,3864,22688,1078,7067,3548,10872,3510,3370,3599,7884,23373,4478,3364,6594
222,0.0659,0.06587,0.06586,0.0658,0.06579,0.06576,0.06574,0.06573,0.06571,0.0657,0.06596,0.06597,0.06602,0.06605,0.06607,0.06608,0.06609,0.06612,0.06613,0.06614,27022,3864,22688,8550,22688,935,8071,1364,3978,5581,3208,10872,5569,4287,3856,5295,26396,4384,6567,22688
223,0.06591,0.0659,0.06587,0.06586,0.0658,0.06579,0.06578,0.06577,0.06576,0.06575,0.06598,0.06599,0.06602,0.06605,0.06607,0.06608,0.06609,0.0661,0.06611,0.06613,10540,22688,6360,22688,5633,22688,8377,936,499,3230,3430,10872,4459,4287,3510,3208,28454,339,3261,5255
224,0.0659,0.06589,0.06588,0.06587,0.06586,0.0658,0.06579,0.06576,0.06575,0.06574,0.06596,0.06597,0.06598,0.066,0.06602,0.06604,0.06605,0.06607,0.06608,0.06609,6772,22688,3551,6360,22688,6772,22688,1434,8070,7505,3245,10872,335,3527,3501,3502,4287,1466,1267,26058
225,0.06588,0.06586,0.06585,0.06583,0.06582,0.06576,0.06574,0.06573,0.06572,0.06571,0.06595,0.066,0.06602,0.06603,0.06604,0.06605,0.06607,0.06608,0.06609,0.06611,22688,6772,22688,8053,26978,499,4469,4572,12420,7511,13556,3527,3501,2867,26190,1964,3350,3953,22688,3048
226,0.06585,0.06584,0.06583,0.06582,0.06581,0.06578,0.06577,0.06576,0.06573,0.06572,0.06591,0.06593,0.06596,0.06598,0.066,0.06601,0.06602,0.06603,0.06604,0.06605,6772,22688,5473,11062,22688,7550,22688,7506,418,447,10872,3105,3510,3528,3531,3533,1120,27494,338,8247
227,0.06583,0.06582,0.06581,0.0658,0.06578,0.06577,0.06576,0.06573,0.06572,0.0657,0.06589,0.0659,0.06596,0.06598,0.06599,0.066,0.06603,0.06606,0.06618,0.06627,22688,7231,8855,25933,7550,22688,7506,418,447,4497,11060,15836,3510,3528,2727,26219,29768,22688,2798,145
228,0.06572,0.0657,0.06566,0.06565,0.06563,0.06562,0.0656,0.06559,0.06558,0.06557,0.06578,0.06582,0.06585,0.06587,0.06588,0.06589,0.0659,0.06591,0.06592,0.06594,7119,4497,14289,22688,6772,22688,7097,7843,22688,4832,10872,3590,3590,5055,23945,3930,19422,22688,3048,22688
229,0.06576,0.06573,0.06572,0.0657,0.06567,0.06566,0.06565,0.06562,0.06561,0.06558,0.06582,0.06584,0.06586,0.06589,0.0659,0.06591,0.06592,0.06594,0.06595,0.06596,6988,6772,22688,4497,3605,14289,22688,10650,23627,8591,10872,499,3401,4697,15836,5071,4461,3597,22688,6655
230,0.06573,0.06572,0.06566,0.06565,0.06562,0.06561,0.0656,0.06558,0.06556,0.06555,0.0658,0.06582,0.06584,0.06586,0.06588,0.06589,0.06592,0.06593,0.06594,0.06595,6772,22688,14289,22688,4503,11669,12000,23188,4549,8332,10872,20409,499,3605,3605,4697,5408,1801,6331,22688
231,0.06571,0.06569,0.06568,0.06566,0.06565,0.06562,0.0656,0.06559,0.06558,0.06557,0.06577,0.06582,0.06584,0.06586,0.06587,0.06588,0.06589,0.0659,0.06592,0.06595,22688,6772,22688,14289,22688,4503,3582,12000,500,938,20388,4683,4456,3805,920,5207,27385,3836,31144,22688
232,0.06568,0.06567,0.06564,0.06563,0.06562,0.06561,0.0656,0.06558,0.06555,0.06554,0.06573,0.06577,0.06579,0.06581,0.06582,0.06583,0.06584,0.06585,0.06588,0.06589,17044,26033,6772,26277,12025,5684,22688,500,20332,1804,9188,3984,3656,3653,22688,4380,4859,23606,3048,22688
233,0.06576,0.06575,0.06571,0.0657,0.06567,0.06565,0.06564,0.06562,0.06561,0.0656,0.06584,0.06586,0.06588,0.0659,0.06591,0.06593,0.06594,0.06597,0.06607,0.06615,5686,19049,6772,22688,7518,7052,22688,12213,22688,8089,11673,3514,3460,7497,22688,3927,28171,25736,2798,849
234,0.06575,0.06571,0.0657,0.06568,0.06567,0.06565,0.06564,0.06562,0.06561,0.0656,0.06583,0.06584,0.06586,0.06588,0.0659,0.06591,0.06592,0.06593,0.06594,0.06597,8177,10670,22688,3244,10868,12195,22688,10333,22688,9027,10872,302,3514,3460,7497,23808,4215,3927,27212,25736
235,0.06578,0.06577,0.06571,0.0657,0.06569,0.06567,0.06566,0.06564,0.06562,0.06561,0.06584,0.06585,0.06588,0.0659,0.06592,0.06594,0.06595,0.06596,0.06598,0.06601,10325,22688,5482,22688,7516,6772,22688,939,4503,7092,3588,10872,3759,4073,4117,9495,23027,4358,29795,22688
236,0.06572,0.06571,0.0657,0.06568,0.06567,0.06562,0.06561,0.0656,0.06559,0.06558,0.0658,0.06581,0.06584,0.06586,0.06588,0.06589,0.0659,0.06591,0.06592,0.06593,4630,20545,22688,14301,22688,4503,7092,22688,1356,500,3245,10872,6929,4131,8336,22688,5034,5610,22688,3048
237,0.06571,0.06567,0.06564,0.06563,0.06562,0.06561,0.0656,0.06559,0.06558,0.06556,0.06573,0.06574,0.06576,0.06579,0.06582,0.06583,0.06584,0.06585,0.06586,0.06587,447,22688,14305,22688,4503,5116,22688,418,500,12000,3569,10872,4204,5451,9781,22688,3389,1801,27743,500
238,0.06571,0.06568,0.06567,0.06565,0.06564,0.06563,0.06562,0.06561,0.0656,0.06559,0.06577,0.06578,0.06581,0.06582,0.06585,0.06586,0.06587,0.06588,0.06589,0.06591,447,10458,22688,3026,14305,22688,4503,5116,22688,418,3245,10872,6578,3304,6471,22688,5681,5109,22688,3048
239,0.06571,0.06568,0.06567,0.06564,0.06563,0.06562,0.06561,0.0656,0.06559,0.06558,0.06576,0.06577,0.06581,0.06583,0.06585,0.06586,0.06587,0.06588,0.06589,0.06592,3758,10458,22688,6772,22688,4503,5116,30226,418,500,3395,10872,4122,3349,9726,22688,6221,4382,22688,6024
240,0.06571,0.06568,0.06567,0.06564,0.06563,0.06562,0.06561,0.0656,0.06559,0.06556,0.06576,0.06581,0.06583,0.06585,0.06586,0.06587,0.06588,0.06589,0.06592,0.06594,3758,10458,22688,13350,22688,4503,5116,30226,418,12938,326,4122,3349,12826,22688,6221,7627,22688,6727,3453
241,0.06556,0.06555,0.06552,0.06549,0.06548,0.06547,0.06545,0.06544,0.06543,0.06541,0.06563,0.06564,0.06566,0.06567,0.06568,0.0657,0.06571,0.06572,0.06573,0.06576,512,4483,6564,11059,34426,12500,6380,9078,22688,142,3558,10872,4260,6786,22688,1463,5169,23524,163297,25736
242,0.06556,0.06555,0.06551,0.06549,0.06548,0.06547,0.06545,0.06544,0.06543,0.06541,0.06562,0.06563,0.06565,0.06566,0.06567,0.06568,0.0657,0.06571,0.06572,0.06573,1164,4544,4253,11059,34426,500,8226,23798,22688,142,3245,11185,6020,4889,3898,22688,3613,4253,24987,164214
243,0.06556,0.06555,0.06553,0.06551,0.06549,0.06548,0.06547,0.06545,0.06544,0.06543,0.06563,0.06564,0.06566,0.06567,0.06568,0.06571,0.06572,0.06574,0.06575,0.06576,3560,3941,5194,4253,11059,34426,500,5063,9184,22688,3572,10872,6382,3898,22688,3629,24651,1253,4255,25736
244,0.06529,0.06526,0.06523,0.06521,0.06519,0.06516,0.06515,0.06514,0.06513,0.06512,0.06534,0.06535,0.06537,0.06538,0.0654,0.06541,0.06546,0.06547,0.06548,0.0655,4460,1770,260,3882,6040,3150,2544,4091,4066,21670,5681,22688,5870,25933,9169,23021,3951,3931,22688,3514
245,0.06522,0.0652,0.06519,0.06516,0.06515,0.06513,0.06512,0.06509,0.06507,0.06506,0.06531,0.06532,0.06534,0.06535,0.06538,0.06539,0.06541,0.06542,0.06548,0.06549,14835,2933,3086,260,2755,3922,17123,6029,11050,503,11225,22688,6772,22688,2729,1897,12685,25736,23394,12000
246,0.0653,0.06525,0.06524,0.06523,0.06519,0.06518,0.06514,0.06511,0.0651,0.06509,0.06538,0.06539,0.0654,0.06541,0.06542,0.06545,0.06546,0.06547,0.06548,0.0655,3421,2310,7939,22688,7234,22688,3468,3875,904,145,6923,22688,1757,5965,22688,14041,336,1260,25736,1757
247,0.06525,0.06524,0.06523,0.06519,0.06518,0.06513,0.06512,0.06511,0.0651,0.06509,0.06531,0.06532,0.06535,0.06536,0.06537,0.06538,0.06539,0.0654,0.06541,0.06542,4626,10872,2436,3327,22688,3049,3908,4705,22688,145,5848,22688,5965,26029,2055,1337,25080,3514,901,22688
248,0.06524,0.06518,0.06517,0.06516,0.06512,0.06511,0.06509,0.06508,0.06507,0.06506,0.06531,0.06532,0.06536,0.06538,0.06539,0.06542,0.06549,0.0655,0.06551,0.06554,3011,6789,3846,22688,10607,22688,145,7706,7169,12503,7233,26935,22688,3729,23595,25736,3986,3514,12000,2798
249,0.06528,0.06522,0.06519,0.06518,0.06517,0.06516,0.06514,0.06512,0.06511,0.06509,0.06535,0.06536,0.06538,0.0654,0.06541,0.06542,0.06543,0.06546,0.06547,0.06549,2013,3808,3786,3065,10582,22688,3946,10580,22688,20152,3395,14084,3881,26202,2393,1249,22688,3048,12000,4009
250,0.06532,0.06524,0.06523,0.06522,0.06521,0.06517,0.06516,0.06513,0.06511,0.0651,0.06537,0.06538,0.06542,0.06543,0.06547,0.06548,0.06549,0.0655,0.06551,0.06556,22208,3834,3294,10606,22688,6772,22688,12910,8150,918,2684,998,5804,22688,23028,2057,1246,22688,12000,7518
251,0.06514,0.06513,0.06512,0.0651,0.06509,0.06508,0.06506,0.06505,0.06501,0.065,0.06519,0.06524,0.06526,0.06527,0.0653,0.06532,0.06533,0.06534,0.06548,0.06549,2629,78,78,3245,14775,78,6772,22688,10557,22688,27053,22688,3727,23589,6562,12000,2798,22688,706,5845
252,0.06518,0.06514,0.06513,0.06512,0.06509,0.06508,0.06506,0.06505,0.06503,0.06501,0.06519,0.06521,0.06523,0.06524,0.06526,0.06527,0.06529,0.0653,0.06531,0.06532,78,5983,78,78,2526,3706,6772,22688,3722,3396,2823,3275,3109,22688,1336,22688,2391,4416,25736,12000
253,0.06513,0.06512,0.06508,0.06507,0.06506,0.06505,0.06501,0.065,0.06496,0.06495,0.06518,0.06519,0.0652,0.06522,0.06524,0.06525,0.06526,0.06527,0.06529,0.06531,78,3949,3451,5542,6772,22688,6772,22688,4614,7163,4383,12000,3514,5398,22688,2398,2234,22688,3048,22688
254,0.0651,0.06509,0.06508,0.06504,0.06503,0.06502,0.06499,0.06498,0.06497,0.06495,0.06517,0.06518,0.06519,0.0652,0.06523,0.06524,0.06525,0.06526,0.06527,0.0653,5108,3026,3039,5707,6772,22688,3314,7793,22688,7163,2785,7445,12000,3514,3327,22688,2398,2232,22688,3048
255,0.06511,0.0651,0.06509,0.06504,0.06503,0.06502,0.06498,0.06497,0.06495,0.06492,0.06518,0.06519,0.0652,0.06523,0.06524,0.06526,0.06527,0.0653,0.06531,0.06538,4470,15237,2055,3227,6772,22688,7793,22688,7163,12000,4146,12728,3514,4710,22688,3730,23588,3048,22688,3492
256,0.06508,0.06507,0.06501,0.065,0.06499,0.06495,0.06494,0.06489,0.06488,0.06487,0.06517,0.06518,0.06519,0.0652,0.06521,0.06523,0.06524,0.06526,0.06527,0.06533,5590,10872,7130,6772,22688,13935,22688,4169,4150,20180,6124,24113,9623,3514,22688,2956,22688,3048,23363,999
257,0.06507,0.06506,0.06499,0.06498,0.06497,0.06495,0.06493,0.06492,0.06489,0.06487,0.06514,0.06515,0.06518,0.06519,0.0652,0.06521,0.06522,0.06523,0.06524,0.0653,6700,10872,5863,6772,22688,7163,8134,22688,143,5443,5088,22688,22688,9623,3426,23608,1810,898,22688,999
258,0.06501,0.06494,0.06493,0.06492,0.06488,0.06487,0.06484,0.06483,0.0648,0.06478,0.06507,0.06508,0.06509,0.06512,0.06514,0.06515,0.06518,0.06519,0.0652,0.06528,645,2584,6772,22688,8068,22688,7182,18071,10165,9087,2278,14506,22688,24792,1890,24745,22688,9623,6220,7102
259,0.06503,0.06495,0.06494,0.06493,0.06492,0.06489,0.06488,0.06487,0.06484,0.06483,0.0651,0.06511,0.06515,0.06516,0.06517,0.06518,0.06519,0.06525,0.06526,0.06529,15178,4290,3256,10917,22688,5710,8068,22688,7182,6071,7031,22688,12000,22688,2397,1229,22688,3048,22688,706
260,0.065,0.06499,0.06498,0.06494,0.06493,0.06492,0.06489,0.06486,0.06485,0.06484,0.06509,0.0651,0.06513,0.06515,0.06516,0.06517,0.06519,0.0652,0.06522,0.06523,10872,4581,2137,3008,6772,22688,4931,13553,22688,7182,3785,11189,22688,12000,22688,3729,3944,3172,4973,22688
261,0.06504,0.06502,0.06495,0.06494,0.06493,0.06492,0.06488,0.06486,0.06485,0.06484,0.0651,0.06512,0.06513,0.06515,0.06516,0.06517,0.0652,0.06521,0.06522,0.06523,3852,1921,4022,3797,10796,22688,6086,12164,22688,7182,150,10872,22688,12000,22688,3396,4069,334,3048,22688
262,0.06505,0.06504,0.06498,0.06497,0.06492,0.06491,0.0649,0.06489,0.06484,0.06483,0.06514,0.06515,0.06517,0.06519,0.0652,0.06523,0.06531,0.06532,0.06533,0.06536,4584,15356,6772,22688,3867,4363,10682,22831,12104,26256,36787,12000,25744,674,26758,22688,3048,5792,706,4661
263,0.06476,0.06467,0.06464,0.06463,0.06462,0.06461,0.0646,0.06459,0.06458,0.06455,0.06479,0.06483,0.06484,0.06486,0.06487,0.06489,0.0649,0.06492,0.06493,0.06494,15502,3139,6554,1955,10471,22688,4310,3582,12000,23579,853,1330,22688,261,22688,2724,15172,891,8200,22688
264,0.06494,0.06485,0.06482,0.06481,0.06478,0.06477,0.06476,0.06474,0.06471,0.0647,0.065,0.06504,0.06506,0.06507,0.06508,0.06509,0.06515,0.06516,0.0652,0.06521,9580,3773,10545,22688,5664,10564,22688,12000,901,12388,22688,22688,8200,23941,2376,999,6364,12000,10168,2798
265,0.06496,0.06495,0.06494,0.06493,0.06487,0.06486,0.06482,0.06481,0.06478,0.06475,0.06504,0.06509,0.0651,0.06511,0.06512,0.06513,0.06514,0.06515,0.06516,0.06521,10872,7425,12260,4149,6772,22688,6772,22688,4668,4667,23001,9199,24745,333,902,339,22688,3048,12000,2798
266,0.06486,0.06485,0.0648,0.06479,0.06477,0.06476,0.06474,0.06473,0.0647,0.06465,0.06496,0.06498,0.06502,0.06503,0.06504,0.06505,0.06506,0.06509,0.06511,0.06513,4417,10872,6772,22688,8118,26975,6772,26270,12000,4098,14413,22688,338,920,10546,23020,3048,4243,22688,12706
267,0.0649,0.06489,0.06488,0.06484,0.06483,0.0648,0.06479,0.06477,0.06476,0.06471,0.06498,0.06499,0.065,0.06502,0.06505,0.06506,0.06507,0.06508,0.06509,0.06512,4514,15123,4727,6772,28102,7070,22688,8189,22950,12000,5212,27049,15325,22688,8200,23026,2390,898,999,3048
268,0.06487,0.0648,0.06479,0.06477,0.06476,0.06473,0.06472,0.06467,0.06465,0.06464,0.06494,0.06495,0.06496,0.06498,0.06499,0.065,0.06501,0.06502,0.06508,0.06509,11102,6772,34688,8487,22950,6772,22688,3939,3243,1799,3245,16806,22688,8516,22688,4453,2395,23020,3048,999
269,0.06489,0.06488,0.06483,0.06482,0.06481,0.0648,0.06479,0.06477,0.06476,0.0647,0.06497,0.06498,0.06499,0.065,0.06504,0.06505,0.06506,0.06508,0.0651,0.06512,7674,15519,6772,26270,12000,6772,22688,8189,22688,4304,3280,14036,22688,4453,339,10589,23587,3048,7134,2989
270,0.0649,0.06483,0.06482,0.06481,0.0648,0.06479,0.06477,0.06476,0.0647,0.06468,0.06496,0.06497,0.06498,0.06499,0.06502,0.06503,0.06504,0.06505,0.06506,0.06511,3124,6772,26270,12000,11067,22688,8189,22688,5328,6496,3164,11206,3280,22688,8200,23608,672,2036,22688,6109
271,0.0649,0.06483,0.06482,0.0648,0.06479,0.06477,0.06476,0.06472,0.06471,0.0647,0.06495,0.06496,0.06499,0.06502,0.06503,0.06504,0.06508,0.06509,0.0651,0.06512,2917,6772,26270,11068,22688,8189,22688,4858,12000,5328,3625,25852,22688,9670,23608,339,3048,4033,7095,999
272,0.065,0.06495,0.06494,0.06493,0.06492,0.06491,0.06489,0.06488,0.06482,0.0648,0.06507,0.06508,0.06509,0.0651,0.06511,0.06513,0.06514,0.06515,0.06516,0.06517,2015,6418,22688,3159,6772,22688,6772,22688,4038,9136,3627,4156,13923,3172,999,2964,22688,2391,3160,23934
273,0.06493,0.06492,0.06488,0.06487,0.06486,0.06485,0.06484,0.06482,0.06481,0.0648,0.065,0.06501,0.06502,0.06503,0.06505,0.06507,0.06508,0.06509,0.0651,0.06511,13254,3345,6772,22688,1025,6772,22688,3582,12000,11068,3526,10872,22688,4039,22688,2057,23028,333,4073,3048
274,0.06491,0.0649,0.06489,0.06488,0.06486,0.06485,0.06484,0.0648,0.06479,0.06475,0.06497,0.065,0.06501,0.06502,0.06503,0.06505,0.06507,0.06508,0.0651,0.06513,19433,2925,7826,22688,1025,6772,22688,6772,22688,12000,2538,346,3180,22688,4039,22688,2397,23920,12000,7278
275,0.06511,0.06508,0.06507,0.06505,0.06504,0.06498,0.06497,0.06496,0.06494,0.06493,0.06519,0.0652,0.06523,0.06526,0.06528,0.06529,0.0653,0.06531,0.06532,0.06533,38000,3518,22688,6772,22688,6772,22688,1025,910,8215,3502,10872,8851,27302,1137,23608,677,910,4018,22688
276,0.0651,0.06509,0.06508,0.06507,0.06506,0.06503,0.065,0.06498,0.06492,0.06491,0.06518,0.06519,0.06521,0.06522,0.06523,0.06526,0.06527,0.06528,0.06529,0.0653,17839,86247,12257,7988,22688,22688,22688,1025,8216,1823,3180,11194,3813,22688,2420,27302,2399,334,23598,12000
277,0.06513,0.06512,0.06507,0.06506,0.06504,0.06503,0.06501,0.06497,0.06496,0.06495,0.06519,0.0652,0.06523,0.06526,0.06529,0.0653,0.06532,0.06533,0.06534,0.06535,41294,3387,6772,22688,6772,22688,1025,10786,23599,8213,3524,10872,5704,4614,6194,14399,3994,3700,3958,4314
278,0.0651,0.06509,0.06506,0.06505,0.06504,0.06503,0.06501,0.065,0.06498,0.06497,0.06519,0.0652,0.06522,0.06524,0.06525,0.06526,0.06527,0.06529,0.0653,0.06532,3245,10872,3728,7275,3212,1025,11529,22688,11950,22688,3245,10872,3064,25664,6452,2817,22688,7327,12335,3048
279,0.06512,0.0651,0.06509,0.06506,0.06505,0.06504,0.06503,0.06502,0.06499,0.06496,0.06521,0.06522,0.06524,0.06525,0.06526,0.06528,0.06529,0.0653,0.06531,0.06532,1934,6772,22688,9741,22688,1025,10138,22688,6363,6426,3564,10872,6424,29830,418,4772,24745,1581,3212,22688
280,0.0652,0.06519,0.06518,0.06517,0.06513,0.06512,0.06511,0.0651,0.06509,0.06506,0.06526,0.06531,0.06532,0.06534,0.06535,0.06536,0.06537,0.06539,0.0654,0.06541,6146,17323,6772,22688,10658,25933,1025,7364,22688,3625,418,6596,22688,2959,3289,22688,14400,4929,25860,7999
281,0.06522,0.06521,0.06518,0.06517,0.06515,0.06513,0.06512,0.0651,0.06509,0.06507,0.06531,0.06532,0.06535,0.06538,0.06539,0.0654,0.06541,0.06543,0.06544,0.06545,6943,17248,11721,22688,1025,10668,25933,3831,22688,3298,3553,15685,22688,3595,22688,14400,1245,5923,3048,11690
282,0.06506,0.06505,0.06501,0.06499,0.06497,0.06496,0.06494,0.06493,0.06492,0.06491,0.06515,0.06516,0.06519,0.06521,0.06522,0.06523,0.06524,0.06526,0.06529,0.0653,6068,10872,6574,3412,10110,22688,6135,6772,22688,7159,10662,44217,22688,1137,920,1235,5422,25736,3388,15172
283,0.06514,0.06513,0.06512,0.06511,0.06509,0.06508,0.06504,0.06503,0.06502,0.06501,0.06522,0.06523,0.06524,0.06526,0.06529,0.06531,0.06532,0.06533,0.06536,0.06537,12395,10872,6340,22688,6772,22688,3409,6772,22688,3621,3089,10347,4663,22688,22688,2392,1245,22688,6635,12000
284,0.06518,0.06517,0.06512,0.06511,0.06509,0.06508,0.06504,0.06503,0.06502,0.065,0.06523,0.06524,0.06528,0.0653,0.06532,0.06533,0.06534,0.06535,0.06536,0.06537,4207,10872,11655,22688,6772,22688,5684,17056,48360,8206,10347,4663,2983,29403,3543,25080,342,906,22688,12000
285,0.06523,0.06522,0.06518,0.06517,0.06515,0.06514,0.06512,0.06511,0.06506,0.06505,0.0653,0.06532,0.06533,0.06536,0.06538,0.06539,0.0654,0.06541,0.06542,0.06543,10825,10872,9997,22688,7850,22688,6340,22688,36659,8200,5346,3525,22688,22688,342,5049,27609,12000,10600,2798
286,0.0652,0.06519,0.06518,0.06517,0.06515,0.06514,0.06512,0.06511,0.06505,0.06504,0.06529,0.0653,0.06532,0.06533,0.06536,0.06537,0.06538,0.06539,0.0654,0.06541,3245,10872,12912,22688,7850,22688,6340,22688,11873,18325,18305,3513,3525,22688,24745,336,1249,2992,23193,12000
287,0.06529,0.06525,0.06523,0.06522,0.06521,0.0652,0.06518,0.06517,0.06516,0.06515,0.06537,0.06538,0.0654,0.06541,0.06542,0.06543,0.06544,0.06549,0.0655,0.06552,14735,3833,3831,1211,10603,22688,11321,22688,3507,22613,26106,14903,23193,12000,7552,680,24745,3960,11577,4398
288,0.06528,0.06524,0.06523,0.06521,0.0652,0.06517,0.06516,0.06514,0.06511,0.0651,0.06536,0.06537,0.0654,0.06541,0.06543,0.06544,0.06546,0.06548,0.06549,0.0655,13422,6690,22688,6772,22688,8492,22688,40951,41906,8056,8907,31375,22688,12000,343,25081,911,30240,3048,11577
289,0.06526,0.06521,0.0652,0.06518,0.06517,0.06516,0.06514,0.06513,0.06512,0.06511,0.06533,0.06534,0.06535,0.06536,0.06537,0.0654,0.06541,0.06542,0.06543,0.06544,14983,10215,22688,2931,6651,22688,4210,8331,22688,41906,8933,42940,10872,22688,320,27917,12000,679,910,22688
290,0.06508,0.06503,0.06502,0.065,0.06499,0.06497,0.06496,0.06495,0.06494,0.06493,0.06514,0.06515,0.06517,0.06519,0.06523,0.06524,0.06525,0.06526,0.0653,0.06532,6703,7603,22688,8710,23110,3985,9012,22688,3718,9787,7978,45279,10872,22688,25986,334,3172,25736,3172,8258
291,0.06509,0.06508,0.06506,0.06503,0.06502,0.065,0.06499,0.06496,0.06495,0.06493,0.06517,0.06518,0.06519,0.0652,0.06523,0.06524,0.06525,0.06527,0.06528,0.0653,5246,16190,3480,7603,22688,15058,23110,10369,22688,11047,8099,35506,22688,3172,22688,2057,3172,5823,3173,37736
292,0.06509,0.06508,0.06503,0.06502,0.06501,0.065,0.06499,0.06497,0.06496,0.06495,0.06516,0.06517,0.06519,0.0652,0.06523,0.06525,0.06526,0.06527,0.06529,0.0653,5246,17575,7603,22688,4744,15058,23110,4039,15084,22688,7793,34362,22688,3172,22688,6472,334,4744,6221,34688
293,0.06504,0.06503,0.065,0.06499,0.06498,0.06497,0.06495,0.06494,0.06493,0.06492,0.06511,0.06512,0.06518,0.06519,0.06521,0.06522,0.06523,0.06527,0.06529,0.0653,5836,14701,13246,23110,3582,12000,9852,22688,504,3104,6819,95474,2057,22688,674,900,25736,22688,706,15172
294,0.06496,0.06493,0.06492,0.06491,0.06488,0.06487,0.06486,0.06485,0.06484,0.06481,0.06502,0.06504,0.06506,0.06507,0.06508,0.06509,0.0651,0.06511,0.06512,0.06513,15236,6958,9709,22688,13168,22688,3388,6772,22688,9244,3189,3596,5042,22688,5071,5031,22688,2729,5075,23021
295,0.06499,0.06497,0.06495,0.06494,0.06493,0.0649,0.06489,0.06488,0.06487,0.06486,0.06508,0.06509,0.06511,0.06512,0.06513,0.06514,0.06515,0.06516,0.06517,0.06518,9773,3065,11582,22688,4569,6301,2213,10000,22688,2939,9215,4094,3009,3227,3251,22688,5421,2057,5005,898
296,0.06512,0.0651,0.06507,0.06506,0.06504,0.06503,0.06502,0.06501,0.065,0.06499,0.06516,0.06517,0.06518,0.06519,0.0652,0.06521,0.06523,0.06524,0.06525,0.06526,92,92,9739,10964,6232,1136,11385,22688,3169,11278,3825,3658,22688,506,3172,22688,2057,1097,4636,22688
297,0.06511,0.06509,0.06507,0.06506,0.06505,0.06503,0.06502,0.06501,0.06499,0.06498,0.06519,0.0652,0.06522,0.06524,0.06525,0.06526,0.06528,0.06529,0.0653,0.06532,755,3295,6391,10206,22688,4542,11293,22688,6772,22688,7267,2978,22688,6684,4162,24745,4011,23592,10724,14251
298,0.06515,0.06512,0.06511,0.06509,0.06508,0.06507,0.06506,0.06505,0.06503,0.06502,0.06524,0.06525,0.06526,0.06528,0.06529,0.0653,0.06531,0.06532,0.06534,0.06535,4553,4573,4089,7701,22688,5074,12926,22688,2922,6772,11294,7381,22688,3216,22688,4650,1824,8740,4573,10600
299,0.06517,0.06516,0.06515,0.06513,0.06512,0.06511,0.06509,0.06508,0.06506,0.06505,0.06524,0.06526,0.06528,0.06529,0.0653,0.06531,0.06532,0.06533,0.06534,0.06535,6292,3442,3350,3070,11345,22688,6772,22688,6772,22688,765,3879,6432,22688,3172,4365,8405,22688,3639,7552
300,0.06523,0.06522,0.0652,0.06519,0.06518,0.06515,0.06514,0.06512,0.06511,0.0651,0.06531,0.06533,0.06535,0.06538,0.06539,0.0654,0.06541,0.06542,0.06543,0.06544,3690,12363,3714,12236,22688,8608,22688,6772,22688,506,2973,4645,6430,4631,27346,22793,447,910,5846,3793
301,0.06531,0.06529,0.06526,0.06524,0.06523,0.06521,0.0652,0.06519,0.06518,0.06517,0.06538,0.06539,0.0654,0.06541,0.06543,0.06544,0.06545,0.06547,0.06548,0.06549,430,10872,4519,12201,26378,6934,4757,10404,22688,3582,2930,7155,12506,447,4775,4775,30240,2737,912,12851
302,0.06531,0.06529,0.06528,0.06524,0.06523,0.0652,0.06519,0.06518,0.06517,0.06516,0.06538,0.06539,0.0654,0.06541,0.06542,0.06545,0.06547,0.06548,0.06549,0.0655,6229,9683,15634,12707,26378,3845,10404,22688,3582,12000,311,4838,12506,5209,22688,30240,2737,912,8405,25860
303,0.06535,0.06529,0.06528,0.06526,0.06525,0.06524,0.06523,0.06521,0.0652,0.06519,0.06539,0.0654,0.06544,0.06547,0.06548,0.06549,0.0655,0.06551,0.06552,0.06553,645,11248,22688,3459,2185,9505,22688,9985,22688,7651,10369,23972,2926,6901,23940,13239,3172,343,3048,7552
304,0.0653,0.06529,0.06528,0.06525,0.06524,0.06523,0.06521,0.0652,0.06516,0.06514,0.06536,0.06537,0.06539,0.0654,0.06544,0.06545,0.06546,0.06547,0.06548,0.06549,4007,21619,22688,506,5407,22688,4603,22688,21589,2891,4911,28621,3426,10396,2926,22688,5183,7982,22688,8405
305,0.0653,0.06529,0.06528,0.06525,0.06524,0.06523,0.06521,0.0652,0.06517,0.06516,0.06536,0.06537,0.06538,0.06539,0.0654,0.06542,0.06544,0.06545,0.06546,0.06547,4007,21619,22688,506,5407,22688,4603,22688,6010,21493,5391,25185,2468,173,10396,4082,2926,22688,4985,6634
306,0.06529,0.06525,0.06524,0.06523,0.06521,0.0652,0.06518,0.06517,0.06516,0.06513,0.06533,0.06534,0.06536,0.06537,0.06538,0.0654,0.06542,0.06543,0.06545,0.06548,1390,5140,8859,22688,9827,22688,9962,26270,12000,11880,5241,24806,319,2930,25156,10396,22688,3646,22688,3048
307,0.06529,0.06527,0.06525,0.06524,0.06523,0.06521,0.0652,0.06518,0.06517,0.06515,0.06534,0.06535,0.06538,0.0654,0.06542,0.06543,0.06544,0.06545,0.06548,0.06549,1390,4302,5140,8859,22688,8647,22688,8266,22688,3582,5397,30638,25156,10396,24745,335,1254,22688,3048,15957
308,0.06519,0.06518,0.06517,0.06516,0.06515,0.06514,0.06513,0.06512,0.0651,0.06508,0.06524,0.06526,0.06528,0.06529,0.0653,0.06531,0.06533,0.06534,0.06535,0.06536,4090,2601,3899,6772,26270,12000,4482,23191,4276,3086,9022,14742,5160,5252,22688,1876,22688,2554,3581,906
309,0.06524,0.06522,0.06521,0.0652,0.06519,0.06518,0.06516,0.06515,0.06514,0.06513,0.06531,0.06534,0.06535,0.06536,0.06537,0.06539,0.0654,0.06541,0.06542,0.06544,16457,7169,22688,4002,7549,25289,6772,26270,12000,503,6757,6350,3096,3402,23191,8488,11304,3734,10529,22688
310,0.06534,0.06533,0.0653,0.06529,0.06528,0.06526,0.06525,0.06523,0.06521,0.0652,0.06543,0.06544,0.06545,0.06547,0.06548,0.06549,0.0655,0.06551,0.06552,0.06554,14067,4313,5446,8281,27742,8315,22688,3202,6612,23191,18703,12000,22688,4265,22688,8405,5150,336,343,6856
311,0.06538,0.06537,0.06535,0.06534,0.06532,0.06531,0.06528,0.06527,0.06525,0.06523,0.06547,0.06548,0.06549,0.0655,0.06552,0.06554,0.06555,0.06556,0.06557,0.06558,17644,24849,7275,22688,6772,22688,8819,8172,9250,12000,4897,4897,23211,3014,4933,3035,22688,3765,3310,3807
312,0.06541,0.06537,0.06535,0.06534,0.06532,0.06531,0.06529,0.06528,0.06525,0.06524,0.06546,0.06548,0.06549,0.0655,0.06552,0.06554,0.06555,0.06556,0.06557,0.06558,1741,4878,13456,22688,6772,22688,7516,22688,10047,15802,4878,6380,12339,7892,4933,10587,24745,4109,1254,3463
313,0.06541,0.06539,0.06537,0.06535,0.06534,0.06532,0.06531,0.06529,0.06528,0.06525,0.06548,0.06549,0.0655,0.06552,0.06554,0.06555,0.06556,0.06557,0.06558,0.0656,1741,4876,4878,13456,22688,11663,22688,7516,22688,19955,3504,12000,7892,4933,10587,24745,4109,337,3463,4562
314,0.06544,0.06541,0.0654,0.06538,0.06537,0.06535,0.06534,0.06529,0.06528,0.06527,0.0655,0.06552,0.06553,0.06556,0.06558,0.06559,0.0656,0.06561,0.06562,0.06566,13776,13152,22688,8228,22688,7275,22688,10693,41809,8172,1412,5590,12000,4868,5371,35114,2057,4642,23025,3048
315,0.06548,0.06547,0.06544,0.06543,0.06542,0.06541,0.0654,0.06539,0.06538,0.06537,0.06556,0.06558,0.06559,0.0656,0.06561,0.06562,0.06563,0.06564,0.06568,0.06569,4701,12704,11527,22688,503,8316,26943,14253,6772,22688,5035,3382,4861,25136,447,2949,22688,21609,4318,920
316,0.06551,0.06549,0.06548,0.06544,0.06543,0.06542,0.06541,0.0654,0.06537,0.06536,0.06558,0.0656,0.06562,0.06564,0.06566,0.06567,0.06568,0.0657,0.06571,0.06576,1948,6772,22688,13236,26145,15833,19415,22688,3467,11404,9545,17532,3190,4881,5591,42578,921,25058,11453,22688
317,0.06537,0.06535,0.06534,0.06533,0.06532,0.06531,0.0653,0.06529,0.06528,0.06527,0.06544,0.06546,0.06548,0.06549,0.06552,0.06553,0.06554,0.06555,0.06556,0.06559,8155,6772,26947,14267,7598,22688,3582,23599,3578,22688,14623,2868,4838,27067,22688,2057,5188,23030,8467,3048
318,0.06541,0.0654,0.06538,0.06537,0.06535,0.06534,0.06532,0.06531,0.0653,0.06529,0.06549,0.0655,0.06554,0.06555,0.06557,0.06558,0.06559,0.06561,0.06562,0.06564,4977,22688,8222,36947,6457,26967,8766,26660,15175,12000,10872,9936,6308,22688,6308,2400,28367,7552,22688,3048
319,0.06537,0.06536,0.06535,0.06534,0.06532,0.06531,0.0653,0.06529,0.06528,0.06526,0.06545,0.06546,0.06548,0.0655,0.06552,0.06553,0.06554,0.06556,0.06557,0.06559,10568,4259,20724,26967,3462,22688,3582,18080,22688,4259,5385,10872,4934,6312,3547,22688,8707,4506,8467,22688
320,0.06533,0.06531,0.0653,0.06529,0.06528,0.06523,0.06522,0.06521,0.0652,0.06518,0.06539,0.06541,0.06543,0.06544,0.06545,0.06546,0.06547,0.06549,0.0655,0.06551,13423,22688,3582,22252,36964,1675,8899,27450,15953,21028,10872,4962,3681,22688,4588,4962,22688,678,5185,23601
321,0.06539,0.06537,0.06535,0.06534,0.06533,0.0653,0.06529,0.06528,0.06526,0.06525,0.06544,0.06545,0.06548,0.0655,0.06551,0.06552,0.06554,0.06555,0.06556,0.06558,5536,12000,3516,6772,22688,10135,4884,22688,3110,22688,3466,10872,5145,5129,22688,8349,7193,23031,1253,22688
322,0.06539,0.06538,0.06537,0.06536,0.06534,0.06533,0.06529,0.06528,0.06527,0.06526,0.06546,0.06547,0.06548,0.0655,0.06552,0.06554,0.06555,0.06557,0.06561,0.06562,11714,16204,6772,22688,6772,22688,2011,8637,30860,13133,3471,10872,3153,3153,8305,3153,30240,9959,6612,22688
323,0.06543,0.06542,0.06541,0.0654,0.06537,0.06536,0.06534,0.06533,0.06531,0.0653,0.0655,0.06552,0.06554,0.06555,0.06557,0.06559,0.0656,0.06561,0.06562,0.06564,10076,4579,6772,22688,10220,22688,9739,22688,6735,12000,4486,15164,6306,30240,3002,4332,2737,2925,23606,3048
324,0.06548,0.06547,0.06546,0.06545,0.06544,0.06543,0.06541,0.0654,0.06537,0.06536,0.06556,0.06557,0.06559,0.06561,0.06562,0.06564,0.06565,0.06566,0.06567,0.06568,6029,7178,14330,11099,27181,12000,6772,27746,6772,22688,10872,6221,22688,10668,22688,5105,15318,3737,2798,3249
325,0.06546,0.06545,0.06544,0.06543,0.06541,0.0654,0.06535,0.06534,0.06533,0.06532,0.06555,0.06557,0.06559,0.06561,0.06562,0.06564,0.06565,0.06566,0.06568,0.06569,33981,8114,27181,12000,6772,27746,7590,22688,3390,13527,14329,3788,5169,10668,22688,6306,14401,3754,917,25736
326,0.06552,0.06551,0.0655,0.06549,0.06547,0.06545,0.06544,0.06541,0.0654,0.06537,0.06559,0.06561,0.06563,0.06564,0.06566,0.06567,0.06568,0.0657,0.06571,0.06574,18433,4319,24586,22688,4586,6772,22688,6772,27747,2776,10872,4227,5009,5186,447,30240,15940,8507,8743,33442
327,0.06537,0.06535,0.06533,0.06532,0.0653,0.06529,0.06528,0.06526,0.06525,0.06524,0.06545,0.06547,0.06549,0.0655,0.06551,0.06552,0.06553,0.06554,0.06556,0.06557,4230,3525,13103,25962,3582,18772,22688,2156,8899,29812,20530,3288,5154,5113,22688,4304,2057,24278,3365,22688
328,0.06536,0.06535,0.06533,0.06532,0.0653,0.06529,0.06527,0.06526,0.06524,0.06523,0.06545,0.06546,0.06547,0.06549,0.0655,0.06551,0.06552,0.06554,0.06555,0.06556,16571,22688,7990,25962,8648,12000,4035,22688,7124,13506,3983,10872,4477,3856,5052,22688,5107,22688,2735,914
329,0.06533,0.06531,0.0653,0.06527,0.06526,0.06524,0.06523,0.06522,0.06521,0.0652,0.06541,0.06543,0.06545,0.06547,0.06548,0.06549,0.0655,0.06551,0.06554,0.06557,6550,12287,26270,4035,22688,5178,12000,8657,22688,5069,16329,5076,3604,4477,22688,5076,3271,25997,25736,19552
330,0.06533,0.06531,0.0653,0.06527,0.06526,0.06524,0.06523,0.06522,0.06521,0.0652,0.06541,0.06543,0.06545,0.06547,0.06548,0.06549,0.0655,0.06551,0.06554,0.06557,6550,12287,26270,4035,22688,3582,12000,8657,23108,5069,16308,5076,3604,4477,22688,7133,3271,23940,25736,19552
331,0.06536,0.06533,0.06532,0.0653,0.06529,0.06527,0.06526,0.06524,0.06523,0.06522,0.06545,0.06547,0.0655,0.06552,0.06553,0.06554,0.06555,0.06557,0.06558,0.06565,12230,11411,22688,6772,22688,5768,22688,13224,52591,8179,19998,4477,6302,26168,1598,5822,22688,7552,25736,12706
332,0.0654,0.06539,0.06538,0.06534,0.06533,0.06532,0.0653,0.06529,0.06527,0.06526,0.06545,0.0655,0.06552,0.06554,0.06555,0.06556,0.06557,0.06558,0.06563,0.06564,7866,10458,22688,4949,10603,22688,8774,22688,5401,21569,330,6302,26168,3773,22688,3033,8814,24162,913,3048
333,0.0654,0.06536,0.06535,0.06534,0.06533,0.06532,0.0653,0.06529,0.06527,0.06526,0.06545,0.06546,0.06547,0.0655,0.06552,0.06554,0.06555,0.06556,0.06557,0.06558,7866,4915,26270,12000,6772,22688,6772,22688,3272,10962,172,10872,6088,6302,26168,3773,23950,2387,7552,22688
334,0.06548,0.06545,0.06544,0.06542,0.06541,0.06537,0.06536,0.06533,0.06531,0.06529,0.06554,0.06558,0.06559,0.0656,0.06561,0.06562,0.06563,0.06564,0.06565,0.06566,54190,8178,22688,6772,22688,3969,22688,8165,12768,917,8405,3398,7552,2982,12000,3164,22688,920,680,24272
335,0.06549,0.06545,0.06542,0.06541,0.06537,0.06536,0.06535,0.06534,0.06533,0.06531,0.06554,0.06556,0.06558,0.0656,0.06561,0.06562,0.06563,0.06565,0.06566,0.06573,46862,22688,6772,22688,8885,22688,12472,46608,27805,20458,8405,3515,3839,28040,12000,5094,30240,343,25530,3965
336,0.06552,0.0655,0.06546,0.06545,0.06543,0.06542,0.06541,0.0654,0.06539,0.06538,0.06559,0.06562,0.06563,0.06565,0.06566,0.06568,0.06569,0.0657,0.06571,0.06572,49841,3193,11337,22688,1467,9936,22688,13408,41755,3936,30722,4593,7552,6326,35135,2057,6321,25402,8405,3048
337,0.06577,0.06576,0.06573,0.06572,0.0657,0.06569,0.06568,0.06564,0.06562,0.06561,0.06584,0.06586,0.06588,0.0659,0.06593,0.06595,0.06596,0.06597,0.06598,0.06601,2743,26528,6772,22688,6487,19977,27056,8501,6603,39213,11183,3582,3144,3607,4035,2917,932,6759,26764,3048
338,0.06572,0.0657,0.06569,0.06566,0.06565,0.06563,0.06561,0.0656,0.06559,0.06555,0.06583,0.06584,0.06587,0.0659,0.06591,0.06592,0.06593,0.06594,0.06595,0.06597,19387,3797,10746,25713,12000,4177,4785,18445,22688,2801,10872,22688,23518,3703,3582,926,2993,25736,2964,3835
339,0.06559,0.06558,0.06555,0.06554,0.06553,0.06551,0.0655,0.06549,0.06548,0.06547,0.06569,0.06572,0.06574,0.06575,0.06577,0.06578,0.0658,0.06582,0.06584,0.06589,1162,3761,10512,22688,3719,9706,23529,22688,4997,11304,15002,22688,5792,24437,345,25736,3217,3246,2934,2798
340,0.06564,0.0656,0.06557,0.06555,0.06554,0.06553,0.06552,0.06551,0.0655,0.06549,0.06569,0.06574,0.06575,0.06576,0.06578,0.06582,0.06584,0.06585,0.06586,0.06589,19156,5660,3773,4123,3655,3781,7901,33759,36316,25937,349,3761,22688,4710,26449,5513,15773,22688,3393,5906
341,0.06574,0.0657,0.06568,0.06567,0.06566,0.06565,0.06564,0.06563,0.06562,0.06561,0.06583,0.06586,0.06587,0.06588,0.06591,0.06592,0.06594,0.06595,0.06596,0.06598,27018,3689,5594,7760,25997,342,988,2312,10458,34688,11209,5039,8104,22688,3188,22688,1177,4108,10754,3808
342,0.06574,0.0657,0.06568,0.06567,0.06566,0.06565,0.06564,0.06562,0.06561,0.0656,0.06583,0.06585,0.06586,0.06588,0.06591,0.06592,0.06594,0.06595,0.06596,0.06598,24008,3689,5594,9264,29681,12342,988,6772,31887,42405,11209,22688,5039,22688,830,23616,347,3688,10754,3808
343,0.06562,0.06558,0.06557,0.06554,0.06553,0.06551,0.0655,0.06549,0.06548,0.06547,0.06569,0.06571,0.06574,0.06575,0.06576,0.06577,0.06581,0.06582,0.06585,0.0659,2734,3582,12000,6378,3772,7088,2259,14137,22688,10766,11179,25724,22688,1174,921,25988,22688,3048,12000,2662
344,0.06565,0.06564,0.06561,0.0656,0.06559,0.06558,0.06557,0.06556,0.06555,0.06554,0.06569,0.06576,0.06577,0.0658,0.06581,0.06583,0.06584,0.06585,0.06587,0.06588,8441,17600,3803,6772,22688,3582,12000,342,8939,22688,307,3793,22688,5690,22688,2096,2907,12000,3803,25736
345,0.06569,0.06568,0.06565,0.06563,0.06561,0.0656,0.06559,0.06558,0.06557,0.06556,0.06578,0.06582,0.06584,0.06585,0.06586,0.06587,0.06588,0.06589,0.0659,0.06595,5902,10872,3760,3779,6278,10567,22688,3582,12342,8767,12001,22688,830,925,22688,345,3048,2956,22688,3627
346,0.06565,0.0656,0.06559,0.06558,0.06557,0.06555,0.06554,0.06553,0.06552,0.06549,0.06575,0.06576,0.06578,0.0658,0.06581,0.06582,0.06585,0.06586,0.06588,0.06589,1724,11526,22688,3582,12000,988,2320,7409,49329,30879,6652,10872,5991,3392,3744,22688,4919,23613,8693,2928
347,0.06561,0.0656,0.06558,0.06557,0.06554,0.06553,0.06552,0.06549,0.06548,0.06547,0.06569,0.0657,0.06572,0.06574,0.06575,0.06578,0.06579,0.06581,0.06582,0.06585,3634,4754,3582,12000,6772,22688,342,3937,15370,22688,6460,10872,4735,3047,22688,6837,23611,3758,25736,15744
348,0.06559,0.06558,0.06557,0.06554,0.06553,0.06552,0.0655,0.06549,0.06548,0.06547,0.06568,0.06569,0.06571,0.06574,0.06576,0.06577,0.06578,0.0658,0.0659,0.06595,17620,10872,3446,6772,26270,12000,4759,2241,8602,28269,33560,315,22688,23031,1749,22688,15048,2662,2798,706
349,0.06563,0.06562,0.06556,0.06555,0.06554,0.06553,0.06551,0.0655,0.06549,0.06548,0.06569,0.0657,0.06571,0.06573,0.06576,0.06577,0.06578,0.06579,0.06582,0.06583,1748,1373,5239,5758,6772,26270,342,4833,12059,48966,5007,10872,3847,3647,25913,3844,344,1752,6889,26106
350,0.06554,0.06551,0.0655,0.06549,0.06545,0.06544,0.06543,0.06542,0.06541,0.0654,0.06563,0.06566,0.06567,0.06569,0.0657,0.06571,0.06572,0.06573,0.06575,0.06576,4069,12083,27134,2893,10838,35030,985,3805,12095,4768,10872,3762,22688,5965,23518,343,918,22688,12000,3048
351,0.06554,0.06551,0.06549,0.06547,0.06545,0.06544,0.06543,0.06541,0.0654,0.06539,0.06561,0.06562,0.06565,0.06566,0.06567,0.06569,0.0657,0.06571,0.06572,0.06573,4146,4186,2893,3786,10852,35030,985,7918,17991,34786,11199,3781,3315,2986,22688,3021,23518,343,918,25736
352,0.06554,0.06551,0.06549,0.06547,0.06545,0.06544,0.06542,0.06541,0.0654,0.06539,0.06561,0.06565,0.06566,0.06567,0.06569,0.0657,0.06573,0.06575,0.06579,0.06594,4146,4186,2893,3786,10852,35030,3783,12673,12164,39113,11199,3315,2986,22688,3364,27097,25736,12000,2798,851
353,0.06554,0.06551,0.0655,0.06549,0.06545,0.06544,0.06542,0.0654,0.06539,0.06538,0.06561,0.06562,0.06564,0.06565,0.06566,0.06567,0.0657,0.06572,0.06573,0.06578,15018,6772,31030,12000,7066,24014,9936,8521,13004,20905,348,10872,3326,3315,2986,22688,34688,1173,23607,3048
354,0.06541,0.0654,0.06538,0.06536,0.06534,0.06533,0.06532,0.06531,0.0653,0.06529,0.06549,0.0655,0.06554,0.06557,0.06558,0.06559,0.0656,0.06561,0.06562,0.06563,7532,10872,419,3829,4119,3830,8369,22688,7812,22766,3177,14259,22688,23518,341,912,22688,348,3048,3737
355,0.06543,0.06542,0.06538,0.06537,0.06536,0.06534,0.06533,0.06532,0.06531,0.0653,0.0655,0.06551,0.06552,0.06554,0.06557,0.06559,0.0656,0.06563,0.06564,0.06569,8370,3262,3408,7915,22688,5158,15776,16617,32466,985,5513,3177,10872,22688,22688,341,24431,3048,22688,12706
356,0.06545,0.06544,0.06543,0.06542,0.06541,0.06537,0.06536,0.06535,0.06534,0.06533,0.06554,0.06557,0.0656,0.06561,0.06562,0.06563,0.06564,0.06565,0.06568,0.06577,4445,14891,6716,6772,22688,4069,22688,341,17799,27301,4271,31790,22688,4212,342,915,7304,22688,25736,12000
357,0.06549,0.06544,0.06542,0.06541,0.0654,0.06539,0.06538,0.06537,0.06536,0.06535,0.06556,0.06559,0.0656,0.06564,0.06565,0.06568,0.06571,0.06572,0.06575,0.06577,7389,7669,10695,22688,4768,3582,12000,4410,26734,18679,11174,8349,22688,3909,23946,22688,3048,2975,23394,12000
358,0.06549,0.06542,0.06541,0.0654,0.06539,0.06538,0.06537,0.06536,0.06535,0.06534,0.06556,0.06559,0.06561,0.06562,0.06564,0.06565,0.06567,0.06568,0.06576,0.06577,7157,10695,22688,4768,3582,16305,16613,27222,20531,6247,11174,7847,4009,22688,7286,22688,5228,22688,3048,12706
