timestamp,bid_price_0,bid_price_1,bid_price_2,bid_price_3,bid_price_4,bid_price_5,bid_price_6,bid_price_7,bid_price_8,bid_price_9,ask_price_0,ask_price_1,ask_price_2,ask_price_3,ask_price_4,ask_price_5,ask_price_6,ask_price_7,ask_price_8,ask_price_9,bid_size_0,bid_size_1,bid_size_2,bid_size_3,bid_size_4,bid_size_5,bid_size_6,bid_size_7,bid_size_8,bid_size_9,ask_size_0,ask_size_1,ask_size_2,ask_size_3,ask_size_4,ask_size_5,ask_size_6,ask_size_7,ask_size_8,ask_size_9
0,0.0956,0.0955,0.0954,0.0953,0.0952,0.0951,0.095,0.0949,0.0948,0.0947,0.0957,0.0958,0.0959,0.096,0.0961,0.0962,0.0963,0.0964,0.0965,0.0966,1125,50398,56549,50280,44620,39206,34995,26640,24417,33150,18128,54548,41119,37110,16750,31310,9878,22117,1350,29881
1,0.0953,0.0952,0.0951,0.095,0.0949,0.0948,0.0947,0.0946,0.0945,0.0944,0.0955,0.0956,0.0957,0.0958,0.0959,0.096,0.0961,0.0962,0.0963,0.0964,43431,71812,89017,67460,35988,36888,30967,24840,24417,1125,50954,55813,43326,30320,33688,33385,16182,24006,2582,25703
2,0.0954,0.0953,0.0952,0.0951,0.095,0.0949,0.0948,0.0947,0.0946,0.0945,0.0955,0.0956,0.0957,0.0958,0.0959,0.096,0.0961,0.0962,0.0963,0.0964,1125,54610,57602,83796,67460,35988,34949,43458,24840,24417,16873,55317,50478,54833,35287,30381,8867,24006,2582,25703
3,0.0954,0.0953,0.0952,0.0951,0.095,0.0949,0.0948,0.0947,0.0946,0.0945,0.0955,0.0956,0.0957,0.0958,0.0959,0.096,0.0961,0.0962,0.0963,0.0964,1125,55133,52030,75418,67460,35217,34949,45641,24840,24417,14669,37011,64999,40490,35287,30381,16178,24006,2582,25703
4,0.0953,0.0952,0.0951,0.095,0.0949,0.0948,0.0947,0.0946,0.0945,0.0944,0.0954,0.0955,0.0956,0.0957,0.0958,0.0959,0.096,0.0961,0.0962,0.0963,3426,60531,105551,61991,39285,34949,45623,24840,24417,1125,9701,38674,63711,44645,30320,36694,30381,8867,24006,2582
5,0.0953,0.0952,0.0951,0.095,0.0949,0.0948,0.0947,0.0946,0.0945,0.0944,0.0954,0.0955,0.0956,0.0957,0.0958,0.0959,0.096,0.0961,0.0962,0.0963,14735,67285,98900,67546,39285,34949,45623,24840,24417,1125,3506,44628,63301,44645,30320,36694,30381,8867,24006,2582
6,0.0953,0.0952,0.0951,0.095,0.0949,0.0948,0.0947,0.0946,0.0945,0.0944,0.0954,0.0955,0.0956,0.0957,0.0958,0.0959,0.096,0.0961,0.0962,0.0963,24618,76182,89937,67608,39285,34949,45623,24840,24417,1125,2316,46233,63856,44645,30320,36694,30381,8867,24006,2582
7,0.0954,0.0953,0.0952,0.0951,0.095,0.0949,0.0948,0.0947,0.0946,0.0945,0.0955,0.0956,0.0957,0.0958,0.0959,0.096,0.0961,0.0962,0.0963,0.0964,1125,43908,59076,95055,67462,33810,34949,35096,24840,24417,34735,46438,43101,40468,35287,30381,16178,24006,2582,25703
8,0.0953,0.0952,0.0951,0.095,0.0949,0.0948,0.0947,0.0946,0.0945,0.0944,0.0955,0.0956,0.0957,0.0958,0.0959,0.096,0.0961,0.0962,0.0963,0.0964,43908,71156,92024,67460,37886,35229,30730,24840,24417,1125,48705,57951,42330,30320,35287,30381,16178,24006,2582,25703
9,0.0955,0.0954,0.0953,0.0952,0.0951,0.095,0.0949,0.0948,0.0947,0.0946,0.0957,0.0958,0.0959,0.096,0.0961,0.0962,0.0963,0.0964,0.0965,0.0966,51896,58126,50872,55744,72515,58302,30949,24697,26601,24840,20936,53873,44482,49323,14774,32708,9870,22117,1910,29849
10,0.0955,0.0954,0.0953,0.0952,0.0951,0.095,0.0949,0.0948,0.0947,0.0946,0.0956,0.0957,0.0958,0.0959,0.096,0.0961,0.0962,0.0963,0.0964,0.0965,1125,52369,68765,57236,73542,57779,41470,24697,26601,24840,11296,55578,41438,56921,36684,19180,30750,2582,22117,1910
11,0.0954,0.0953,0.0952,0.0951,0.095,0.0949,0.0948,0.0947,0.0946,0.0945,0.0955,0.0956,0.0957,0.0958,0.0959,0.096,0.0961,0.0962,0.0963,0.0964,34174,41715,68323,46197,39058,41470,34928,26601,24840,23009,1125,48601,56766,38646,30312,39688,16179,30750,2582,22117
12,0.0955,0.0954,0.0953,0.0952,0.0951,0.095,0.0949,0.0948,0.0947,0.0946,0.0957,0.0958,0.0959,0.096,0.0961,0.0962,0.0963,0.0964,0.0965,0.0966,48429,57460,40595,52648,41089,40576,44063,24417,24418,24420,39979,57656,42159,44688,16181,30751,2582,22117,1737,26315
13,0.0955,0.0954,0.0953,0.0952,0.0951,0.095,0.0949,0.0948,0.0947,0.0946,0.0956,0.0957,0.0958,0.0959,0.096,0.0961,0.0962,0.0963,0.0964,0.0965,1125,46930,56306,49620,41089,40576,44063,24417,24418,24420,10990,53510,41970,56767,36684,19182,30751,2582,21884,1737
14,0.0955,0.0954,0.0953,0.0952,0.0951,0.095,0.0949,0.0948,0.0947,0.0946,0.0956,0.0957,0.0958,0.0959,0.096,0.0961,0.0962,0.0963,0.0964,0.0965,1125,49268,65127,50874,43262,40576,43831,24417,24418,24420,13187,49166,42741,56250,38630,19182,30751,2582,23009,4744
15,0.0954,0.0953,0.0952,0.0951,0.095,0.0949,0.0948,0.0947,0.0946,0.0945,0.0956,0.0957,0.0958,0.0959,0.096,0.0961,0.0962,0.0963,0.0964,0.0965,47257,62995,54702,47345,39171,46009,24417,24418,24420,23009,25703,53112,40276,30312,38630,19182,30751,2582,23009,4744
16,0.0954,0.0953,0.0952,0.0951,0.095,0.0949,0.0948,0.0947,0.0946,0.0945,0.0955,0.0956,0.0957,0.0958,0.0959,0.096,0.0961,0.0962,0.0963,0.0964,178,54364,103428,62119,44640,41653,34928,24418,24420,23009,10601,54420,34598,46813,30312,38630,19182,23446,2582,23009
17,0.0954,0.0953,0.0952,0.0951,0.095,0.0949,0.0948,0.0947,0.0946,0.0945,0.0955,0.0956,0.0957,0.0958,0.0959,0.096,0.0961,0.0962,0.0963,0.0964,32930,70718,77148,54970,44640,39707,39045,24418,24420,23009,2934,46917,55795,39365,30312,41633,16181,23446,2582,23009
18,0.0954,0.0953,0.0952,0.0951,0.095,0.0949,0.0948,0.0947,0.0946,0.0945,0.0955,0.0956,0.0957,0.0958,0.0959,0.096,0.0961,0.0962,0.0963,0.0964,26735,60801,113192,64531,39171,41885,39045,24418,24420,23009,1125,47129,54780,39365,30312,41633,16181,23446,2582,23009
19,0.0953,0.0952,0.0951,0.095,0.0949,0.0948,0.0947,0.0946,0.0945,0.0944,0.0954,0.0955,0.0956,0.0957,0.0958,0.0959,0.096,0.0961,0.0962,0.0963,1125,62962,97617,65457,45954,36865,34962,24420,23009,1125,3497,47305,57407,43667,30317,33697,39687,8868,23446,2582
20,0.0953,0.0952,0.0951,0.095,0.0949,0.0948,0.0947,0.0946,0.0945,0.0944,0.0954,0.0955,0.0956,0.0957,0.0958,0.0959,0.096,0.0961,0.0962,0.0963,37185,70741,89127,63165,43776,39045,34962,24420,23009,1125,1125,47257,58731,43667,30317,36704,36684,8868,23446,2582
21,0.0953,0.0952,0.0951,0.095,0.0949,0.0948,0.0947,0.0946,0.0945,0.0944,0.0954,0.0955,0.0956,0.0957,0.0958,0.0959,0.096,0.0961,0.0962,0.0963,34037,71385,89325,63165,43776,39045,37145,24420,23009,1125,1125,47518,56112,43667,30317,36704,36684,8868,23446,2582
22,0.0953,0.0952,0.0951,0.095,0.0949,0.0948,0.0947,0.0946,0.0945,0.0944,0.0954,0.0955,0.0956,0.0957,0.0958,0.0959,0.096,0.0961,0.0962,0.0963,34037,63126,86213,71278,41598,39045,39328,24420,23009,1125,1125,47318,56190,43667,30317,35297,36684,8868,23446,2582
23,0.0953,0.0952,0.0951,0.095,0.0949,0.0948,0.0947,0.0946,0.0945,0.0944,0.0954,0.0955,0.0956,0.0957,0.0958,0.0959,0.096,0.0961,0.0962,0.0963,37185,62168,82589,68936,41598,36865,39328,24420,23009,1125,1125,47219,57944,43667,30317,32291,39687,8868,23446,2582
24,0.0953,0.0952,0.0951,0.095,0.0949,0.0948,0.0947,0.0946,0.0945,0.0944,0.0955,0.0956,0.0957,0.0958,0.0959,0.096,0.0961,0.0962,0.0963,0.0964,49957,72899,72348,60131,41598,39045,39328,24420,23009,1125,56142,47879,44460,30317,32291,39687,8868,23446,2582,23009
25,0.0955,0.0954,0.0953,0.0952,0.0951,0.095,0.0949,0.0948,0.0947,0.0946,0.0956,0.0957,0.0958,0.0959,0.096,0.0961,0.0962,0.0963,0.0964,0.0965,1125,47220,54372,44230,77805,63444,39708,39045,26601,24420,11129,47877,47277,59546,38644,16179,30750,2582,23009,4744
26,0.0954,0.0953,0.0952,0.0951,0.095,0.0949,0.0948,0.0947,0.0946,0.0945,0.0955,0.0956,0.0957,0.0958,0.0959,0.096,0.0961,0.0962,0.0963,0.0964,10460,61842,50683,52585,65600,41676,37108,26601,24420,23009,1125,58579,44212,50114,30312,41649,16179,23073,2582,23009
27,0.0953,0.0952,0.0951,0.095,0.0949,0.0948,0.0947,0.0946,0.0945,0.0944,0.0954,0.0955,0.0956,0.0957,0.0958,0.0959,0.096,0.0961,0.0962,0.0963,31876,46792,66836,78040,39708,39063,37128,24420,23009,1125,1125,32313,46451,47831,30322,32122,41649,8868,23073,2582
28,0.0953,0.0952,0.0951,0.095,0.0949,0.0948,0.0947,0.0946,0.0945,0.0944,0.0954,0.0955,0.0956,0.0957,0.0958,0.0959,0.096,0.0961,0.0962,0.0963,31226,57366,48629,75222,40827,39063,41494,24420,23009,1125,1125,24192,51911,50303,30322,33318,38645,8868,23073,2582
29,0.0953,0.0952,0.0951,0.095,0.0949,0.0948,0.0947,0.0946,0.0945,0.0944,0.0954,0.0955,0.0956,0.0957,0.0958,0.0959,0.096,0.0961,0.0962,0.0963,31030,51726,49516,54262,40827,39063,41494,24420,23009,1125,1125,49547,54843,47055,30322,33318,38645,8868,23073,2582
30,0.0953,0.0952,0.0951,0.095,0.0949,0.0948,0.0947,0.0946,0.0945,0.0944,0.0954,0.0955,0.0956,0.0957,0.0958,0.0959,0.096,0.0961,0.0962,0.0963,1342,45142,67609,54262,39420,36883,41494,26605,23009,1125,12529,56780,47330,56601,30322,36660,36684,8868,23073,2582
31,0.0953,0.0952,0.0951,0.095,0.0949,0.0948,0.0947,0.0946,0.0945,0.0944,0.0954,0.0955,0.0956,0.0957,0.0958,0.0959,0.096,0.0961,0.0962,0.0963,1342,58128,51993,51228,33945,42363,41494,26605,23009,1125,10262,62465,47759,56601,30322,33654,39687,8868,23073,2582
32,0.0952,0.0951,0.095,0.0949,0.0948,0.0947,0.0946,0.0945,0.0944,0.0943,0.0954,0.0955,0.0956,0.0957,0.0958,0.0959,0.096,0.0961,0.0962,0.0963,58163,60193,52005,41546,39000,43435,26605,23009,1125,25265,50903,59110,38940,31059,30322,33654,39687,8868,23073,2582
33,0.0952,0.0951,0.095,0.0949,0.0948,0.0947,0.0946,0.0945,0.0944,0.0943,0.0954,0.0955,0.0956,0.0957,0.0958,0.0959,0.096,0.0961,0.0962,0.0963,54506,62706,52014,41483,39000,43435,26605,23009,1125,25265,47096,57694,38940,34691,30322,36660,36684,8868,23073,2582
34,0.0953,0.0952,0.0951,0.095,0.0949,0.0948,0.0947,0.0946,0.0945,0.0944,0.0954,0.0955,0.0956,0.0957,0.0958,0.0959,0.096,0.0961,0.0962,0.0963,1125,45357,71262,53055,33945,41180,43435,24420,23009,1125,37095,55751,41416,39646,30322,33654,39686,8868,23073,2582
35,0.0953,0.0952,0.0951,0.095,0.0949,0.0948,0.0947,0.0946,0.0945,0.0944,0.0954,0.0955,0.0956,0.0957,0.0958,0.0959,0.096,0.0961,0.0962,0.0963,1125,45357,60101,56089,33945,40408,43435,26605,23009,1125,34740,59276,41416,40110,30322,36660,36684,8868,23073,2582
36,0.0954,0.0953,0.0952,0.0951,0.095,0.0949,0.0948,0.0947,0.0946,0.0945,0.0955,0.0956,0.0957,0.0958,0.0959,0.096,0.0961,0.0962,0.0963,0.0964,1125,52501,56388,46061,44032,39420,34928,43435,26605,23009,48172,53769,49172,43800,35252,36684,8868,23073,2582,23009
37,0.0954,0.0953,0.0952,0.0951,0.095,0.0949,0.0948,0.0947,0.0946,0.0945,0.0955,0.0956,0.0957,0.0958,0.0959,0.096,0.0961,0.0962,0.0963,0.0964,1234,52717,57916,50918,44640,35351,36888,30967,26605,23009,10672,59545,39398,53732,30312,41647,16179,23073,2582,23009
38,0.0954,0.0953,0.0952,0.0951,0.095,0.0949,0.0948,0.0947,0.0946,0.0945,0.0955,0.0956,0.0957,0.0958,0.0959,0.096,0.0961,0.0962,0.0963,0.0964,9200,56649,60276,56426,44640,35353,39068,30967,24420,23009,22612,46766,41868,39370,30312,41647,16179,23073,2582,23009
