timestamp,bid_price_0,bid_price_1,bid_price_2,bid_price_3,bid_price_4,bid_price_5,bid_price_6,bid_price_7,bid_price_8,bid_price_9,ask_price_0,ask_price_1,ask_price_2,ask_price_3,ask_price_4,ask_price_5,ask_price_6,ask_price_7,ask_price_8,ask_price_9,bid_size_0,bid_size_1,bid_size_2,bid_size_3,bid_size_4,bid_size_5,bid_size_6,bid_size_7,bid_size_8,bid_size_9,ask_size_0,ask_size_1,ask_size_2,ask_size_3,ask_size_4,ask_size_5,ask_size_6,ask_size_7,ask_size_8,ask_size_9
0,0.0944,0.0943,0.0942,0.0941,0.094,0.0939,0.0938,0.0937,0.0936,0.0935,0.0945,0.0946,0.0947,0.0948,0.0949,0.095,0.0951,0.0952,0.0953,0.0954,44839,71136,84975,62715,30051,40357,27798,28581,26657,26375,1125,22481,53691,35769,51419,48283,36236,28502,28023,26745
1,0.0944,0.0943,0.0942,0.0941,0.094,0.0939,0.0938,0.0937,0.0936,0.0935,0.0945,0.0946,0.0947,0.0948,0.0949,0.095,0.0951,0.0952,0.0953,0.0954,40674,57389,103569,58047,35477,40357,27798,28581,26657,26375,1125,50576,56231,35589,55061,46377,29737,28502,28023,26745
2,0.0943,0.0942,0.0941,0.094,0.0939,0.0938,0.0937,0.0936,0.0935,0.0934,0.0944,0.0945,0.0946,0.0947,0.0948,0.0949,0.095,0.0951,0.0952,0.0953,55088,64215,60578,53051,38408,38421,30002,26375,26657,26268,1125,49936,62548,34825,34819,33788,34925,27796,28502,28023
3,0.0943,0.0942,0.0941,0.094,0.0939,0.0938,0.0937,0.0936,0.0935,0.0934,0.0944,0.0945,0.0946,0.0947,0.0948,0.0949,0.095,0.0951,0.0952,0.0953,52439,54085,54895,47524,48213,38421,30002,26375,26657,26268,1125,47981,60296,34825,34819,31932,35158,27796,28502,27790
4,0.0943,0.0942,0.0941,0.094,0.0939,0.0938,0.0937,0.0936,0.0935,0.0934,0.0944,0.0945,0.0946,0.0947,0.0948,0.0949,0.095,0.0951,0.0952,0.0953,38661,64313,54895,47524,49636,38421,30002,26375,26657,26268,1125,48193,60491,34825,37848,28906,35158,27796,31808,27790
5,0.0943,0.0942,0.0941,0.094,0.0939,0.0938,0.0937,0.0936,0.0935,0.0934,0.0944,0.0945,0.0946,0.0947,0.0948,0.0949,0.095,0.0951,0.0952,0.0953,49260,56419,55751,48642,49636,38422,30002,26375,26375,26551,1125,49712,60309,34825,37848,28906,35158,27796,31808,27790
6,0.0943,0.0942,0.0941,0.094,0.0939,0.0938,0.0937,0.0936,0.0935,0.0934,0.0944,0.0945,0.0946,0.0947,0.0948,0.0949,0.095,0.0951,0.0952,0.0953,10599,62844,76863,48642,48213,40392,27796,26375,28586,26551,10762,63477,41614,61286,34819,35255,35158,27796,33979,26375
7,0.0941,0.094,0.0939,0.0938,0.0937,0.0936,0.0935,0.0934,0.0933,0.0932,0.0943,0.0944,0.0945,0.0946,0.0947,0.0948,0.0949,0.095,0.0951,0.0952,60343,63375,59744,60897,40413,27798,30010,26551,26375,26982,49602,58210,29968,36421,41163,41221,28171,28820,27796,37776
8,0.0941,0.094,0.0939,0.0938,0.0937,0.0936,0.0935,0.0934,0.0933,0.0932,0.0942,0.0943,0.0944,0.0945,0.0946,0.0947,0.0948,0.0949,0.095,0.0951,56038,56455,59744,55533,44537,38444,30010,26551,26375,26982,1125,49812,48370,37879,36421,45621,38192,28171,28820,26375
9,0.0941,0.094,0.0939,0.0938,0.0937,0.0936,0.0935,0.0934,0.0933,0.0932,0.0942,0.0943,0.0944,0.0945,0.0946,0.0947,0.0948,0.0949,0.095,0.0951,56685,54490,59744,55358,44537,38619,30010,26551,26375,26982,1125,49602,45174,48303,34834,44195,29748,28171,28820,26375
10,0.0941,0.094,0.0939,0.0938,0.0937,0.0936,0.0935,0.0934,0.0933,0.0932,0.0942,0.0943,0.0944,0.0945,0.0946,0.0947,0.0948,0.0949,0.095,0.0951,53692,52904,60241,58419,44712,38444,30010,26551,26375,26982,1125,49602,55591,36583,34834,45621,29748,28171,28820,26375
11,0.0941,0.094,0.0939,0.0938,0.0937,0.0936,0.0935,0.0934,0.0933,0.0932,0.0942,0.0943,0.0944,0.0945,0.0946,0.0947,0.0948,0.0949,0.095,0.0951,1320,72455,62292,58419,48503,40409,27799,26551,28590,26982,14033,60713,43741,56825,34834,45621,29748,28171,28820,26375
12,0.0941,0.094,0.0939,0.0938,0.0937,0.0936,0.0935,0.0934,0.0933,0.0932,0.0942,0.0943,0.0944,0.0945,0.0946,0.0947,0.0948,0.0949,0.095,0.0951,26568,72411,65304,58419,48277,40409,27799,27977,28590,26982,11644,60136,41735,56825,34834,47538,27798,28171,28820,26375
13,0.0941,0.094,0.0939,0.0938,0.0937,0.0936,0.0935,0.0934,0.0933,0.0932,0.0942,0.0943,0.0944,0.0945,0.0946,0.0947,0.0948,0.0949,0.095,0.0951,1787,83028,56199,58419,48277,40409,27799,27977,28590,26982,21978,63333,40330,56825,34834,47538,27798,28171,28820,26375
14,0.094,0.0939,0.0938,0.0937,0.0936,0.0935,0.0934,0.0933,0.0932,0.0931,0.0942,0.0943,0.0944,0.0945,0.0946,0.0947,0.0948,0.0949,0.095,0.0951,57866,69715,55358,63153,38986,27799,27977,28590,26982,1551,33402,53904,40913,28917,37869,44506,27798,28171,28820,26375
15,0.094,0.0939,0.0938,0.0937,0.0936,0.0935,0.0934,0.0933,0.0932,0.0931,0.0941,0.0942,0.0943,0.0944,0.0945,0.0946,0.0947,0.0948,0.0949,0.095,5000,78973,64285,57433,42572,40406,27977,30017,26982,1551,19089,65395,34681,62923,28917,41227,34139,27798,28344,27399
16,0.0939,0.0938,0.0937,0.0936,0.0935,0.0934,0.0933,0.0932,0.0931,0.093,0.094,0.0941,0.0942,0.0943,0.0944,0.0945,0.0946,0.0947,0.0948,0.0949,31872,80660,59800,50362,48319,40614,30017,26982,1551,26429,17396,41859,60966,29681,34851,32257,30836,34139,27798,29008
17,0.0939,0.0938,0.0937,0.0936,0.0935,0.0934,0.0933,0.0932,0.0931,0.093,0.094,0.0941,0.0942,0.0943,0.0944,0.0945,0.0946,0.0947,0.0948,0.0949,5000,92625,50144,53428,48319,40334,27802,26375,3629,26429,21912,44999,59012,56904,41189,35294,27801,28034,26375,32314
18,0.094,0.0939,0.0938,0.0937,0.0936,0.0935,0.0934,0.0933,0.0932,0.0931,0.0941,0.0942,0.0943,0.0944,0.0945,0.0946,0.0947,0.0948,0.0949,0.095,1125,93986,47868,49364,40087,49748,29647,27802,26375,3629,21564,41765,84117,41948,31954,38732,28034,26375,31768,32896
19,0.0939,0.0938,0.0937,0.0936,0.0935,0.0934,0.0933,0.0932,0.0931,0.093,0.0941,0.0942,0.0943,0.0944,0.0945,0.0946,0.0947,0.0948,0.0949,0.095,92798,47693,52428,37021,49748,29647,27802,26375,3345,26713,33452,41116,72877,41189,31954,38732,28034,26375,31768,32896
20,0.094,0.0939,0.0938,0.0937,0.0936,0.0935,0.0934,0.0933,0.0932,0.0931,0.0941,0.0942,0.0943,0.0944,0.0945,0.0946,0.0947,0.0948,0.0949,0.095,1125,70809,59425,52426,42572,44191,29647,27802,26375,3345,24188,63053,35157,41476,35144,38732,28034,26375,31768,32896
21,0.0941,0.094,0.0939,0.0938,0.0937,0.0936,0.0935,0.0934,0.0933,0.0932,0.0943,0.0944,0.0945,0.0946,0.0947,0.0948,0.0949,0.095,0.0951,0.0952,66960,65053,53542,52333,40190,38447,29762,29910,27802,26375,20636,61356,32730,35688,37032,30346,33194,29342,26375,30080
22,0.0942,0.0941,0.094,0.0939,0.0938,0.0937,0.0936,0.0935,0.0934,0.0933,0.0943,0.0944,0.0945,0.0946,0.0947,0.0948,0.0949,0.095,0.0951,0.0952,1125,67857,72462,59190,44007,38551,29743,27803,29910,27802,9697,65779,34110,63513,35088,32283,33367,29342,26375,30080
23,0.0942,0.0941,0.094,0.0939,0.0938,0.0937,0.0936,0.0935,0.0934,0.0933,0.0943,0.0944,0.0945,0.0946,0.0947,0.0948,0.0949,0.095,0.0951,0.0952,1125,62724,64078,68911,42793,36700,29743,27803,29809,28085,21479,55334,34873,63039,38120,32283,31280,29342,26375,30080
24,0.0944,0.0943,0.0942,0.0941,0.094,0.0939,0.0938,0.0937,0.0936,0.0935,0.0945,0.0946,0.0947,0.0948,0.0949,0.095,0.0951,0.0952,0.0953,0.0954,2993,66519,70967,53115,48224,39505,37459,27800,30009,27803,11388,61240,49651,29697,35387,41139,27798,29845,26375,30260
25,0.0945,0.0944,0.0943,0.0942,0.0941,0.094,0.0939,0.0938,0.0937,0.0936,0.0946,0.0947,0.0948,0.0949,0.095,0.0951,0.0952,0.0953,0.0954,0.0955,1125,67342,67069,53897,42524,45973,25797,37459,27800,30009,29943,54345,34113,62986,38315,38175,31266,26375,30260,26375
26,0.0945,0.0944,0.0943,0.0942,0.0941,0.094,0.0939,0.0938,0.0937,0.0936,0.0947,0.0948,0.0949,0.095,0.0951,0.0952,0.0953,0.0954,0.0955,0.0956,47120,43865,57382,50597,45577,35651,25521,35836,27800,27801,40270,37156,64958,41052,42566,41602,27795,26475,26375,32050
27,0.0946,0.0945,0.0944,0.0943,0.0942,0.0941,0.094,0.0939,0.0938,0.0937,0.0948,0.0949,0.095,0.0951,0.0952,0.0953,0.0954,0.0955,0.0956,0.0957,62405,43449,64774,46107,42666,41475,32084,25521,35836,27800,37432,48443,39840,61528,42352,27795,27893,26375,32050,591
28,0.0947,0.0946,0.0945,0.0944,0.0943,0.0942,0.0941,0.094,0.0939,0.0938,0.0948,0.0949,0.095,0.0951,0.0952,0.0953,0.0954,0.0955,0.0956,0.0957,1320,60599,47903,54776,35065,47133,29766,29911,25521,35836,3781,66781,41017,44941,38454,38150,27893,29956,28562,591
29,0.0947,0.0946,0.0945,0.0944,0.0943,0.0942,0.0941,0.094,0.0939,0.0938,0.0949,0.095,0.0951,0.0952,0.0953,0.0954,0.0955,0.0956,0.0957,0.0958,60640,67370,60328,39284,38112,35726,27794,31834,25521,27336,38996,51744,42099,38539,35030,38245,33262,26475,591,30181
30,0.0948,0.0947,0.0946,0.0945,0.0944,0.0943,0.0942,0.0941,0.094,0.0939,0.0949,0.095,0.0951,0.0952,0.0953,0.0954,0.0955,0.0956,0.0957,0.0958,1319,65129,70505,55301,38100,29556,37561,27794,29994,25521,23627,58408,41340,53432,37199,38245,31098,26475,591,30181
31,0.0948,0.0947,0.0946,0.0945,0.0944,0.0943,0.0942,0.0941,0.094,0.0939,0.095,0.0951,0.0952,0.0953,0.0954,0.0955,0.0956,0.0957,0.0958,0.0959,50003,46188,78437,57851,32596,33156,29627,27794,29994,25521,44059,38414,36120,38046,41217,35740,26475,3876,26632,1125
32,0.0949,0.0948,0.0947,0.0946,0.0945,0.0944,0.0943,0.0942,0.0941,0.094,0.095,0.0951,0.0952,0.0953,0.0954,0.0955,0.0956,0.0957,0.0958,0.0959,26568,59463,66503,59569,51162,30966,29990,29627,27794,29994,23062,57592,35539,53266,41217,37904,26475,1716,26632,1125
33,0.0948,0.0947,0.0946,0.0945,0.0944,0.0943,0.0942,0.0941,0.094,0.0939,0.095,0.0951,0.0952,0.0953,0.0954,0.0955,0.0956,0.0957,0.0958,0.0959,55014,67789,60339,51162,40334,28011,29627,27794,29994,25521,19216,60414,34624,49484,44230,33792,28415,3130,26632,3280
34,0.0948,0.0947,0.0946,0.0945,0.0944,0.0943,0.0942,0.0941,0.094,0.0939,0.0949,0.095,0.0951,0.0952,0.0953,0.0954,0.0955,0.0956,0.0957,0.0958,1125,54914,71994,62704,56460,40347,28213,27794,29994,25521,12085,65672,44284,52315,35030,47561,31267,26475,5290,26632
35,0.0947,0.0946,0.0945,0.0944,0.0943,0.0942,0.0941,0.094,0.0939,0.0938,0.0948,0.0949,0.095,0.0951,0.0952,0.0953,0.0954,0.0955,0.0956,0.0957,1259,67161,64618,53928,54051,46622,27794,29994,26646,26193,11221,61043,43078,82282,29434,41378,27890,33431,26475,3130
36,0.0948,0.0947,0.0946,0.0945,0.0944,0.0943,0.0942,0.0941,0.094,0.0939,0.0949,0.095,0.0951,0.0952,0.0953,0.0954,0.0955,0.0956,0.0957,0.0958,28370,71455,56431,48998,47335,49957,36022,27794,29994,26646,13663,39695,62072,56350,38046,38196,33431,26475,3130,30128
37,0.0948,0.0947,0.0946,0.0945,0.0944,0.0943,0.0942,0.0941,0.094,0.0939,0.0949,0.095,0.0951,0.0952,0.0953,0.0954,0.0955,0.0956,0.0957,0.0958,28370,81202,56431,50833,45501,49957,36022,27794,29994,26646,10830,39695,62051,56063,38046,38196,35518,26475,3130,30128
38,0.0948,0.0947,0.0946,0.0945,0.0944,0.0943,0.0942,0.0941,0.094,0.0939,0.0949,0.095,0.0951,0.0952,0.0953,0.0954,0.0955,0.0956,0.0957,0.0958,3254,55585,78004,52375,45501,49957,36022,27794,29994,26646,10195,39778,51863,56063,38046,38195,33431,26475,3130,30128
39,0.0948,0.0947,0.0946,0.0945,0.0944,0.0943,0.0942,0.0941,0.094,0.0939,0.0949,0.095,0.0951,0.0952,0.0953,0.0954,0.0955,0.0956,0.0957,0.0958,1456,58036,75256,52375,45501,44553,29753,27794,29994,26646,9700,65319,42987,35192,35030,38195,33431,26475,3130,30128
40,0.0948,0.0947,0.0946,0.0945,0.0944,0.0943,0.0942,0.0941,0.094,0.0939,0.0949,0.095,0.0951,0.0952,0.0953,0.0954,0.0955,0.0956,0.0957,0.0958,134,57277,76752,50540,45501,44682,29753,27794,29994,26646,11556,68168,46904,32453,35030,38195,33431,26475,3130,30128
41,0.0946,0.0945,0.0944,0.0943,0.0942,0.0941,0.094,0.0939,0.0938,0.0937,0.0948,0.0949,0.095,0.0951,0.0952,0.0953,0.0954,0.0955,0.0956,0.0957,55094,66760,54868,70591,45612,38380,27795,26646,28397,26375,46896,54792,43599,66526,29434,29923,27889,33431,26475,3130
42,0.0947,0.0946,0.0945,0.0944,0.0943,0.0942,0.0941,0.094,0.0939,0.0938,0.0948,0.0949,0.095,0.0951,0.0952,0.0953,0.0954,0.0955,0.0956,0.0957,3248,72376,58231,49868,57098,47029,27794,27795,26646,28397,9018,40267,65196,66998,29434,38349,27889,33431,26475,3130
43,0.0947,0.0946,0.0945,0.0944,0.0943,0.0942,0.0941,0.094,0.0939,0.0938,0.0948,0.0949,0.095,0.0951,0.0952,0.0953,0.0954,0.0955,0.0956,0.0957,56,72715,59025,49868,57098,47029,27794,27795,26646,28397,19852,42415,62223,69260,29434,38349,27889,33431,26475,3130
44,0.0946,0.0945,0.0944,0.0943,0.0942,0.0941,0.094,0.0939,0.0938,0.0937,0.0947,0.0948,0.0949,0.095,0.0951,0.0952,0.0953,0.0954,0.0955,0.0956,1125,75689,56503,65204,48757,40765,27795,26646,28397,26375,16745,42241,64619,57573,44152,32783,28025,27889,33431,26475
45,0.0945,0.0944,0.0943,0.0942,0.0941,0.094,0.0939,0.0938,0.0937,0.0936,0.0946,0.0947,0.0948,0.0949,0.095,0.0951,0.0952,0.0953,0.0954,0.0955,2656,73896,57706,61921,48187,40351,26646,29535,26375,26375,16756,40982,65510,35356,36312,44487,28502,30194,27889,29681
46,0.0945,0.0944,0.0943,0.0942,0.0941,0.094,0.0939,0.0938,0.0937,0.0936,0.0946,0.0947,0.0948,0.0949,0.095,0.0951,0.0952,0.0953,0.0954,0.0955,1125,62221,59728,61921,48187,40351,26646,29535,26375,26375,19468,40982,65339,59619,34800,44487,28502,30194,27889,29681
47,0.0944,0.0943,0.0942,0.0941,0.094,0.0939,0.0938,0.0937,0.0936,0.0935,0.0945,0.0946,0.0947,0.0948,0.0949,0.095,0.0951,0.0952,0.0953,0.0954,1321,54237,62484,60248,42514,39263,27331,26375,28583,26657,19664,41514,41698,56829,59619,36453,36069,28502,29961,26475
48,0.0942,0.0941,0.094,0.0939,0.0938,0.0937,0.0936,0.0935,0.0934,0.0933,0.0944,0.0945,0.0946,0.0947,0.0948,0.0949,0.095,0.0951,0.0952,0.0953,45277,46748,60786,58221,44044,38426,27798,26657,28380,1731,27076,34381,64595,62250,42419,39268,28028,27794,31932,28544
49,0.0941,0.094,0.0939,0.0938,0.0937,0.0936,0.0935,0.0934,0.0933,0.0932,0.0942,0.0943,0.0944,0.0945,0.0946,0.0947,0.0948,0.0949,0.095,0.0951,1125,55605,47839,37535,37621,29750,27799,28380,1125,26658,10425,42091,57302,42488,34837,38043,35783,28890,28028,26375
50,0.094,0.0939,0.0938,0.0937,0.0936,0.0935,0.0934,0.0933,0.0932,0.0931,0.0941,0.0942,0.0943,0.0944,0.0945,0.0946,0.0947,0.0948,0.0949,0.095,35596,52892,60143,53265,42577,40417,26167,1125,28876,26375,1125,35065,39938,61033,35068,36263,31495,33857,28890,26375
51,0.0939,0.0938,0.0937,0.0936,0.0935,0.0934,0.0933,0.0932,0.0931,0.093,0.0941,0.0942,0.0943,0.0944,0.0945,0.0946,0.0947,0.0948,0.0949,0.095,53994,59919,59797,37026,45973,26167,2552,28876,26375,1787,18623,54971,62199,63995,35068,39684,28033,33857,28890,26375
52,0.0939,0.0938,0.0937,0.0936,0.0935,0.0934,0.0933,0.0932,0.0931,0.093,0.0941,0.0942,0.0943,0.0944,0.0945,0.0946,0.0947,0.0948,0.0949,0.095,50803,58793,58265,52283,45973,29363,2552,28876,26375,1787,27399,45293,63269,69193,42925,38167,28033,27519,28890,26375
53,0.0938,0.0937,0.0936,0.0935,0.0934,0.0933,0.0932,0.0931,0.093,0.0929,0.094,0.0941,0.0942,0.0943,0.0944,0.0945,0.0946,0.0947,0.0948,0.0949,50314,60642,58592,53760,36868,2552,30305,26375,1787,26802,17387,39913,76712,34860,63221,46065,27801,28033,27519,30774
54,0.0939,0.0938,0.0937,0.0936,0.0935,0.0934,0.0933,0.0932,0.0931,0.093,0.0941,0.0942,0.0943,0.0944,0.0945,0.0946,0.0947,0.0948,0.0949,0.095,47312,41511,59855,60125,48311,31306,2552,30305,26375,1787,52583,61763,40821,35126,46155,28347,28033,27519,30228,29877
55,0.0939,0.0938,0.0937,0.0936,0.0935,0.0934,0.0933,0.0932,0.0931,0.093,0.094,0.0941,0.0942,0.0943,0.0944,0.0945,0.0946,0.0947,0.0948,0.0949,29000,44704,60158,61249,48311,31306,2552,30305,26375,1787,1672,52669,70374,40629,35126,47583,28347,28033,27519,29681
56,0.0939,0.0938,0.0937,0.0936,0.0935,0.0934,0.0933,0.0932,0.0931,0.093,0.094,0.0941,0.0942,0.0943,0.0944,0.0945,0.0946,0.0947,0.0948,0.0949,35195,44704,60158,61425,49740,31306,2552,30305,26375,1787,3774,52669,70864,40629,35126,47583,28347,28033,27519,29681
57,0.0939,0.0938,0.0937,0.0936,0.0935,0.0934,0.0933,0.0932,0.0931,0.093,0.094,0.0941,0.0942,0.0943,0.0944,0.0945,0.0946,0.0947,0.0948,0.0949,40620,40468,66372,61249,48311,29363,2552,30022,26375,44488,612,52668,55603,39860,38166,42613,28347,28033,26096,31768
58,0.0939,0.0938,0.0937,0.0936,0.0935,0.0934,0.0933,0.0932,0.0931,0.093,0.094,0.0941,0.0942,0.0943,0.0944,0.0945,0.0946,0.0947,0.0948,0.0949,1125,52715,64518,60823,48311,29363,2552,30022,26375,2071,4546,65209,47135,34860,38166,42614,28347,28033,26096,31768
59,0.0941,0.094,0.0939,0.0938,0.0937,0.0936,0.0935,0.0934,0.0933,0.0932,0.0942,0.0943,0.0944,0.0945,0.0946,0.0947,0.0948,0.0949,0.095,0.0951,1594,48989,52601,62718,54712,53379,33515,26167,2552,30022,64702,47819,43166,68248,35400,36513,27525,31768,26375,28548
60,0.0941,0.094,0.0939,0.0938,0.0937,0.0936,0.0935,0.0934,0.0933,0.0932,0.0942,0.0943,0.0944,0.0945,0.0946,0.0947,0.0948,0.0949,0.095,0.0951,1594,49086,55902,59567,40415,50313,33515,26167,2552,30022,49443,38474,40413,70999,36826,36513,27525,31768,26375,28548
61,0.094,0.0939,0.0938,0.0937,0.0936,0.0935,0.0934,0.0933,0.0932,0.0931,0.0941,0.0942,0.0943,0.0944,0.0945,0.0946,0.0947,0.0948,0.0949,0.095,4256,50478,59527,58788,48886,44168,26167,2552,30022,26375,12976,42747,34209,35126,70999,36826,28033,27525,31768,26375
62,0.0941,0.094,0.0939,0.0938,0.0937,0.0936,0.0935,0.0934,0.0933,0.0932,0.0942,0.0943,0.0944,0.0945,0.0946,0.0947,0.0948,0.0949,0.095,0.0951,2719,50660,47545,42110,43011,51953,35458,26167,2552,30022,56091,59601,38937,68271,38733,36499,27525,33946,26375,29877
63,0.094,0.0939,0.0938,0.0937,0.0936,0.0935,0.0934,0.0933,0.0932,0.0931,0.0941,0.0942,0.0943,0.0944,0.0945,0.0946,0.0947,0.0948,0.0949,0.095,1125,48973,48745,59191,43335,51689,26167,2552,30022,26375,32570,91911,34878,44019,44223,38732,28033,27525,33946,26375
64,0.0939,0.0938,0.0937,0.0936,0.0935,0.0934,0.0933,0.0932,0.0931,0.093,0.094,0.0941,0.0942,0.0943,0.0944,0.0945,0.0946,0.0947,0.0948,0.0949,3019,47333,59173,64622,48311,39230,2552,30022,26375,1463,8546,32626,56303,35625,38167,44522,28348,28033,26096,33946
65,0.0939,0.0938,0.0937,0.0936,0.0935,0.0934,0.0933,0.0932,0.0931,0.093,0.094,0.0941,0.0942,0.0943,0.0944,0.0945,0.0946,0.0947,0.0948,0.0949,3019,47333,58992,61555,51381,39230,2552,30022,26375,1463,8546,44741,42325,64104,35126,44522,28348,28033,26096,33946
66,0.0938,0.0937,0.0936,0.0935,0.0934,0.0933,0.0932,0.0931,0.093,0.0929,0.0939,0.094,0.0941,0.0942,0.0943,0.0944,0.0945,0.0946,0.0947,0.0948,1125,51193,57929,65862,39914,20748,27804,26375,3686,26375,15902,34314,65697,36924,60296,38457,27803,33741,27800,26096
67,0.0939,0.0938,0.0937,0.0936,0.0935,0.0934,0.0933,0.0932,0.0931,0.093,0.094,0.0941,0.0942,0.0943,0.0944,0.0945,0.0946,0.0947,0.0948,0.0949,1125,49274,44390,61111,48205,45476,15180,27804,26375,3402,42558,36552,58181,60296,38457,36301,33741,27800,26096,32056
68,0.094,0.0939,0.0938,0.0937,0.0936,0.0935,0.0934,0.0933,0.0932,0.0931,0.0941,0.0942,0.0943,0.0944,0.0945,0.0946,0.0947,0.0948,0.0949,0.095,1125,53154,51139,58288,43347,51381,26167,4480,27804,26375,33273,63568,66380,35084,36819,42052,27800,26096,32056,26375
69,0.0939,0.0938,0.0937,0.0936,0.0935,0.0934,0.0933,0.0932,0.0931,0.093,0.094,0.0941,0.0942,0.0943,0.0944,0.0945,0.0946,0.0947,0.0948,0.0949,49742,40631,58087,61108,48311,36835,4480,30022,26375,1179,1448,65286,67396,66378,35084,38246,33568,27800,26096,32056
70,0.0939,0.0938,0.0937,0.0936,0.0935,0.0934,0.0933,0.0932,0.0931,0.093,0.094,0.0941,0.0942,0.0943,0.0944,0.0945,0.0946,0.0947,0.0948,0.0949,1323,42151,58087,58228,51381,36835,4480,30022,26375,1179,20978,74396,44736,66378,35084,38246,33568,27800,26096,32056
71,0.0938,0.0937,0.0936,0.0935,0.0934,0.0933,0.0932,0.0931,0.093,0.0929,0.0939,0.094,0.0941,0.0942,0.0943,0.0944,0.0945,0.0946,0.0947,0.0948,2784,52624,61537,68931,42397,15185,27804,26375,3402,26375,8755,48669,34681,65286,38078,38446,27802,33568,26375,26096
72,0.0938,0.0937,0.0936,0.0935,0.0934,0.0933,0.0932,0.0931,0.093,0.0929,0.0939,0.094,0.0941,0.0942,0.0943,0.0944,0.0945,0.0946,0.0947,0.0948,1125,49420,61546,65861,46096,20730,31007,26375,3402,26375,34779,73861,40938,67551,35034,38446,27802,33568,26375,26096
73,0.0937,0.0936,0.0935,0.0934,0.0933,0.0932,0.0931,0.093,0.0929,0.0928,0.0939,0.094,0.0941,0.0942,0.0943,0.0944,0.0945,0.0946,0.0947,0.0948,47205,49477,54700,48688,29413,32971,26375,3402,26375,52522,33134,70900,40938,67551,37341,36544,27802,33195,26375,26096
74,0.0938,0.0937,0.0936,0.0935,0.0934,0.0933,0.0932,0.0931,0.093,0.0929,0.0939,0.094,0.0941,0.0942,0.0943,0.0944,0.0945,0.0946,0.0947,0.0948,1125,50160,44417,54700,36835,33920,32971,26375,3402,26375,40046,50229,40938,49860,37341,36544,27802,33195,26375,26096
75,0.0939,0.0938,0.0937,0.0936,0.0935,0.0934,0.0933,0.0932,0.0931,0.093,0.094,0.0941,0.0942,0.0943,0.0944,0.0945,0.0946,0.0947,0.0948,0.0949,891,53014,52984,58388,42963,46900,10869,30022,26375,1179,35233,30902,47781,36176,35115,32292,33195,26375,26096,32056
76,0.0939,0.0938,0.0937,0.0936,0.0935,0.0934,0.0933,0.0932,0.0931,0.093,0.094,0.0941,0.0942,0.0943,0.0944,0.0945,0.0946,0.0947,0.0948,0.0949,1125,51088,52827,58388,46033,42397,10869,30022,26375,1179,63036,28544,45323,38451,35402,32292,33195,26375,26096,32056
77,0.0939,0.0938,0.0937,0.0936,0.0935,0.0934,0.0933,0.0932,0.0931,0.093,0.094,0.0941,0.0942,0.0943,0.0944,0.0945,0.0946,0.0947,0.0948,0.0949,1125,51345,55488,57657,46033,42397,10869,30022,26375,1179,60483,51401,45323,38451,36544,32292,33195,26375,26096,32056
78,0.0939,0.0938,0.0937,0.0936,0.0935,0.0934,0.0933,0.0932,0.0931,0.093,0.094,0.0941,0.0942,0.0943,0.0944,0.0945,0.0946,0.0947,0.0948,0.0949,1125,51345,55488,55801,46033,42397,10869,30022,26375,1179,60483,53039,45323,38451,36544,32292,33195,26375,26096,32056
79,0.0939,0.0938,0.0937,0.0936,0.0935,0.0934,0.0933,0.0932,0.0931,0.093,0.094,0.0941,0.0942,0.0943,0.0944,0.0945,0.0946,0.0947,0.0948,0.0949,38525,54076,56320,38913,51589,26167,10869,30022,26375,1179,1125,62438,62397,39232,35115,38215,41684,27804,26096,32056
80,0.0939,0.0938,0.0937,0.0936,0.0935,0.0934,0.0933,0.0932,0.0931,0.093,0.0941,0.0942,0.0943,0.0944,0.0945,0.0946,0.0947,0.0948,0.0949,0.095,50526,54093,56320,54312,51589,28147,8886,30022,26375,1179,62438,62407,39236,35115,34873,43624,27804,26096,32056,26375
81,0.094,0.0939,0.0938,0.0937,0.0936,0.0935,0.0934,0.0933,0.0932,0.0931,0.0941,0.0942,0.0943,0.0944,0.0945,0.0946,0.0947,0.0948,0.0949,0.095,1125,52221,52397,56320,38913,53016,28147,8886,30022,26375,36749,61914,39216,35115,34873,43624,27804,26096,32056,26375
82,0.0939,0.0938,0.0937,0.0936,0.0935,0.0934,0.0933,0.0932,0.0931,0.093,0.0941,0.0942,0.0943,0.0944,0.0945,0.0946,0.0947,0.0948,0.0949,0.095,43507,40699,56320,62331,48519,38815,8886,30022,26375,1179,39300,58422,36172,38156,36301,43624,27804,26096,32056,26375
83,0.0938,0.0937,0.0936,0.0935,0.0934,0.0933,0.0932,0.0931,0.093,0.0929,0.0939,0.094,0.0941,0.0942,0.0943,0.0944,0.0945,0.0946,0.0947,0.0948,4431,52218,60472,58689,42397,21539,30022,26375,1179,26375,7320,52340,56824,45612,38451,38455,27803,33195,27804,26096
84,0.0939,0.0938,0.0937,0.0936,0.0935,0.0934,0.0933,0.0932,0.0931,0.093,0.094,0.0941,0.0942,0.0943,0.0944,0.0945,0.0946,0.0947,0.0948,0.0949,2902,48680,51335,53821,43241,46900,10839,30022,26375,1179,7320,56003,48565,35407,37026,36296,33195,27804,26096,32056
85,0.094,0.0939,0.0938,0.0937,0.0936,0.0935,0.0934,0.0933,0.0932,0.0931,0.0941,0.0942,0.0943,0.0944,0.0945,0.0946,0.0947,0.0948,0.0949,0.095,1125,47657,50048,48848,38912,51867,27597,10839,30022,26375,32696,41613,51289,35115,37099,41684,27804,26096,32056,26375
86,0.094,0.0939,0.0938,0.0937,0.0936,0.0935,0.0934,0.0933,0.0932,0.0931,0.0941,0.0942,0.0943,0.0944,0.0945,0.0946,0.0947,0.0948,0.0949,0.095,2634,49623,53079,48677,40349,44305,29542,8886,30022,26375,7651,86369,39417,35115,34868,43595,27804,27523,32056,26375
87,0.0939,0.0938,0.0937,0.0936,0.0935,0.0934,0.0933,0.0932,0.0931,0.093,0.0941,0.0942,0.0943,0.0944,0.0945,0.0946,0.0947,0.0948,0.0949,0.095,47922,49776,55528,55524,45948,29542,8886,30022,26375,1179,33963,86274,39233,35115,34868,43882,27804,27523,32056,26375
88,0.0939,0.0938,0.0937,0.0936,0.0935,0.0934,0.0933,0.0932,0.0931,0.093,0.094,0.0941,0.0942,0.0943,0.0944,0.0945,0.0946,0.0947,0.0948,0.0949,1125,47935,56315,55524,40392,45777,8886,30022,26375,1179,17688,51736,69073,38738,35115,38256,33195,27804,27523,32056
89,0.0939,0.0938,0.0937,0.0936,0.0935,0.0934,0.0933,0.0932,0.0931,0.093,0.094,0.0941,0.0942,0.0943,0.0944,0.0945,0.0946,0.0947,0.0948,0.0949,1125,47936,56315,55524,40392,45777,8886,30022,26375,1179,7320,42974,79404,38451,35115,38256,33195,27804,27523,32056
90,0.0939,0.0938,0.0937,0.0936,0.0935,0.0934,0.0933,0.0932,0.0931,0.093,0.094,0.0941,0.0942,0.0943,0.0944,0.0945,0.0946,0.0947,0.0948,0.0949,1125,46232,53019,60524,40392,44347,8886,30022,26375,1179,18045,31437,91094,38451,36544,38256,33195,27804,26096,32056
91,0.0938,0.0937,0.0936,0.0935,0.0934,0.0933,0.0932,0.0931,0.093,0.0929,0.094,0.0941,0.0942,0.0943,0.0944,0.0945,0.0946,0.0947,0.0948,0.0949,52268,52098,60301,58970,42402,10869,30022,26375,1179,26375,55464,31151,69056,38451,38490,36296,33195,27804,26096,32056
92,0.094,0.0939,0.0938,0.0937,0.0936,0.0935,0.0934,0.0933,0.0932,0.0931,0.0941,0.0942,0.0943,0.0944,0.0945,0.0946,0.0947,0.0948,0.0949,0.095,1125,48988,41773,56320,37282,53074,36840,10869,30022,26375,30523,62581,39415,35115,38225,41684,27804,26096,32056,26375
93,0.0941,0.094,0.0939,0.0938,0.0937,0.0936,0.0935,0.0934,0.0933,0.0932,0.0942,0.0943,0.0944,0.0945,0.0946,0.0947,0.0948,0.0949,0.095,0.0951,1125,51108,44554,53372,54021,46935,38471,28141,2556,30022,32438,50456,39130,34868,43808,36284,27523,28553,26375,36484
94,0.094,0.0939,0.0938,0.0937,0.0936,0.0935,0.0934,0.0933,0.0932,0.0931,0.0941,0.0942,0.0943,0.0944,0.0945,0.0946,0.0947,0.0948,0.0949,0.095,2818,50253,55017,66486,49419,40456,28380,2556,27804,26375,7320,75031,35059,38929,34868,44143,27804,27523,26375,26375
95,0.0939,0.0938,0.0937,0.0936,0.0935,0.0934,0.0933,0.0932,0.0931,0.093,0.0941,0.0942,0.0943,0.0944,0.0945,0.0946,0.0947,0.0948,0.0949,0.095,48561,51712,63207,54139,46012,28380,2556,27804,26375,1463,17880,75391,35915,66138,34868,44143,27804,27523,26375,26375
96,0.0939,0.0938,0.0937,0.0936,0.0935,0.0934,0.0933,0.0932,0.0931,0.093,0.0941,0.0942,0.0943,0.0944,0.0945,0.0946,0.0947,0.0948,0.0949,0.095,48561,51714,68643,60449,44585,28380,2556,27804,26375,1463,37130,72173,35628,66138,34868,44143,27804,27523,26375,26375
97,0.0939,0.0938,0.0937,0.0936,0.0935,0.0934,0.0933,0.0932,0.0931,0.093,0.0941,0.0942,0.0943,0.0944,0.0945,0.0946,0.0947,0.0948,0.0949,0.095,44833,41052,68643,60023,44585,39047,2556,27804,26375,1463,37130,58751,44272,66138,36296,44143,27804,27523,26375,26375
98,0.0939,0.0938,0.0937,0.0936,0.0935,0.0934,0.0933,0.0932,0.0931,0.093,0.094,0.0941,0.0942,0.0943,0.0944,0.0945,0.0946,0.0947,0.0948,0.0949,1321,49661,69589,60023,42610,38787,2556,30022,26375,1463,12540,32633,72588,38676,35115,38209,33741,27804,27523,26375
99,0.0939,0.0938,0.0937,0.0936,0.0935,0.0934,0.0933,0.0932,0.0931,0.093,0.094,0.0941,0.0942,0.0943,0.0944,0.0945,0.0946,0.0947,0.0948,0.0949,35961,41051,68423,57503,45680,38787,2556,30022,26375,1463,1125,55804,67142,38676,35115,38210,36290,27804,27523,26375
100,0.0938,0.0937,0.0936,0.0935,0.0934,0.0933,0.0932,0.0931,0.093,0.0929,0.0939,0.094,0.0941,0.0942,0.0943,0.0944,0.0945,0.0946,0.0947,0.0948,1125,51062,63436,65379,36834,20798,30022,26375,1463,26375,7320,42266,70364,42318,37908,38460,27804,33741,27804,26096
101,0.0938,0.0937,0.0936,0.0935,0.0934,0.0933,0.0932,0.0931,0.093,0.0929,0.0939,0.094,0.0941,0.0942,0.0943,0.0944,0.0945,0.0946,0.0947,0.0948,1125,49363,64975,62309,39907,20798,30022,26375,1463,26375,17913,33574,69321,44589,34864,38460,27804,33741,27804,26096
102,0.0938,0.0937,0.0936,0.0935,0.0934,0.0933,0.0932,0.0931,0.093,0.0929,0.0939,0.094,0.0941,0.0942,0.0943,0.0944,0.0945,0.0946,0.0947,0.0948,3634,51235,63272,62309,39907,20798,30022,26375,1179,26375,7320,33096,81629,44589,34864,38460,27804,33741,27804,26096
103,0.0938,0.0937,0.0936,0.0935,0.0934,0.0933,0.0932,0.0931,0.093,0.0929,0.0939,0.094,0.0941,0.0942,0.0943,0.0944,0.0945,0.0946,0.0947,0.0948,38474,52933,62495,62643,45469,4528,30022,26375,1179,26375,1125,48136,50160,67160,34864,38460,36297,33741,27804,26096
104,0.0938,0.0937,0.0936,0.0935,0.0934,0.0933,0.0932,0.0931,0.093,0.0929,0.0939,0.094,0.0941,0.0942,0.0943,0.0944,0.0945,0.0946,0.0947,0.0948,3828,50871,65294,65712,36834,20796,30022,26375,1179,26375,7320,43644,77148,45367,34864,38460,27804,33741,27804,26096
105,0.0939,0.0938,0.0937,0.0936,0.0935,0.0934,0.0933,0.0932,0.0931,0.093,0.094,0.0941,0.0942,0.0943,0.0944,0.0945,0.0946,0.0947,0.0948,0.0949,2630,49746,51307,58213,52140,42396,4528,30022,26375,1179,17868,69250,47513,37908,38461,36297,33741,27804,26096,32094
106,0.0939,0.0938,0.0937,0.0936,0.0935,0.0934,0.0933,0.0932,0.0931,0.093,0.094,0.0941,0.0942,0.0943,0.0944,0.0945,0.0946,0.0947,0.0948,0.0949,28074,51252,49606,58490,57696,36834,4528,30022,26375,1179,16743,47315,68798,38691,35115,38234,33741,27804,26096,32094
107,0.0939,0.0938,0.0937,0.0936,0.0935,0.0934,0.0933,0.0932,0.0931,0.093,0.0941,0.0942,0.0943,0.0944,0.0945,0.0946,0.0947,0.0948,0.0949,0.095,48678,51659,53663,54084,55363,28380,2556,27804,26375,1179,15870,83211,40550,35115,34868,44182,27804,27525,28553,26375
108,0.094,0.0939,0.0938,0.0937,0.0936,0.0935,0.0934,0.0933,0.0932,0.0931,0.0941,0.0942,0.0943,0.0944,0.0945,0.0946,0.0947,0.0948,0.0949,0.095,1125,50375,49962,53663,42477,52462,28380,2556,27804,26375,18421,79780,38678,35115,34868,44182,27804,27525,28553,26375
109,0.094,0.0939,0.0938,0.0937,0.0936,0.0935,0.0934,0.0933,0.0932,0.0931,0.0941,0.0942,0.0943,0.0944,0.0945,0.0946,0.0947,0.0948,0.0949,0.095,1125,48678,51659,53663,42477,52293,28380,2556,27804,26375,18341,82876,35921,38156,34868,44182,27804,27525,28553,26375
110,0.094,0.0939,0.0938,0.0937,0.0936,0.0935,0.0934,0.0933,0.0932,0.0931,0.0941,0.0942,0.0943,0.0944,0.0945,0.0946,0.0947,0.0948,0.0949,0.095,1125,48678,51659,53663,42477,52293,28380,2556,27804,26375,15870,83494,35634,66127,34868,44182,27804,27525,28553,26375
111,0.094,0.0939,0.0938,0.0937,0.0936,0.0935,0.0934,0.0933,0.0932,0.0931,0.0941,0.0942,0.0943,0.0944,0.0945,0.0946,0.0947,0.0948,0.0949,0.095,1125,48678,51660,53663,40625,45976,28380,2556,27804,26375,15870,83494,35634,66127,34868,44182,27804,27525,28553,26375
112,0.094,0.0939,0.0938,0.0937,0.0936,0.0935,0.0934,0.0933,0.0932,0.0931,0.0941,0.0942,0.0943,0.0944,0.0945,0.0946,0.0947,0.0948,0.0949,0.095,1125,50375,54962,48663,40796,45976,28380,2556,27804,26375,7320,83494,35634,66127,34868,44182,27804,27525,28553,26375
113,0.094,0.0939,0.0938,0.0937,0.0936,0.0935,0.0934,0.0933,0.0932,0.0931,0.0941,0.0942,0.0943,0.0944,0.0945,0.0946,0.0947,0.0948,0.0949,0.095,1125,50375,54962,54099,40625,45976,28380,2556,27804,26375,7320,83493,35634,38156,34868,44182,27804,27525,28553,26375
114,0.094,0.0939,0.0938,0.0937,0.0936,0.0935,0.0934,0.0933,0.0932,0.0931,0.0941,0.0942,0.0943,0.0944,0.0945,0.0946,0.0947,0.0948,0.0949,0.095,1125,50375,54962,54099,40625,45976,28380,2556,27804,26375,9662,83493,35634,38156,34868,44182,27804,27525,28553,26375
115,0.0942,0.0941,0.094,0.0939,0.0938,0.0937,0.0936,0.0935,0.0934,0.0933,0.0943,0.0944,0.0945,0.0946,0.0947,0.0948,0.0949,0.095,0.0951,0.0952,21,46205,47068,53228,48005,35568,42051,27803,28380,2556,16794,55863,34868,68927,28922,35996,29979,26375,32945,26539
116,0.0942,0.0941,0.094,0.0939,0.0938,0.0937,0.0936,0.0935,0.0934,0.0933,0.0943,0.0944,0.0945,0.0946,0.0947,0.0948,0.0949,0.095,0.0951,0.0952,9598,44632,54504,53912,51287,38735,28078,27803,28380,2556,1125,38789,64660,63530,35088,35977,31107,27799,28462,28710
117,0.0942,0.0941,0.094,0.0939,0.0938,0.0937,0.0936,0.0935,0.0934,0.0933,0.0943,0.0944,0.0945,0.0946,0.0947,0.0948,0.0949,0.095,0.0951,0.0952,1125,50829,49504,58912,51287,38735,28078,27803,28380,2556,9630,32392,42897,63530,35088,35977,31107,29975,28462,26539
118,0.0942,0.0941,0.094,0.0939,0.0938,0.0937,0.0936,0.0935,0.0934,0.0933,0.0943,0.0944,0.0945,0.0946,0.0947,0.0948,0.0949,0.095,0.0951,0.0952,1125,49140,56193,53912,51287,38735,28078,27803,28380,2556,31446,32392,42897,63530,35088,35977,31107,29975,28462,26539
119,0.0943,0.0942,0.0941,0.094,0.0939,0.0938,0.0937,0.0936,0.0935,0.0934,0.0944,0.0945,0.0946,0.0947,0.0948,0.0949,0.095,0.0951,0.0952,0.0953,3203,52851,58004,49759,48234,43468,29949,30286,27803,26167,16157,45637,50516,35858,34553,41494,29975,28462,26539,26375
120,0.0943,0.0942,0.0941,0.094,0.0939,0.0938,0.0937,0.0936,0.0935,0.0934,0.0944,0.0945,0.0946,0.0947,0.0948,0.0949,0.095,0.0951,0.0952,0.0953,34648,45939,53908,52324,51292,40407,29949,30286,27803,26167,1271,46750,60756,40858,34553,39565,29751,29885,26539,28544
121,0.0943,0.0942,0.0941,0.094,0.0939,0.0938,0.0937,0.0936,0.0935,0.0934,0.0944,0.0945,0.0946,0.0947,0.0948,0.0949,0.095,0.0951,0.0952,0.0953,34648,45938,53908,52799,52886,40407,29949,30009,27803,26167,1271,42525,44956,36056,34553,39738,29751,27798,26539,28544
122,0.0944,0.0943,0.0942,0.0941,0.094,0.0939,0.0938,0.0937,0.0936,0.0935,0.0945,0.0946,0.0947,0.0948,0.0949,0.095,0.0951,0.0952,0.0953,0.0954,35951,42600,55050,54369,42540,43304,29746,28102,30009,27803,1125,56789,42174,35325,38675,38199,27798,27960,26375,32091
123,0.0944,0.0943,0.0942,0.0941,0.094,0.0939,0.0938,0.0937,0.0936,0.0935,0.0945,0.0946,0.0947,0.0948,0.0949,0.095,0.0951,0.0952,0.0953,0.0954,34272,44277,55050,61808,45984,42175,27798,28102,30009,27803,1125,35738,37250,43355,35369,38196,27798,31266,26375,32091
124,0.0944,0.0943,0.0942,0.0941,0.094,0.0939,0.0938,0.0937,0.0936,0.0935,0.0945,0.0946,0.0947,0.0948,0.0949,0.095,0.0951,0.0952,0.0953,0.0954,35951,42599,55050,56287,51511,42175,27798,28102,30009,27803,1125,38083,36964,43355,35369,38196,27798,31266,26375,32091
125,0.0944,0.0943,0.0942,0.0941,0.094,0.0939,0.0938,0.0937,0.0936,0.0935,0.0945,0.0946,0.0947,0.0948,0.0949,0.095,0.0951,0.0952,0.0953,0.0954,34272,44277,55050,56287,51595,42175,27798,28102,30009,27803,1125,37915,36963,43355,35369,36775,27798,31266,26375,32091
126,0.0945,0.0944,0.0943,0.0942,0.0941,0.094,0.0939,0.0938,0.0937,0.0936,0.0946,0.0947,0.0948,0.0949,0.095,0.0951,0.0952,0.0953,0.0954,0.0955,32765,43230,46824,50050,53611,43911,36012,34412,28102,30009,1125,46072,51262,36148,34823,38201,31266,27795,28562,3559
127,0.0946,0.0945,0.0944,0.0943,0.0942,0.0941,0.094,0.0939,0.0938,0.0937,0.0947,0.0948,0.0949,0.095,0.0951,0.0952,0.0953,0.0954,0.0955,0.0956,32765,42018,46632,43178,42500,52563,31624,36284,27798,28102,1125,52185,45490,35836,34801,35786,27795,28562,1395,30037
128,0.0947,0.0946,0.0945,0.0944,0.0943,0.0942,0.0941,0.094,0.0939,0.0938,0.0948,0.0949,0.095,0.0951,0.0952,0.0953,0.0954,0.0955,0.0956,0.0957,32764,41545,52813,54423,44008,40356,27795,29637,36284,27798,846,57737,36922,37094,38439,38152,26475,2543,26475,31213
129,0.0947,0.0946,0.0945,0.0944,0.0943,0.0942,0.0941,0.094,0.0939,0.0938,0.0948,0.0949,0.095,0.0951,0.0952,0.0953,0.0954,0.0955,0.0956,0.0957,31523,40464,46191,54423,44008,42194,27795,27795,36284,27798,17299,44889,36921,37086,38439,38146,26475,2543,26475,31213
130,0.0947,0.0946,0.0945,0.0944,0.0943,0.0942,0.0941,0.094,0.0939,0.0938,0.0948,0.0949,0.095,0.0951,0.0952,0.0953,0.0954,0.0955,0.0956,0.0957,32849,40268,53595,54423,44008,42194,27795,27795,36284,27798,11299,52121,36923,35584,39948,38161,26475,4707,26475,29053
131,0.0946,0.0945,0.0944,0.0943,0.0942,0.0941,0.094,0.0939,0.0938,0.0937,0.0947,0.0948,0.0949,0.095,0.0951,0.0952,0.0953,0.0954,0.0955,0.0956,32768,41223,61063,49147,45830,40384,27795,29997,27798,28102,1125,60676,42049,37360,34801,39856,29735,26475,4707,26475
132,0.0946,0.0945,0.0944,0.0943,0.0942,0.0941,0.094,0.0939,0.0938,0.0937,0.0947,0.0948,0.0949,0.095,0.0951,0.0952,0.0953,0.0954,0.0955,0.0956,7516,41224,61063,50986,43992,40384,27795,29997,27798,28102,2981,59652,42050,37347,34801,39856,29735,26475,4707,26475
133,0.0946,0.0945,0.0944,0.0943,0.0942,0.0941,0.094,0.0939,0.0938,0.0937,0.0947,0.0948,0.0949,0.095,0.0951,0.0952,0.0953,0.0954,0.0955,0.0956,7320,45265,55406,50986,49665,40384,27795,29997,27798,28102,3990,54880,40376,37347,34801,39856,29735,26475,4707,26475
134,0.0946,0.0945,0.0944,0.0943,0.0942,0.0941,0.094,0.0939,0.0938,0.0937,0.0947,0.0948,0.0949,0.095,0.0951,0.0952,0.0953,0.0954,0.0955,0.0956,7518,46439,55406,50986,49665,40384,27795,29997,27798,28102,1463,42821,58902,37347,34801,39856,29735,26475,4707,26475
135,0.0946,0.0945,0.0944,0.0943,0.0942,0.0941,0.094,0.0939,0.0938,0.0937,0.0947,0.0948,0.0949,0.095,0.0951,0.0952,0.0953,0.0954,0.0955,0.0956,7514,45241,55408,50986,49665,40384,27795,29997,27798,28102,3301,42821,58907,37345,34801,41790,27795,26475,4707,26475
136,0.0947,0.0946,0.0945,0.0944,0.0943,0.0942,0.0941,0.094,0.0939,0.0938,0.0948,0.0949,0.095,0.0951,0.0952,0.0953,0.0954,0.0955,0.0956,0.0957,7320,41167,50043,48759,44322,45568,29777,27795,29997,27798,2502,56195,43238,35581,38439,38181,26475,4707,26475,29053
137,0.0947,0.0946,0.0945,0.0944,0.0943,0.0942,0.0941,0.094,0.0939,0.0938,0.0948,0.0949,0.095,0.0951,0.0952,0.0953,0.0954,0.0955,0.0956,0.0957,32769,41751,49251,48927,45846,44043,29777,27795,29997,27798,846,57497,36920,37092,38439,38181,26475,4707,26475,29053
138,0.0945,0.0944,0.0943,0.0942,0.0941,0.094,0.0939,0.0938,0.0937,0.0936,0.0946,0.0947,0.0948,0.0949,0.095,0.0951,0.0952,0.0953,0.0954,0.0955,7320,43213,59699,54421,42496,40362,29997,27798,28102,26375,1125,59458,40514,35179,35056,37730,33401,27795,26475,4707
139,0.0945,0.0944,0.0943,0.0942,0.0941,0.094,0.0939,0.0938,0.0937,0.0936,0.0947,0.0948,0.0949,0.095,0.0951,0.0952,0.0953,0.0954,0.0955,0.0956,19864,41459,55491,52696,42465,15112,26238,2548,28750,1125,80633,17673,34581,33498,15123,29704,2545,24917,26235,28511
140,0.0945,0.0944,0.0943,0.0942,0.0941,0.094,0.0939,0.0938,0.0937,0.0936,0.0946,0.0947,0.0948,0.0949,0.095,0.0951,0.0952,0.0953,0.0954,0.0955,34447,41656,55479,53743,42465,15112,26238,2548,28750,1125,1125,54371,35213,36095,33498,12951,29704,4714,24917,26235
141,0.0945,0.0944,0.0943,0.0942,0.0941,0.094,0.0939,0.0938,0.0937,0.0936,0.0946,0.0947,0.0948,0.0949,0.095,0.0951,0.0952,0.0953,0.0954,0.0955,34645,43105,53853,59258,36944,15112,26238,2548,28750,1125,1125,39184,35273,34572,33714,14931,29704,4714,24917,26235
142,0.0945,0.0944,0.0943,0.0942,0.0941,0.094,0.0939,0.0938,0.0937,0.0936,0.0946,0.0947,0.0948,0.0949,0.095,0.0951,0.0952,0.0953,0.0954,0.0955,34331,42312,54626,59258,42357,15112,26238,2548,28750,1125,1125,39184,34637,34786,33498,14436,29704,4714,24917,26235
143,0.0945,0.0944,0.0943,0.0942,0.0941,0.094,0.0939,0.0938,0.0937,0.0936,0.0946,0.0947,0.0948,0.0949,0.095,0.0951,0.0952,0.0953,0.0954,0.0955,7158,41653,57007,53743,46351,15112,26238,2548,28750,1125,1125,45263,33766,33794,35010,12952,29704,4714,24917,26235
144,0.0944,0.0943,0.0942,0.0941,0.094,0.0939,0.0938,0.0937,0.0936,0.0935,0.0945,0.0946,0.0947,0.0948,0.0949,0.095,0.0951,0.0952,0.0953,0.0954,39000,50484,60268,45341,20639,26238,2548,28750,1125,24817,1125,51070,38877,15073,35307,33498,12952,29704,4714,24917
145,0.0945,0.0944,0.0943,0.0942,0.0941,0.094,0.0939,0.0938,0.0937,0.0936,0.0946,0.0947,0.0948,0.0949,0.095,0.0951,0.0952,0.0953,0.0954,0.0955,11779,41139,55484,55268,46351,15112,26238,2548,28750,1125,1125,54429,46983,35307,33498,12952,29704,4714,24917,26235
146,0.0945,0.0944,0.0943,0.0942,0.0941,0.094,0.0939,0.0938,0.0937,0.0936,0.0946,0.0947,0.0948,0.0949,0.095,0.0951,0.0952,0.0953,0.0954,0.0955,12199,41138,57007,53743,46351,15112,32525,2548,28750,1125,1125,51579,46964,33794,35010,12952,29704,4714,24917,26235
147,0.0945,0.0944,0.0943,0.0942,0.0941,0.094,0.0939,0.0938,0.0937,0.0936,0.0946,0.0947,0.0948,0.0949,0.095,0.0951,0.0952,0.0953,0.0954,0.0955,6529,41141,57007,53743,46351,15112,32525,2548,28750,1125,1125,58131,40439,33794,35010,12952,29704,4714,24917,26235
148,0.0944,0.0943,0.0942,0.0941,0.094,0.0939,0.0938,0.0937,0.0936,0.0935,0.0945,0.0946,0.0947,0.0948,0.0949,0.095,0.0951,0.0952,0.0953,0.0954,34551,43087,58743,45707,20902,43136,2548,28750,1125,24817,1125,68217,41069,33762,33794,35010,12952,29704,4714,24917
149,0.0944,0.0943,0.0942,0.0941,0.094,0.0939,0.0938,0.0937,0.0936,0.0935,0.0945,0.0946,0.0947,0.0948,0.0949,0.095,0.0951,0.0952,0.0953,0.0954,34551,41566,60268,45707,20902,43290,2548,28750,1125,24817,1125,57520,51543,33762,35307,33498,12952,29704,4714,24917
150,0.0944,0.0943,0.0942,0.0941,0.094,0.0939,0.0938,0.0937,0.0936,0.0935,0.0945,0.0946,0.0947,0.0948,0.0949,0.095,0.0951,0.0952,0.0953,0.0954,6362,44162,61048,53518,42370,51683,2548,28750,1125,24817,1125,54666,60579,32978,35307,33498,4526,29704,4714,24917
151,0.0944,0.0943,0.0942,0.0941,0.094,0.0939,0.0938,0.0937,0.0936,0.0935,0.0945,0.0946,0.0947,0.0948,0.0949,0.095,0.0951,0.0952,0.0953,0.0954,10579,43968,59523,53518,45425,51683,2548,28750,1125,24817,1125,54224,56482,33772,33794,35477,2545,29704,4714,24917
152,0.0945,0.0944,0.0943,0.0942,0.0941,0.094,0.0939,0.0938,0.0937,0.0936,0.0946,0.0947,0.0948,0.0949,0.095,0.0951,0.0952,0.0953,0.0954,0.0955,8971,42664,48081,53743,46351,39898,41072,2548,28750,1125,1125,55975,45527,33794,33498,12934,29704,4714,24917,26235
153,0.0945,0.0944,0.0943,0.0942,0.0941,0.094,0.0939,0.0938,0.0937,0.0936,0.0946,0.0947,0.0948,0.0949,0.095,0.0951,0.0952,0.0953,0.0954,0.0955,7846,42664,48081,53743,47878,36843,41072,2548,28750,1125,1125,57081,40287,33794,33498,12934,29704,4714,24917,26235
154,0.0945,0.0944,0.0943,0.0942,0.0941,0.094,0.0939,0.0938,0.0937,0.0936,0.0946,0.0947,0.0948,0.0949,0.095,0.0951,0.0952,0.0953,0.0954,0.0955,7846,42663,48081,53743,47878,36843,41072,2548,28750,1125,1125,57076,40287,33794,33498,12934,29704,4714,24917,26235
155,0.0941,0.094,0.0939,0.0938,0.0937,0.0936,0.0935,0.0934,0.0933,0.0932,0.0942,0.0943,0.0944,0.0945,0.0946,0.0947,0.0948,0.0949,0.095,0.0951,29152,45421,38850,38508,19808,32757,4475,23523,21518,43736,5070,23241,41445,5429,27319,34990,24174,3091,21751,22938
156,0.0941,0.094,0.0939,0.0938,0.0937,0.0936,0.0935,0.0934,0.0933,0.0932,0.0942,0.0943,0.0944,0.0945,0.0946,0.0947,0.0948,0.0949,0.095,0.0951,7232,41321,64667,49672,34764,32757,4981,23523,21518,1408,6022,45326,45223,3783,27319,35109,22659,3091,21518,22938
157,0.0941,0.094,0.0939,0.0938,0.0937,0.0936,0.0935,0.0934,0.0933,0.0932,0.0942,0.0943,0.0944,0.0945,0.0946,0.0947,0.0948,0.0949,0.095,0.0951,29898,41319,64864,44732,40394,32757,4475,23523,21518,1408,2578,43347,40314,20963,25573,33593,22659,3091,23605,22938
158,0.0942,0.0941,0.094,0.0939,0.0938,0.0937,0.0936,0.0935,0.0934,0.0933,0.0943,0.0944,0.0945,0.0946,0.0947,0.0948,0.0949,0.095,0.0951,0.0952,6195,36785,44629,62651,38976,35193,29566,4475,23523,21518,3784,43487,33294,41529,33689,32173,3091,23605,22938,24988
159,0.0941,0.094,0.0939,0.0938,0.0937,0.0936,0.0935,0.0934,0.0933,0.0932,0.0942,0.0943,0.0944,0.0945,0.0946,0.0947,0.0948,0.0949,0.095,0.0951,29507,41318,65268,45898,38000,41159,4475,23523,21518,1408,1320,44267,49094,24176,24055,33689,22659,3091,23605,22938
160,0.0941,0.094,0.0939,0.0938,0.0937,0.0936,0.0935,0.0934,0.0933,0.0932,0.0942,0.0943,0.0944,0.0945,0.0946,0.0947,0.0948,0.0949,0.095,0.0951,23312,43167,66793,44233,38877,40217,4475,23523,21518,1408,1322,61816,31019,24176,24055,33689,22659,3091,25031,21518
161,0.0941,0.094,0.0939,0.0938,0.0937,0.0936,0.0935,0.0934,0.0933,0.0932,0.0942,0.0943,0.0944,0.0945,0.0946,0.0947,0.0948,0.0949,0.095,0.0951,29507,43167,60506,50527,38000,41475,4475,23523,21518,1408,1322,61187,31920,24176,24055,33689,22659,3091,25031,21518
162,0.0941,0.094,0.0939,0.0938,0.0937,0.0936,0.0935,0.0934,0.0933,0.0932,0.0942,0.0943,0.0944,0.0945,0.0946,0.0947,0.0948,0.0949,0.095,0.0951,29507,43167,58977,56066,34834,40217,4475,23523,21518,1408,1322,50613,31920,24176,25573,32173,22659,3091,25031,21518
163,0.094,0.0939,0.0938,0.0937,0.0936,0.0935,0.0934,0.0933,0.0932,0.0931,0.0941,0.0942,0.0943,0.0944,0.0945,0.0946,0.0947,0.0948,0.0949,0.095,30582,36947,59527,49496,50050,15132,24949,21518,1408,21518,1322,53566,46876,24379,24176,28934,23177,22659,3091,23605
164,0.094,0.0939,0.0938,0.0937,0.0936,0.0935,0.0934,0.0933,0.0932,0.0931,0.0941,0.0942,0.0943,0.0944,0.0945,0.0946,0.0947,0.0948,0.0949,0.095,8444,36952,59527,47374,51584,13202,26920,21518,1408,21518,3258,55568,45185,24379,24176,29107,23177,22659,6224,23605
165,0.0939,0.0938,0.0937,0.0936,0.0935,0.0934,0.0933,0.0932,0.0931,0.093,0.094,0.0941,0.0942,0.0943,0.0944,0.0945,0.0946,0.0947,0.0948,0.0949,31640,50614,50935,50074,20293,35375,21518,3626,21518,21572,1318,44616,53141,35002,24379,27654,23117,23177,22659,6224
166,0.094,0.0939,0.0938,0.0937,0.0936,0.0935,0.0934,0.0933,0.0932,0.0931,0.0941,0.0942,0.0943,0.0944,0.0945,0.0946,0.0947,0.0948,0.0949,0.095,6195,41575,53933,47369,50050,14737,24707,21518,3343,21518,3259,43800,53997,24379,27654,31969,23177,22659,5851,23605
167,0.0937,0.0936,0.0935,0.0934,0.0933,0.0932,0.0931,0.093,0.0929,0.0928,0.0938,0.0939,0.094,0.0941,0.0942,0.0943,0.0944,0.0945,0.0946,0.0947,28016,47382,53658,46718,50135,15188,22950,23795,22411,73343,1141,44338,54074,35022,30233,33677,22947,23063,25007,21751
168,0.0936,0.0935,0.0934,0.0933,0.0932,0.0931,0.093,0.0929,0.0928,0.0927,0.0937,0.0938,0.0939,0.094,0.0941,0.0942,0.0943,0.0944,0.0945,0.0946,27713,50024,51812,50136,17389,28868,23004,21802,76180,21675,1322,42977,54002,35029,30022,33619,23227,24700,23063,22064
169,0.0937,0.0936,0.0935,0.0934,0.0933,0.0932,0.0931,0.093,0.0929,0.0928,0.0939,0.094,0.0941,0.0942,0.0943,0.0944,0.0945,0.0946,0.0947,0.0948,41388,33158,60797,46697,50135,14786,24899,23004,21802,76180,44174,33376,53810,51847,33417,23180,23063,25197,23701,21239
170,0.0936,0.0935,0.0934,0.0933,0.0932,0.0931,0.093,0.0929,0.0928,0.0927,0.0938,0.0939,0.094,0.0941,0.0942,0.0943,0.0944,0.0945,0.0946,0.0947,44070,55991,52389,51349,19899,24899,23004,21802,75752,21675,40942,31895,54942,30022,32187,33417,23180,23063,25197,23701
171,0.0936,0.0935,0.0934,0.0933,0.0932,0.0931,0.093,0.0929,0.0928,0.0927,0.0938,0.0939,0.094,0.0941,0.0942,0.0943,0.0944,0.0945,0.0946,0.0947,45112,59233,50080,50463,17389,24899,23004,21802,75752,21675,43714,40628,43145,30309,32187,33417,23180,23063,25197,23701
172,0.0935,0.0934,0.0933,0.0932,0.0931,0.093,0.0929,0.0928,0.0927,0.0926,0.0937,0.0938,0.0939,0.094,0.0941,0.0942,0.0943,0.0944,0.0945,0.0946,27984,52591,49571,52055,51640,24941,22950,75490,21675,21803,43906,45914,35264,30306,33401,31445,23496,23180,21636,24824
173,0.0936,0.0935,0.0934,0.0933,0.0932,0.0931,0.093,0.0929,0.0928,0.0927,0.0937,0.0938,0.0939,0.094,0.0941,0.0942,0.0943,0.0944,0.0945,0.0946,11923,46089,52137,44571,47601,46060,24941,22950,75490,21675,1319,33083,56950,30306,31967,31445,25017,23180,21636,24824
174,0.0937,0.0936,0.0935,0.0934,0.0933,0.0932,0.0931,0.093,0.0929,0.0928,0.0938,0.0939,0.094,0.0941,0.0942,0.0943,0.0944,0.0945,0.0946,0.0947,4209,44110,57063,44283,37765,42090,35336,24941,22950,75490,29658,45358,36151,42999,31942,33533,23180,21636,24824,27249
175,0.0938,0.0937,0.0936,0.0935,0.0934,0.0933,0.0932,0.0931,0.093,0.0929,0.094,0.0941,0.0942,0.0943,0.0944,0.0945,0.0946,0.0947,0.0948,0.0949,26391,51531,38998,44089,50499,28866,24911,25170,23004,22950,65249,36338,35012,32820,31677,31566,26254,23701,21239,4713
176,0.0938,0.0937,0.0936,0.0935,0.0934,0.0933,0.0932,0.0931,0.093,0.0929,0.0939,0.094,0.0941,0.0942,0.0943,0.0944,0.0945,0.0946,0.0947,0.0948,13589,49133,44065,45439,50499,28665,24911,25170,23004,22950,1125,77278,29839,30012,32533,31677,33085,26254,21518,21239
177,0.0938,0.0937,0.0936,0.0935,0.0934,0.0933,0.0932,0.0931,0.093,0.0929,0.0939,0.094,0.0941,0.0942,0.0943,0.0944,0.0945,0.0946,0.0947,0.0948,1759,47859,43870,44754,50499,31867,22950,25170,23004,22950,21518,50926,36937,30012,30580,31677,24587,26254,21518,21239
178,0.0938,0.0937,0.0936,0.0935,0.0934,0.0933,0.0932,0.0931,0.093,0.0929,0.0939,0.094,0.0941,0.0942,0.0943,0.0944,0.0945,0.0946,0.0947,0.0948,634,46328,43870,43867,46474,37435,22950,25170,23004,22950,39438,34932,37224,45359,30580,33197,23068,26254,21518,21239
179,0.0938,0.0937,0.0936,0.0935,0.0934,0.0933,0.0932,0.0931,0.093,0.0929,0.0939,0.094,0.0941,0.0942,0.0943,0.0944,0.0945,0.0946,0.0947,0.0948,1759,46327,43870,44187,52036,31867,22950,25170,23004,22950,27713,26370,58924,30012,32102,31677,23068,26254,21518,21239
180,0.0937,0.0936,0.0935,0.0934,0.0933,0.0932,0.0931,0.093,0.0929,0.0928,0.0939,0.094,0.0941,0.0942,0.0943,0.0944,0.0945,0.0946,0.0947,0.0948,21551,36664,53468,56564,36003,22950,22950,23004,25175,73547,36550,48916,36090,30012,32010,33197,23068,26254,21518,21239
181,0.0937,0.0936,0.0935,0.0934,0.0933,0.0932,0.0931,0.093,0.0929,0.0928,0.0938,0.0939,0.094,0.0941,0.0942,0.0943,0.0944,0.0945,0.0946,0.0947,13617,36665,53985,58388,36003,22950,22950,23004,25175,72937,1125,30269,45091,36090,30012,32010,33197,23068,26254,21518
182,0.0937,0.0936,0.0935,0.0934,0.0933,0.0932,0.0931,0.093,0.0929,0.0928,0.0938,0.0939,0.094,0.0941,0.0942,0.0943,0.0944,0.0945,0.0946,0.0947,15322,39065,49871,58388,37541,22950,24899,23004,25175,72937,1125,30464,51076,31090,30012,35481,31677,23068,26254,21518
183,0.0937,0.0936,0.0935,0.0934,0.0933,0.0932,0.0931,0.093,0.0929,0.0928,0.0938,0.0939,0.094,0.0941,0.0942,0.0943,0.0944,0.0945,0.0946,0.0947,13529,35106,57933,60227,37541,22950,24899,23004,25175,72937,1019,30653,47622,31090,30012,35481,31677,23068,26254,21518
184,0.0938,0.0937,0.0936,0.0935,0.0934,0.0933,0.0932,0.0931,0.093,0.0929,0.0939,0.094,0.0941,0.0942,0.0943,0.0944,0.0945,0.0946,0.0947,0.0948,1125,29597,74222,82453,63950,31973,33638,24899,23004,25175,38656,39375,31090,30012,35481,31687,23068,26254,21518,24813
185,0.0938,0.0937,0.0936,0.0935,0.0934,0.0933,0.0932,0.0931,0.093,0.0929,0.0939,0.094,0.0941,0.0942,0.0943,0.0944,0.0945,0.0946,0.0947,0.0948,9047,45553,93641,81053,44937,33405,22950,27119,23004,22950,1125,49774,38632,30012,34051,31687,23068,26254,21518,24813
186,0.0938,0.0937,0.0936,0.0935,0.0934,0.0933,0.0932,0.0931,0.093,0.0929,0.0939,0.094,0.0941,0.0942,0.0943,0.0944,0.0945,0.0946,0.0947,0.0948,13189,37636,71785,106644,50499,31867,24932,25170,23004,22950,1125,80032,39409,30012,32529,33207,23068,26254,21518,24813
187,0.0938,0.0937,0.0936,0.0935,0.0934,0.0933,0.0932,0.0931,0.093,0.0929,0.0939,0.094,0.0941,0.0942,0.0943,0.0944,0.0945,0.0946,0.0947,0.0948,13189,40828,71788,104506,50499,31867,24932,25170,23004,22950,1125,71127,39409,30012,32529,33207,23068,26254,21518,24813
188,0.0938,0.0937,0.0936,0.0935,0.0934,0.0933,0.0932,0.0931,0.093,0.0929,0.0939,0.094,0.0941,0.0942,0.0943,0.0944,0.0945,0.0946,0.0947,0.0948,9991,43834,71201,109810,44937,31867,24932,25170,23004,22950,1321,64170,38634,30012,32529,34743,23068,26254,21518,24813
189,0.0939,0.0938,0.0937,0.0936,0.0935,0.0934,0.0933,0.0932,0.0931,0.093,0.094,0.0941,0.0942,0.0943,0.0944,0.0945,0.0946,0.0947,0.0948,0.0949,4185,43997,54803,74466,91178,46367,25165,24932,22950,23004,1600,50819,37561,30580,35366,34606,26254,22947,24813,3303
190,0.0939,0.0938,0.0937,0.0936,0.0935,0.0934,0.0933,0.0932,0.0931,0.093,0.094,0.0941,0.0942,0.0943,0.0944,0.0945,0.0946,0.0947,0.0948,0.0949,1125,47511,56335,71879,98143,40047,25165,24932,22950,23004,4573,49923,37562,32166,35435,35619,26254,22947,24813,3303
191,0.0938,0.0937,0.0936,0.0935,0.0934,0.0933,0.0932,0.0931,0.093,0.0929,0.094,0.0941,0.0942,0.0943,0.0944,0.0945,0.0946,0.0947,0.0948,0.0949,50404,78391,97609,83909,40047,25165,24932,22950,23004,22950,42536,35951,35299,47616,34009,34147,26254,22947,24813,3303
192,0.0939,0.0938,0.0937,0.0936,0.0935,0.0934,0.0933,0.0932,0.0931,0.093,0.094,0.0941,0.0942,0.0943,0.0944,0.0945,0.0946,0.0947,0.0948,0.0949,15476,56009,62515,98229,65551,40047,27095,22950,22950,23004,277,30777,58729,30580,32226,34575,26254,22947,21239,3303
193,0.0939,0.0938,0.0937,0.0936,0.0935,0.0934,0.0933,0.0932,0.0931,0.093,0.094,0.0941,0.0942,0.0943,0.0944,0.0945,0.0946,0.0947,0.0948,0.0949,13157,53798,66467,96079,66980,40047,27095,22950,22950,23004,1125,39703,48564,32030,33449,38051,35977,22947,21239,3303
194,0.0938,0.0937,0.0936,0.0935,0.0934,0.0933,0.0932,0.0931,0.093,0.0929,0.0939,0.094,0.0941,0.0942,0.0943,0.0944,0.0945,0.0946,0.0947,0.0948,10341,67144,90264,62586,38617,37774,22950,22950,23004,21802,1125,45304,40334,36079,32282,35259,34144,26427,22947,21239
195,0.0938,0.0937,0.0936,0.0935,0.0934,0.0933,0.0932,0.0931,0.093,0.0929,0.0939,0.094,0.0941,0.0942,0.0943,0.0944,0.0945,0.0946,0.0947,0.0948,10341,58972,86661,64246,40047,30295,22950,22950,23004,21802,1125,45082,38584,31079,32577,35349,32625,26427,22947,21239
196,0.0939,0.0938,0.0937,0.0936,0.0935,0.0934,0.0933,0.0932,0.0931,0.093,0.094,0.0941,0.0942,0.0943,0.0944,0.0945,0.0946,0.0947,0.0948,0.0949,1125,58143,104070,87513,49783,40047,27095,22950,22950,23004,31600,48291,44365,30407,33763,32625,26427,22947,21239,3303
197,0.0939,0.0938,0.0937,0.0936,0.0935,0.0934,0.0933,0.0932,0.0931,0.093,0.094,0.0941,0.0942,0.0943,0.0944,0.0945,0.0946,0.0947,0.0948,0.0949,13066,61105,92951,85751,44227,40047,27095,22950,22950,23004,425,39788,61028,30407,33763,35448,26427,25034,21239,3303
198,0.0939,0.0938,0.0937,0.0936,0.0935,0.0934,0.0933,0.0932,0.0931,0.093,0.094,0.0941,0.0942,0.0943,0.0944,0.0945,0.0946,0.0947,0.0948,0.0949,9871,71086,92947,85751,44227,40047,27095,22950,22950,23004,1550,50637,47209,30407,35278,35448,26427,25034,21239,3303
199,0.0939,0.0938,0.0937,0.0936,0.0935,0.0934,0.0933,0.0932,0.0931,0.093,0.094,0.0941,0.0942,0.0943,0.0944,0.0945,0.0946,0.0947,0.0948,0.0949,13066,59643,101165,85750,44227,40047,27095,22950,22950,23004,1550,50480,39401,33118,35278,35241,26427,25034,21239,3303
200,0.0939,0.0938,0.0937,0.0936,0.0935,0.0934,0.0933,0.0932,0.0931,0.093,0.094,0.0941,0.0942,0.0943,0.0944,0.0945,0.0946,0.0947,0.0948,0.0949,1125,57584,95572,103402,49783,40047,27095,22950,22950,23004,24967,59488,36930,30407,35278,32625,26427,25034,21239,3303
201,0.0939,0.0938,0.0937,0.0936,0.0935,0.0934,0.0933,0.0932,0.0931,0.093,0.094,0.0941,0.0942,0.0943,0.0944,0.0945,0.0946,0.0947,0.0948,0.0949,9168,51388,117404,84872,44227,40047,27095,22950,22950,23004,1125,59766,37710,32923,35278,34677,26427,25034,21239,3303
202,0.0939,0.0938,0.0937,0.0936,0.0935,0.0934,0.0933,0.0932,0.0931,0.093,0.094,0.0941,0.0942,0.0943,0.0944,0.0945,0.0946,0.0947,0.0948,0.0949,12363,66056,101157,82555,44227,40047,27095,22950,22950,23004,1550,50207,46376,30407,36963,34677,26427,25034,21239,3303
203,0.094,0.0939,0.0938,0.0937,0.0936,0.0935,0.0934,0.0933,0.0932,0.0931,0.0941,0.0942,0.0943,0.0944,0.0945,0.0946,0.0947,0.0948,0.0949,0.095,38801,54754,59917,109272,55399,39908,31361,25165,22950,22950,1125,40340,45525,31763,34391,36039,36553,21239,3303,25062
204,0.094,0.0939,0.0938,0.0937,0.0936,0.0935,0.0934,0.0933,0.0932,0.0931,0.0941,0.0942,0.0943,0.0944,0.0945,0.0946,0.0947,0.0948,0.0949,0.095,29569,62320,68209,101373,34098,34384,29379,25165,22950,22950,1125,39966,24839,32184,34337,36543,34575,21239,8035,21518
205,0.094,0.0939,0.0938,0.0937,0.0936,0.0935,0.0934,0.0933,0.0932,0.0931,0.0941,0.0942,0.0943,0.0944,0.0945,0.0946,0.0947,0.0948,0.0949,0.095,9176,51631,84976,95937,34098,34385,29379,25165,22950,22950,1125,36006,28036,33439,34337,36544,34575,21239,8035,21518
206,0.094,0.0939,0.0938,0.0937,0.0936,0.0935,0.0934,0.0933,0.0932,0.0931,0.0941,0.0942,0.0943,0.0944,0.0945,0.0946,0.0947,0.0948,0.0949,0.095,12367,51758,67904,64033,34098,41848,29379,25165,22950,22950,1125,41970,26339,33439,34337,36877,34575,21239,8035,21518
207,0.094,0.0939,0.0938,0.0937,0.0936,0.0935,0.0934,0.0933,0.0932,0.0931,0.0941,0.0942,0.0943,0.0944,0.0945,0.0946,0.0947,0.0948,0.0949,0.095,1125,50181,73740,63411,38798,39912,31317,25165,22950,22950,30014,59735,31070,46187,32710,34972,25034,21239,8035,21518
208,0.0939,0.0938,0.0937,0.0936,0.0935,0.0934,0.0933,0.0932,0.0931,0.093,0.094,0.0941,0.0942,0.0943,0.0944,0.0945,0.0946,0.0947,0.0948,0.0949,32754,72840,69123,50285,38483,31317,25165,22950,22950,21855,1125,33087,59698,31070,30243,36093,33036,25034,21239,5857
209,0.0939,0.0938,0.0937,0.0936,0.0935,0.0934,0.0933,0.0932,0.0931,0.093,0.094,0.0941,0.0942,0.0943,0.0944,0.0945,0.0946,0.0947,0.0948,0.0949,32754,68098,70657,50285,38483,31317,25165,22950,22950,21855,1125,33087,56569,31070,31763,34574,33036,25034,21239,5857
210,0.0939,0.0938,0.0937,0.0936,0.0935,0.0934,0.0933,0.0932,0.0931,0.093,0.094,0.0941,0.0942,0.0943,0.0944,0.0945,0.0946,0.0947,0.0948,0.0949,12361,57001,70657,44734,44039,41984,25165,22950,22950,21855,1125,33087,56127,31070,31763,34574,33036,25034,21239,5857
211,0.094,0.0939,0.0938,0.0937,0.0936,0.0935,0.0934,0.0933,0.0932,0.0931,0.0941,0.0942,0.0943,0.0944,0.0945,0.0946,0.0947,0.0948,0.0949,0.095,1125,46697,60518,66510,37946,39912,41984,25165,22950,22950,32883,56341,31070,46674,33147,33036,25034,21239,5857,21518
212,0.094,0.0939,0.0938,0.0937,0.0936,0.0935,0.0934,0.0933,0.0932,0.0931,0.0941,0.0942,0.0943,0.0944,0.0945,0.0946,0.0947,0.0948,0.0949,0.095,29471,58447,60994,58489,44027,33603,31317,25165,22950,22950,1125,56658,41470,30243,34666,33036,25034,21239,5857,21518
213,0.094,0.0939,0.0938,0.0937,0.0936,0.0935,0.0934,0.0933,0.0932,0.0931,0.0941,0.0942,0.0943,0.0944,0.0945,0.0946,0.0947,0.0948,0.0949,0.095,29523,51676,62419,64419,44027,35814,31317,22950,22950,22950,1125,62416,34408,30010,34666,33036,25267,21239,5857,21518
214,0.094,0.0939,0.0938,0.0937,0.0936,0.0935,0.0934,0.0933,0.0932,0.0931,0.0941,0.0942,0.0943,0.0944,0.0945,0.0946,0.0947,0.0948,0.0949,0.095,29044,45960,78691,60968,39903,37752,22740,22950,22950,22950,1125,38055,45492,30010,32710,33542,23180,21239,5857,23605
215,0.0941,0.094,0.0939,0.0938,0.0937,0.0936,0.0935,0.0934,0.0933,0.0932,0.0942,0.0943,0.0944,0.0945,0.0946,0.0947,0.0948,0.0949,0.095,0.0951,6195,40360,74134,56003,60968,39903,27101,22740,22950,22950,8406,50166,31641,35689,33542,32704,21239,5857,23605,23691
216,0.094,0.0939,0.0938,0.0937,0.0936,0.0935,0.0934,0.0933,0.0932,0.0931,0.0941,0.0942,0.0943,0.0944,0.0945,0.0946,0.0947,0.0948,0.0949,0.095,31990,43374,77094,72232,38476,37769,22740,22950,22950,22950,1125,56146,27709,30010,31191,35060,23180,21239,5857,23605
217,0.0939,0.0938,0.0937,0.0936,0.0935,0.0934,0.0933,0.0932,0.0931,0.093,0.094,0.0941,0.0942,0.0943,0.0944,0.0945,0.0946,0.0947,0.0948,0.0949,30906,57319,89250,56151,35825,24703,22950,22950,22950,22463,1125,51656,32813,24383,30010,34138,34969,23180,21239,5857
218,0.0938,0.0937,0.0936,0.0935,0.0934,0.0933,0.0932,0.0931,0.093,0.0929,0.0939,0.094,0.0941,0.0942,0.0943,0.0944,0.0945,0.0946,0.0947,0.0948,7025,107180,82251,56186,39025,35580,25168,22950,22463,21518,3139,44970,39944,30857,24383,34607,34551,23491,23180,21239
219,0.0938,0.0937,0.0936,0.0935,0.0934,0.0933,0.0932,0.0931,0.093,0.0929,0.0939,0.094,0.0941,0.0942,0.0943,0.0944,0.0945,0.0946,0.0947,0.0948,27049,107282,82251,54651,40562,35580,25168,22950,22463,21518,740,34179,60271,30857,25905,31440,24996,23491,23180,21239
220,0.0938,0.0937,0.0936,0.0935,0.0934,0.0933,0.0932,0.0931,0.093,0.0929,0.0939,0.094,0.0941,0.0942,0.0943,0.0944,0.0945,0.0946,0.0947,0.0948,6195,74829,114187,54651,40153,35580,25168,22950,22463,21518,740,34179,49441,30857,25905,33419,23065,23491,23180,21239
221,0.0938,0.0937,0.0936,0.0935,0.0934,0.0933,0.0932,0.0931,0.093,0.0929,0.0939,0.094,0.0941,0.0942,0.0943,0.0944,0.0945,0.0946,0.0947,0.0948,9133,80548,117380,56186,38616,35580,25168,22950,22463,21518,740,34179,60204,30857,25905,33419,23065,23491,23180,21239
222,0.0938,0.0937,0.0936,0.0935,0.0934,0.0933,0.0932,0.0931,0.093,0.0929,0.0939,0.094,0.0941,0.0942,0.0943,0.0944,0.0945,0.0946,0.0947,0.0948,32364,79210,118913,54651,40046,35580,25168,22950,22463,21518,64,34021,53414,30857,24383,34939,24539,23491,23180,21239
223,0.0941,0.094,0.0939,0.0938,0.0937,0.0936,0.0935,0.0934,0.0933,0.0932,0.0942,0.0943,0.0944,0.0945,0.0946,0.0947,0.0948,0.0949,0.095,0.0951,6972,54267,57975,54520,48438,96416,24919,31592,22950,22950,5901,50460,35142,32670,35218,34354,21239,4431,23605,23691
224,0.0942,0.0941,0.094,0.0939,0.0938,0.0937,0.0936,0.0935,0.0934,0.0933,0.0943,0.0944,0.0945,0.0946,0.0947,0.0948,0.0949,0.095,0.0951,0.0952,6195,39208,54934,71731,43627,56381,82065,22947,22740,22950,7623,54415,32055,32939,34884,32370,6030,23605,23691,25309
225,0.0941,0.094,0.0939,0.0938,0.0937,0.0936,0.0935,0.0934,0.0933,0.0932,0.0943,0.0944,0.0945,0.0946,0.0947,0.0948,0.0949,0.095,0.0951,0.0952,41719,52531,74494,62789,52826,82065,22947,22740,23233,22950,28637,25161,39029,33282,36400,30769,6030,25031,21518,25309
226,0.0942,0.0941,0.094,0.0939,0.0938,0.0937,0.0936,0.0935,0.0934,0.0933,0.0943,0.0944,0.0945,0.0946,0.0947,0.0948,0.0949,0.095,0.0951,0.0952,29305,39775,74102,53463,45528,54252,82065,22947,22740,23233,3130,51760,39515,31421,36400,32460,6030,25031,21518,25309
227,0.0942,0.0941,0.094,0.0939,0.0938,0.0937,0.0936,0.0935,0.0934,0.0933,0.0943,0.0944,0.0945,0.0946,0.0947,0.0948,0.0949,0.095,0.0951,0.0952,30752,50001,56430,51932,45528,54250,82065,22947,22740,23233,1484,32553,57542,31421,32786,32732,6030,25031,21518,25309
228,0.0942,0.0941,0.094,0.0939,0.0938,0.0937,0.0936,0.0935,0.0934,0.0933,0.0943,0.0944,0.0945,0.0946,0.0947,0.0948,0.0949,0.095,0.0951,0.0952,8662,57755,82591,51932,45528,54250,60787,22947,22740,23233,1484,49976,39518,31421,32786,35310,6030,25031,21518,25309
229,0.0942,0.0941,0.094,0.0939,0.0938,0.0937,0.0936,0.0935,0.0934,0.0933,0.0943,0.0944,0.0945,0.0946,0.0947,0.0948,0.0949,0.095,0.0951,0.0952,8072,45080,74280,53778,45212,54250,60787,22947,22740,22950,1484,32560,41038,31421,31270,35155,6030,25031,21518,25309
230,0.0942,0.0941,0.094,0.0939,0.0938,0.0937,0.0936,0.0935,0.0934,0.0933,0.0943,0.0944,0.0945,0.0946,0.0947,0.0948,0.0949,0.095,0.0951,0.0952,9146,87517,81071,59311,39673,54250,30275,22947,22740,22950,1484,49987,41038,31421,31270,34552,6030,25031,21518,25309
231,0.0942,0.0941,0.094,0.0939,0.0938,0.0937,0.0936,0.0935,0.0934,0.0933,0.0943,0.0944,0.0945,0.0946,0.0947,0.0948,0.0949,0.095,0.0951,0.0952,8703,67230,106262,59585,45689,47953,27082,22947,22740,22950,1484,49700,41324,31421,31270,34552,6030,25031,21518,25309
232,0.0942,0.0941,0.094,0.0939,0.0938,0.0937,0.0936,0.0935,0.0934,0.0933,0.0943,0.0944,0.0945,0.0946,0.0947,0.0948,0.0949,0.095,0.0951,0.0952,31309,74029,106081,59585,45689,47953,27082,22947,22740,22950,1484,49708,41037,31421,31270,32732,6030,25031,21518,25309
233,0.0943,0.0942,0.0941,0.094,0.0939,0.0938,0.0937,0.0936,0.0935,0.0934,0.0944,0.0945,0.0946,0.0947,0.0948,0.0949,0.095,0.0951,0.0952,0.0953,31986,47771,58872,113288,35673,41386,39217,25150,22947,22740,1125,48259,24835,36037,30769,15088,28120,22942,24988,3294
234,0.0943,0.0942,0.0941,0.094,0.0939,0.0938,0.0937,0.0936,0.0935,0.0934,0.0944,0.0945,0.0946,0.0947,0.0948,0.0949,0.095,0.0951,0.0952,0.0953,32856,36938,76471,113288,43488,33564,39217,25150,22947,22740,1125,48807,27692,37553,33155,15088,28120,22942,24988,3294
235,0.0943,0.0942,0.0941,0.094,0.0939,0.0938,0.0937,0.0936,0.0935,0.0934,0.0944,0.0945,0.0946,0.0947,0.0948,0.0949,0.095,0.0951,0.0952,0.0953,8625,38620,76281,115132,41642,33564,39217,25150,22947,22740,1125,51910,24835,39619,32530,15088,28120,22942,24988,3294
236,0.0942,0.0941,0.094,0.0939,0.0938,0.0937,0.0936,0.0935,0.0934,0.0933,0.0943,0.0944,0.0945,0.0946,0.0947,0.0948,0.0949,0.095,0.0951,0.0952,5827,63380,113272,62421,37835,49850,25150,22947,22740,21518,4337,52719,42862,31033,34640,32747,3094,25264,22942,24988
237,0.0941,0.094,0.0939,0.0938,0.0937,0.0936,0.0935,0.0934,0.0933,0.0932,0.0942,0.0943,0.0944,0.0945,0.0946,0.0947,0.0948,0.0949,0.095,0.0951,34242,108398,80724,59637,46492,27120,22947,22740,21518,21801,1125,35659,51529,34534,32551,31037,32747,3094,25264,22942
238,0.0941,0.094,0.0939,0.0938,0.0937,0.0936,0.0935,0.0934,0.0933,0.0932,0.0942,0.0943,0.0944,0.0945,0.0946,0.0947,0.0948,0.0949,0.095,0.0951,11807,97813,80709,59637,46492,35801,24887,22740,21518,21801,1125,35900,51564,34534,32551,36678,30769,3094,25264,22942
239,0.0939,0.0938,0.0937,0.0936,0.0935,0.0934,0.0933,0.0932,0.0931,0.093,0.094,0.0941,0.0942,0.0943,0.0944,0.0945,0.0946,0.0947,0.0948,0.0949,19822,83244,89227,56190,37898,37545,23550,21801,21944,26018,2561,38456,54642,34642,35279,32837,26425,22944,21239,3094
240,0.0939,0.0938,0.0937,0.0936,0.0935,0.0934,0.0933,0.0932,0.0931,0.093,0.094,0.0941,0.0942,0.0943,0.0944,0.0945,0.0946,0.0947,0.0948,0.0949,6815,81712,89227,58147,39327,37567,23550,21801,21944,23795,2561,36664,41195,32960,32738,38431,24462,22944,21239,3094
241,0.0939,0.0938,0.0937,0.0936,0.0935,0.0934,0.0933,0.0932,0.0931,0.093,0.094,0.0941,0.0942,0.0943,0.0944,0.0945,0.0946,0.0947,0.0948,0.0949,6195,74363,106225,74927,43454,35638,25486,23230,21944,23795,26593,37281,49265,39814,32738,38144,24462,22944,21239,3094
242,0.0939,0.0938,0.0937,0.0936,0.0935,0.0934,0.0933,0.0932,0.0931,0.093,0.0941,0.0942,0.0943,0.0944,0.0945,0.0946,0.0947,0.0948,0.0949,0.095,23759,74574,98131,58421,37898,35638,25486,23230,21944,23795,33155,58618,32960,32738,34850,24462,22944,21239,3094,23838
243,0.0939,0.0938,0.0937,0.0936,0.0935,0.0934,0.0933,0.0932,0.0931,0.093,0.0941,0.0942,0.0943,0.0944,0.0945,0.0946,0.0947,0.0948,0.0949,0.095,23382,77260,98131,58420,37898,35638,25486,23230,21944,23795,33155,54739,37960,32738,34850,24462,22944,21239,3094,23838
244,0.0939,0.0938,0.0937,0.0936,0.0935,0.0934,0.0933,0.0932,0.0931,0.093,0.094,0.0941,0.0942,0.0943,0.0944,0.0945,0.0946,0.0947,0.0948,0.0949,7645,77335,119410,58414,37898,35638,25486,23230,21944,23795,1125,33996,59527,32960,32738,37797,22944,22944,21239,3094
245,0.0939,0.0938,0.0937,0.0936,0.0935,0.0934,0.0933,0.0932,0.0931,0.093,0.094,0.0941,0.0942,0.0943,0.0944,0.0945,0.0946,0.0947,0.0948,0.0949,4895,69565,118616,59195,37898,35638,25486,23230,21944,21572,2576,44612,41204,32960,34193,37797,22944,22944,21239,3094
246,0.0939,0.0938,0.0937,0.0936,0.0935,0.0934,0.0933,0.0932,0.0931,0.093,0.094,0.0941,0.0942,0.0943,0.0944,0.0945,0.0946,0.0947,0.0948,0.0949,4503,74582,112776,58414,44527,35638,25486,23230,21944,21572,2576,44613,48072,32960,34790,39602,22944,23177,21239,3094
247,0.0939,0.0938,0.0937,0.0936,0.0935,0.0934,0.0933,0.0932,0.0931,0.093,0.094,0.0941,0.0942,0.0943,0.0944,0.0945,0.0946,0.0947,0.0948,0.0949,11995,54612,105887,74937,50083,33426,25486,25448,21944,21572,26312,45759,45584,32960,35269,35801,22944,23177,21239,1671
248,0.0939,0.0938,0.0937,0.0936,0.0935,0.0934,0.0933,0.0932,0.0931,0.093,0.094,0.0941,0.0942,0.0943,0.0944,0.0945,0.0946,0.0947,0.0948,0.0949,5170,59107,111381,80488,44527,33426,25486,25448,21944,21572,33134,35647,38713,32960,35556,35801,22944,23177,21239,1671
249,0.0939,0.0938,0.0937,0.0936,0.0935,0.0934,0.0933,0.0932,0.0931,0.093,0.094,0.0941,0.0942,0.0943,0.0944,0.0945,0.0946,0.0947,0.0948,0.0949,5809,60806,122020,80488,44527,33426,25486,25448,21944,21572,23388,38429,55596,32960,37343,35801,22944,23177,21239,1671
250,0.0939,0.0938,0.0937,0.0936,0.0935,0.0934,0.0933,0.0932,0.0931,0.093,0.094,0.0941,0.0942,0.0943,0.0944,0.0945,0.0946,0.0947,0.0948,0.0949,4684,59107,116085,74937,50083,33426,25486,25448,21944,21572,30034,54265,33587,54374,35269,35801,22944,23177,21239,1671
251,0.094,0.0939,0.0938,0.0937,0.0936,0.0935,0.0934,0.0933,0.0932,0.0931,0.0941,0.0942,0.0943,0.0944,0.0945,0.0946,0.0947,0.0948,0.0949,0.095,13073,94304,59517,66036,64756,45954,26889,22944,22947,22227,1125,37871,62017,33335,37784,34341,23177,21239,1671,23605
252,0.0939,0.0938,0.0937,0.0936,0.0935,0.0934,0.0933,0.0932,0.0931,0.093,0.094,0.0941,0.0942,0.0943,0.0944,0.0945,0.0946,0.0947,0.0948,0.0949,16672,40114,88109,79676,50083,37557,22944,22947,22227,22180,3129,34150,64246,32960,35003,39213,22944,23177,21239,1671
253,0.0942,0.0941,0.094,0.0939,0.0938,0.0937,0.0936,0.0935,0.0934,0.0933,0.0943,0.0944,0.0945,0.0946,0.0947,0.0948,0.0949,0.095,0.0951,0.0952,34625,47610,67659,54010,43050,41339,56046,28147,24953,22944,1125,26883,27689,42916,31286,32390,38105,25034,23691,24988
254,0.0942,0.0941,0.094,0.0939,0.0938,0.0937,0.0936,0.0935,0.0934,0.0933,0.0943,0.0944,0.0945,0.0946,0.0947,0.0948,0.0949,0.095,0.0951,0.0952,1592,40588,51863,65553,51599,41336,34647,29571,24953,22944,48244,27475,33774,40933,31286,33110,6406,25034,23978,21682
255,0.0943,0.0942,0.0941,0.094,0.0939,0.0938,0.0937,0.0936,0.0935,0.0934,0.0944,0.0945,0.0946,0.0947,0.0948,0.0949,0.095,0.0951,0.0952,0.0953,12253,41297,61489,41416,41535,34574,32604,32706,29571,24953,13262,40551,23396,37071,29705,38012,33473,25114,21969,4765
256,0.0943,0.0942,0.0941,0.094,0.0939,0.0938,0.0937,0.0936,0.0935,0.0934,0.0944,0.0945,0.0946,0.0947,0.0948,0.0949,0.095,0.0951,0.0952,0.0953,10759,40785,51449,41416,43379,32722,32604,32706,29571,24953,1125,48042,24914,37071,29705,38012,33473,25114,21682,4765
257,0.0942,0.0941,0.094,0.0939,0.0938,0.0937,0.0936,0.0935,0.0934,0.0933,0.0943,0.0944,0.0945,0.0946,0.0947,0.0948,0.0949,0.095,0.0951,0.0952,39532,45709,86607,52721,31298,32604,32706,29571,24953,22944,1125,50655,22668,37455,31286,31128,36476,25034,25114,21682
258,0.0942,0.0941,0.094,0.0939,0.0938,0.0937,0.0936,0.0935,0.0934,0.0933,0.0943,0.0944,0.0945,0.0946,0.0947,0.0948,0.0949,0.095,0.0951,0.0952,12138,61475,69265,47188,36837,43237,32706,29571,24953,22944,1125,43191,34952,32455,31286,31128,36189,25034,25114,21682
259,0.0941,0.094,0.0939,0.0938,0.0937,0.0936,0.0935,0.0934,0.0933,0.0932,0.0942,0.0943,0.0944,0.0945,0.0946,0.0947,0.0948,0.0949,0.095,0.0951,11193,65809,75048,43779,45419,45331,29571,24953,22944,21518,1125,32689,51721,36557,30525,31286,24624,27582,25034,21518
260,0.0939,0.0938,0.0937,0.0936,0.0935,0.0934,0.0933,0.0932,0.0931,0.093,0.0941,0.0942,0.0943,0.0944,0.0945,0.0946,0.0947,0.0948,0.0949,0.095,53887,38568,66654,65780,40789,33407,22944,23736,21518,21855,32516,42791,31580,45995,30681,33900,23176,22662,26153,23605
261,0.0941,0.094,0.0939,0.0938,0.0937,0.0936,0.0935,0.0934,0.0933,0.0932,0.0942,0.0943,0.0944,0.0945,0.0946,0.0947,0.0948,0.0949,0.095,0.0951,1125,52858,47789,50878,45314,51415,42324,22740,22944,23736,31951,39445,49344,46411,33900,23176,22662,26153,23605,25132
262,0.0941,0.094,0.0939,0.0938,0.0937,0.0936,0.0935,0.0934,0.0933,0.0932,0.0942,0.0943,0.0944,0.0945,0.0946,0.0947,0.0948,0.0949,0.095,0.0951,1125,63248,44645,45878,52391,45864,42215,22740,22944,23736,31951,27562,53114,48582,34187,31656,22662,26153,23605,25132
263,0.0941,0.094,0.0939,0.0938,0.0937,0.0936,0.0935,0.0934,0.0933,0.0932,0.0942,0.0943,0.0944,0.0945,0.0946,0.0947,0.0948,0.0949,0.095,0.0951,1125,47528,59956,50876,52391,45864,31559,22740,22944,23736,26864,38081,33153,45593,30525,33632,22662,26153,23605,25132
264,0.0941,0.094,0.0939,0.0938,0.0937,0.0936,0.0935,0.0934,0.0933,0.0932,0.0942,0.0943,0.0944,0.0945,0.0946,0.0947,0.0948,0.0949,0.095,0.0951,1125,47528,62486,50876,52391,45864,31559,22740,22944,23736,29412,47711,33153,45593,30525,33632,22662,26153,23605,25132
265,0.0939,0.0938,0.0937,0.0936,0.0935,0.0934,0.0933,0.0932,0.0931,0.093,0.094,0.0941,0.0942,0.0943,0.0944,0.0945,0.0946,0.0947,0.0948,0.0949,6057,55808,62152,53432,44604,35347,22944,23736,21518,21855,1125,29612,53939,29158,30666,30680,25470,23176,22662,26153
266,0.0938,0.0937,0.0936,0.0935,0.0934,0.0933,0.0932,0.0931,0.093,0.0929,0.0939,0.094,0.0941,0.0942,0.0943,0.0944,0.0945,0.0946,0.0947,0.0948,1125,71554,48158,50783,37540,31313,37301,22947,21572,21518,34130,31788,34837,47860,33085,24886,24401,26251,23605,21239
267,0.0937,0.0936,0.0935,0.0934,0.0933,0.0932,0.0931,0.093,0.0929,0.0928,0.0939,0.094,0.0941,0.0942,0.0943,0.0944,0.0945,0.0946,0.0947,0.0948,51745,48170,49026,31978,33530,43628,22947,21572,21518,74880,34130,24909,53493,47768,33085,30821,24401,26251,23605,21239
268,0.0939,0.0938,0.0937,0.0936,0.0935,0.0934,0.0933,0.0932,0.0931,0.093,0.094,0.0941,0.0942,0.0943,0.0944,0.0945,0.0946,0.0947,0.0948,0.0949,2731,66598,51399,49815,32197,44674,26967,35925,22947,21572,7320,25173,56347,50788,31342,26954,26251,23605,21239,24276
269,0.0939,0.0938,0.0937,0.0936,0.0935,0.0934,0.0933,0.0932,0.0931,0.093,0.094,0.0941,0.0942,0.0943,0.0944,0.0945,0.0946,0.0947,0.0948,0.0949,2952,45125,68120,44815,37753,40649,31749,29597,22947,23795,20669,29845,56940,29704,31342,26954,26251,23605,21239,24276
270,0.0938,0.0937,0.0936,0.0935,0.0934,0.0933,0.0932,0.0931,0.093,0.0929,0.0939,0.094,0.0941,0.0942,0.0943,0.0944,0.0945,0.0946,0.0947,0.0948,1733,48682,58351,49331,45058,42152,29597,22947,23795,21518,28601,44301,35196,47462,29704,32771,24401,26251,23605,21239
271,0.0938,0.0937,0.0936,0.0935,0.0934,0.0933,0.0932,0.0931,0.093,0.0929,0.0939,0.094,0.0941,0.0942,0.0943,0.0944,0.0945,0.0946,0.0947,0.0948,1733,44478,53081,34664,32853,33011,29597,22947,23795,21518,22406,27063,50226,20669,24301,25825,24401,26251,23605,21239
272,0.0939,0.0938,0.0937,0.0936,0.0935,0.0934,0.0933,0.0932,0.0931,0.093,0.094,0.0941,0.0942,0.0943,0.0944,0.0945,0.0946,0.0947,0.0948,0.0949,1125,41046,36240,35219,26969,33075,32789,29597,22947,23795,26864,34931,36130,21215,24264,23932,26538,25788,21239,24276
273,0.0939,0.0938,0.0937,0.0936,0.0935,0.0934,0.0933,0.0932,0.0931,0.093,0.094,0.0941,0.0942,0.0943,0.0944,0.0945,0.0946,0.0947,0.0948,0.0949,1125,40523,41240,31925,26969,34612,31251,29597,22947,23795,26864,34891,37340,21215,24264,23932,26251,25788,21239,24276
274,0.0938,0.0937,0.0936,0.0935,0.0934,0.0933,0.0932,0.0931,0.093,0.0929,0.094,0.0941,0.0942,0.0943,0.0944,0.0945,0.0946,0.0947,0.0948,0.0949,22490,51975,46227,38959,32853,37895,22947,22947,23795,21518,25739,48693,21068,20090,23139,21089,25126,24663,20393,23151
275,0.0938,0.0937,0.0936,0.0935,0.0934,0.0933,0.0932,0.0931,0.093,0.0929,0.0939,0.094,0.0941,0.0942,0.0943,0.0944,0.0945,0.0946,0.0947,0.0948,1125,45323,58883,37700,34113,37895,22947,22947,23795,21518,21954,25936,49896,19544,20090,23139,21089,25126,24663,20393
276,0.0938,0.0937,0.0936,0.0935,0.0934,0.0933,0.0932,0.0931,0.093,0.0929,0.0939,0.094,0.0941,0.0942,0.0943,0.0944,0.0945,0.0946,0.0947,0.0948,1118,67037,36069,38906,34611,37895,22947,22947,23795,21518,28149,19741,50500,19544,20090,23139,21089,25126,24663,20393
277,0.0939,0.0938,0.0937,0.0936,0.0935,0.0934,0.0933,0.0932,0.0931,0.093,0.094,0.0941,0.0942,0.0943,0.0944,0.0945,0.0946,0.0947,0.0948,0.0949,1125,14475,54935,36926,26969,34611,37895,22947,22947,23795,34623,23984,46553,20090,23139,21089,25126,24663,20393,23151
278,0.0938,0.0937,0.0936,0.0935,0.0934,0.0933,0.0932,0.0931,0.093,0.0929,0.0939,0.094,0.0941,0.0942,0.0943,0.0944,0.0945,0.0946,0.0947,0.0948,1003,61377,48464,49497,43270,48593,22947,22947,23795,21518,25739,38361,35765,47896,28586,31631,21089,25126,24663,20393
279,0.0938,0.0937,0.0936,0.0935,0.0934,0.0933,0.0932,0.0931,0.093,0.0929,0.0939,0.094,0.0941,0.0942,0.0943,0.0944,0.0945,0.0946,0.0947,0.0948,1125,29650,56975,53943,50263,47163,22947,22947,23795,21518,25739,36913,32291,28044,30016,31631,21089,25126,24663,20393
280,0.0937,0.0936,0.0935,0.0934,0.0933,0.0932,0.0931,0.093,0.0929,0.0928,0.0938,0.0939,0.094,0.0941,0.0942,0.0943,0.0944,0.0945,0.0946,0.0947,10393,64947,54805,52483,50749,41354,22947,23795,21518,72653,6195,22294,57000,29811,28048,31972,21189,21089,25126,24663
281,0.0937,0.0936,0.0935,0.0934,0.0933,0.0932,0.0931,0.093,0.0929,0.0928,0.0938,0.0939,0.094,0.0941,0.0942,0.0943,0.0944,0.0945,0.0946,0.0947,10393,55864,54806,56509,46719,41354,22947,23795,21518,72653,6195,22294,49225,28286,28048,31972,21189,21089,25126,24663
282,0.0937,0.0936,0.0935,0.0934,0.0933,0.0932,0.0931,0.093,0.0929,0.0928,0.0939,0.094,0.0941,0.0942,0.0943,0.0944,0.0945,0.0946,0.0947,0.0948,53031,47028,50329,56052,45594,29525,21822,22670,20393,71528,28295,21264,57185,28048,30542,29681,21089,25126,24663,20393
283,0.0937,0.0936,0.0935,0.0934,0.0933,0.0932,0.0931,0.093,0.0929,0.0928,0.0939,0.094,0.0941,0.0942,0.0943,0.0944,0.0945,0.0946,0.0947,0.0948,32811,64522,52806,56052,45594,29525,21822,22670,20393,71528,28491,38435,39805,28048,30542,29681,21089,25126,24663,20393
284,0.0937,0.0936,0.0935,0.0934,0.0933,0.0932,0.0931,0.093,0.0929,0.0928,0.0939,0.094,0.0941,0.0942,0.0943,0.0944,0.0945,0.0946,0.0947,0.0948,28692,44738,64080,56274,45594,29525,21822,22670,20393,71528,37381,46724,31516,28048,30542,29681,21089,25126,24663,20393
285,0.0937,0.0936,0.0935,0.0934,0.0933,0.0932,0.0931,0.093,0.0929,0.0928,0.0939,0.094,0.0941,0.0942,0.0943,0.0944,0.0945,0.0946,0.0947,0.0948,28692,44738,72369,56274,45594,29525,21822,22670,20393,71528,28492,46725,31516,28048,30542,29681,21089,25126,24663,20393
286,0.0937,0.0936,0.0935,0.0934,0.0933,0.0932,0.0931,0.093,0.0929,0.0928,0.0939,0.094,0.0941,0.0942,0.0943,0.0944,0.0945,0.0946,0.0947,0.0948,22497,55834,77821,50817,45594,29525,21822,22670,20393,71528,36800,49958,28286,28048,30542,29681,21089,25126,24663,20393
287,0.0937,0.0936,0.0935,0.0934,0.0933,0.0932,0.0931,0.093,0.0929,0.0928,0.0939,0.094,0.0941,0.0942,0.0943,0.0944,0.0945,0.0946,0.0947,0.0948,33946,66230,56330,57130,39274,29525,21822,22670,20393,71528,27912,49959,28286,28048,30542,29681,21089,25126,24663,20393
288,0.0937,0.0936,0.0935,0.0934,0.0933,0.0932,0.0931,0.093,0.0929,0.0928,0.0939,0.094,0.0941,0.0942,0.0943,0.0944,0.0945,0.0946,0.0947,0.0948,28692,50098,79358,57130,37736,29525,21822,22670,20393,71528,27909,46727,29991,28048,32064,29681,21089,25126,24663,20393
289,0.0938,0.0937,0.0936,0.0935,0.0934,0.0933,0.0932,0.0931,0.093,0.0929,0.0939,0.094,0.0941,0.0942,0.0943,0.0944,0.0945,0.0946,0.0947,0.0948,1859,53178,71823,52093,43184,39167,29525,21822,22670,20393,19670,28743,55552,28048,32064,29681,21089,25413,24663,20393
290,0.0937,0.0936,0.0935,0.0934,0.0933,0.0932,0.0931,0.093,0.0929,0.0928,0.0939,0.094,0.0941,0.0942,0.0943,0.0944,0.0945,0.0946,0.0947,0.0948,48236,53311,78756,54875,39167,29525,21822,22670,20393,71528,28421,46473,29990,45127,32064,31364,21089,25126,24663,20393
291,0.0937,0.0936,0.0935,0.0934,0.0933,0.0932,0.0931,0.093,0.0929,0.0928,0.0939,0.094,0.0941,0.0942,0.0943,0.0944,0.0945,0.0946,0.0947,0.0948,48236,51778,74493,60332,37736,29525,21822,22670,20393,71528,37309,46125,29991,30459,32064,29681,21089,25126,24663,20393
292,0.0939,0.0938,0.0937,0.0936,0.0935,0.0934,0.0933,0.0932,0.0931,0.093,0.094,0.0941,0.0942,0.0943,0.0944,0.0945,0.0946,0.0947,0.0948,0.0949,2448,48238,76071,45023,43899,44757,30404,24040,21822,20447,2035,43933,53893,31811,28252,25616,25126,26092,20393,23151
293,0.0939,0.0938,0.0937,0.0936,0.0935,0.0934,0.0933,0.0932,0.0931,0.093,0.0941,0.0942,0.0943,0.0944,0.0945,0.0946,0.0947,0.0948,0.0949,0.095,39892,38778,76064,44700,36913,44757,30404,24040,21822,20447,41576,50751,35287,29772,24187,25126,26092,20393,23151,20393
294,0.0938,0.0937,0.0936,0.0935,0.0934,0.0933,0.0932,0.0931,0.093,0.0929,0.094,0.0941,0.0942,0.0943,0.0944,0.0945,0.0946,0.0947,0.0948,0.0949,34487,67194,66834,49846,43326,30404,24040,21822,20447,20393,42529,29505,35530,43942,28252,28929,25126,26092,20393,23151
295,0.0938,0.0937,0.0936,0.0935,0.0934,0.0933,0.0932,0.0931,0.093,0.0929,0.094,0.0941,0.0942,0.0943,0.0944,0.0945,0.0946,0.0947,0.0948,0.0949,39300,60296,75897,49570,43326,30404,24040,21822,20447,20393,30643,42526,35521,45173,31707,29588,25126,26092,20393,23151
296,0.0938,0.0937,0.0936,0.0935,0.0934,0.0933,0.0932,0.0931,0.093,0.0929,0.094,0.0941,0.0942,0.0943,0.0944,0.0945,0.0946,0.0947,0.0948,0.0949,35704,49623,73943,44014,48888,41102,24040,21822,20447,20393,39187,54508,29741,28590,31707,22734,25126,26092,20393,23151
297,0.0937,0.0936,0.0935,0.0934,0.0933,0.0932,0.0931,0.093,0.0929,0.0928,0.0939,0.094,0.0941,0.0942,0.0943,0.0944,0.0945,0.0946,0.0947,0.0948,47304,66018,61134,66392,38233,25985,21822,20447,20393,71528,43113,33673,52776,28040,28590,33136,21090,25126,26092,20393
298,0.0937,0.0936,0.0935,0.0934,0.0933,0.0932,0.0931,0.093,0.0929,0.0928,0.0938,0.0939,0.094,0.0941,0.0942,0.0943,0.0944,0.0945,0.0946,0.0947,8218,53963,62628,60830,43579,34478,21822,22670,20393,71528,1680,43113,48894,42950,28040,32050,21189,21090,25126,26092
299,0.0937,0.0936,0.0935,0.0934,0.0933,0.0932,0.0931,0.093,0.0929,0.0928,0.0938,0.0939,0.094,0.0941,0.0942,0.0943,0.0944,0.0945,0.0946,0.0947,8218,61893,52358,60830,38695,41128,21822,22670,20393,71528,2959,43113,50420,42145,28040,30528,21189,21090,25126,26092
300,0.0937,0.0936,0.0935,0.0934,0.0933,0.0932,0.0931,0.093,0.0929,0.0928,0.0938,0.0939,0.094,0.0941,0.0942,0.0943,0.0944,0.0945,0.0946,0.0947,8218,61893,52359,60830,33127,46702,21822,22670,20393,71528,30939,36710,70248,38147,28040,31960,21189,21090,25126,24663
301,0.0937,0.0936,0.0935,0.0934,0.0933,0.0932,0.0931,0.093,0.0929,0.0928,0.0938,0.0939,0.094,0.0941,0.0942,0.0943,0.0944,0.0945,0.0946,0.0947,8218,62818,51408,63325,31589,44757,23799,24102,20393,71528,30939,41714,64647,43859,31540,30022,21189,21090,25126,28288
302,0.0937,0.0936,0.0935,0.0934,0.0933,0.0932,0.0931,0.093,0.0929,0.0928,0.0938,0.0939,0.094,0.0941,0.0942,0.0943,0.0944,0.0945,0.0946,0.0947,8218,64145,53115,61617,31589,44757,23799,24102,20393,71528,30939,37497,70186,43859,31540,30022,21189,21090,25126,28288
303,0.0937,0.0936,0.0935,0.0934,0.0933,0.0932,0.0931,0.093,0.0929,0.0928,0.0938,0.0939,0.094,0.0941,0.0942,0.0943,0.0944,0.0945,0.0946,0.0947,7060,54262,51601,63325,31313,44757,23799,24102,20393,71528,30939,49878,57807,43859,31540,30022,21189,21090,25126,28288
304,0.0937,0.0936,0.0935,0.0934,0.0933,0.0932,0.0931,0.093,0.0929,0.0928,0.0938,0.0939,0.094,0.0941,0.0942,0.0943,0.0944,0.0945,0.0946,0.0947,6952,63951,51604,63325,31589,44757,23799,24102,20393,71528,30939,59567,48118,68789,31540,30022,21189,21090,25126,28288
305,0.0937,0.0936,0.0935,0.0934,0.0933,0.0932,0.0931,0.093,0.0929,0.0928,0.0938,0.0939,0.094,0.0941,0.0942,0.0943,0.0944,0.0945,0.0946,0.0947,6847,63951,53310,61617,31589,44757,23799,24102,20393,71528,30939,64563,43118,68789,31540,30022,21189,21090,25126,28288
306,0.0937,0.0936,0.0935,0.0934,0.0933,0.0932,0.0931,0.093,0.0929,0.0928,0.0939,0.094,0.0941,0.0942,0.0943,0.0944,0.0945,0.0946,0.0947,0.0948,55149,67617,49808,60830,38695,30690,23799,21879,20393,71528,41493,62300,47084,49961,31975,22468,21090,25126,28288,20393
307,0.0938,0.0937,0.0936,0.0935,0.0934,0.0933,0.0932,0.0931,0.093,0.0929,0.0939,0.094,0.0941,0.0942,0.0943,0.0944,0.0945,0.0946,0.0947,0.0948,1487,57046,70745,49465,48666,34558,30690,23799,21879,20393,6403,33334,51160,51350,32328,24091,21090,25126,28288,20393
308,0.0938,0.0937,0.0936,0.0935,0.0934,0.0933,0.0932,0.0931,0.093,0.0929,0.094,0.0941,0.0942,0.0943,0.0944,0.0945,0.0946,0.0947,0.0948,0.0949,48589,64102,50025,55021,44640,22322,32642,21822,21879,20393,9843,42236,35522,30151,25834,31285,25126,23909,20393,25311
309,0.0939,0.0938,0.0937,0.0936,0.0935,0.0934,0.0933,0.0932,0.0931,0.093,0.0941,0.0942,0.0943,0.0944,0.0945,0.0946,0.0947,0.0948,0.0949,0.095,28638,47046,62231,66874,42310,46746,24086,28472,21822,21879,48172,56377,28590,25731,31854,25126,23909,20393,25311,20393
310,0.0939,0.0938,0.0937,0.0936,0.0935,0.0934,0.0933,0.0932,0.0931,0.093,0.0941,0.0942,0.0943,0.0944,0.0945,0.0946,0.0947,0.0948,0.0949,0.095,15252,51913,84619,65498,42585,46746,23810,28472,21822,21879,60082,44622,28590,21272,33373,25126,23909,20393,25311,20393
311,0.0939,0.0938,0.0937,0.0936,0.0935,0.0934,0.0933,0.0932,0.0931,0.093,0.0941,0.0942,0.0943,0.0944,0.0945,0.0946,0.0947,0.0948,0.0949,0.095,39724,48717,99619,53625,31579,46746,23810,28472,21822,21879,67882,35518,28590,21272,33373,25126,23909,20393,23133,20393
312,0.0939,0.0938,0.0937,0.0936,0.0935,0.0934,0.0933,0.0932,0.0931,0.093,0.0941,0.0942,0.0943,0.0944,0.0945,0.0946,0.0947,0.0948,0.0949,0.095,39724,50415,97922,53625,31579,46746,23810,28472,21822,21879,48172,55229,28590,21272,33373,26618,23909,20393,23133,20393
313,0.0938,0.0937,0.0936,0.0935,0.0934,0.0933,0.0932,0.0931,0.093,0.0929,0.094,0.0941,0.0942,0.0943,0.0944,0.0945,0.0946,0.0947,0.0948,0.0949,42742,53078,96717,50662,45317,34489,28472,21822,21879,20393,41234,47072,28040,43519,22830,33088,25126,23909,20393,23133
314,0.0937,0.0936,0.0935,0.0934,0.0933,0.0932,0.0931,0.093,0.0929,0.0928,0.0939,0.094,0.0941,0.0942,0.0943,0.0944,0.0945,0.0946,0.0947,0.0948,56731,76033,83174,53406,34513,30690,21822,21879,20393,71812,19600,29533,53048,28040,28590,27670,21090,25126,23909,20393
315,0.0937,0.0936,0.0935,0.0934,0.0933,0.0932,0.0931,0.093,0.0929,0.0928,0.0939,0.094,0.0941,0.0942,0.0943,0.0944,0.0945,0.0946,0.0947,0.0948,46723,53970,59488,80409,36664,41114,21822,24102,20393,71812,41074,39748,39696,28040,32041,23355,21090,25126,22480,20393
316,0.0937,0.0936,0.0935,0.0934,0.0933,0.0932,0.0931,0.093,0.0929,0.0928,0.0939,0.094,0.0941,0.0942,0.0943,0.0944,0.0945,0.0946,0.0947,0.0948,49569,46519,60748,86246,31096,43332,21822,21879,20393,71812,41500,39751,48609,47804,30519,21422,21090,25126,22480,20393
317,0.0936,0.0935,0.0934,0.0933,0.0932,0.0931,0.093,0.0929,0.0928,0.0927,0.0938,0.0939,0.094,0.0941,0.0942,0.0943,0.0944,0.0945,0.0946,0.0947,43484,65336,80766,49599,45676,34506,21879,20393,71812,157,40713,39660,52086,44904,29980,23043,21422,21090,25126,26037
318,0.0936,0.0935,0.0934,0.0933,0.0932,0.0931,0.093,0.0929,0.0928,0.0927,0.0938,0.0939,0.094,0.0941,0.0942,0.0943,0.0944,0.0945,0.0946,0.0947,41955,76058,80552,52058,45676,23805,21879,20393,71812,157,15048,30328,56252,49611,29980,30032,21422,21090,25126,26037
319,0.0937,0.0936,0.0935,0.0934,0.0933,0.0932,0.0931,0.093,0.0929,0.0928,0.0939,0.094,0.0941,0.0942,0.0943,0.0944,0.0945,0.0946,0.0947,0.0948,52364,48238,66485,74588,31318,45676,23805,21879,20393,71812,33261,32268,52876,46509,32107,22952,21090,25126,23950,20393
320,0.0937,0.0936,0.0935,0.0934,0.0933,0.0932,0.0931,0.093,0.0929,0.0928,0.0939,0.094,0.0941,0.0942,0.0943,0.0944,0.0945,0.0946,0.0947,0.0948,52562,68508,64965,74588,31318,36410,23805,21879,20393,71812,33063,46279,30551,48824,32107,31459,21090,25126,23950,20393
321,0.0937,0.0936,0.0935,0.0934,0.0933,0.0932,0.0931,0.093,0.0929,0.0928,0.0939,0.094,0.0941,0.0942,0.0943,0.0944,0.0945,0.0946,0.0947,0.0948,44194,45247,76496,74588,31318,47100,23805,21879,20393,71812,33260,57076,28052,46905,32107,22952,21090,25126,23950,20393
322,0.0937,0.0936,0.0935,0.0934,0.0933,0.0932,0.0931,0.093,0.0929,0.0928,0.0939,0.094,0.0941,0.0942,0.0943,0.0944,0.0945,0.0946,0.0947,0.0948,44389,56583,73238,74588,31318,47100,23805,21879,20393,71812,33063,51494,33843,48212,32107,22952,21090,25126,23950,20393
323,0.0937,0.0936,0.0935,0.0934,0.0933,0.0932,0.0931,0.093,0.0929,0.0928,0.0939,0.094,0.0941,0.0942,0.0943,0.0944,0.0945,0.0946,0.0947,0.0948,44139,55737,73238,74588,31318,36410,23805,21879,20393,71812,30507,34003,33835,48212,32107,31454,21090,25126,23950,20393
324,0.0936,0.0935,0.0934,0.0933,0.0932,0.0931,0.093,0.0929,0.0928,0.0927,0.0938,0.0939,0.094,0.0941,0.0942,0.0943,0.0944,0.0945,0.0946,0.0947,45745,74229,74026,50945,47099,23805,21879,20393,71812,157,5167,32437,57097,28052,29824,35055,21422,21090,25126,23950
325,0.0936,0.0935,0.0934,0.0933,0.0932,0.0931,0.093,0.0929,0.0928,0.0927,0.0938,0.0939,0.094,0.0941,0.0942,0.0943,0.0944,0.0945,0.0946,0.0947,42149,76939,52702,50945,47099,23805,21879,20393,71812,157,13921,34827,45552,42767,29824,35055,21422,21090,25126,23950
326,0.0936,0.0935,0.0934,0.0933,0.0932,0.0931,0.093,0.0929,0.0928,0.0927,0.0938,0.0939,0.094,0.0941,0.0942,0.0943,0.0944,0.0945,0.0946,0.0947,43858,74445,53477,50945,47099,23805,21879,20393,71812,157,14347,24968,55717,42767,28040,33538,21422,21090,25126,23950
327,0.0936,0.0935,0.0934,0.0933,0.0932,0.0931,0.093,0.0929,0.0928,0.0927,0.0938,0.0939,0.094,0.0941,0.0942,0.0943,0.0944,0.0945,0.0946,0.0947,49635,79445,48483,50945,47099,23805,21879,20393,71812,157,14347,30255,50421,42767,28040,33538,21422,21090,25126,23950
328,0.0936,0.0935,0.0934,0.0933,0.0932,0.0931,0.093,0.0929,0.0928,0.0927,0.0938,0.0939,0.094,0.0941,0.0942,0.0943,0.0944,0.0945,0.0946,0.0947,41954,66211,53483,50945,45668,23805,21879,20393,71812,157,35818,42131,38070,28052,30007,33224,21422,21090,25126,23950
329,0.0936,0.0935,0.0934,0.0933,0.0932,0.0931,0.093,0.0929,0.0928,0.0927,0.0938,0.0939,0.094,0.0941,0.0942,0.0943,0.0944,0.0945,0.0946,0.0947,41954,54639,65056,50945,45668,23805,21879,20393,71812,157,35818,48626,29789,28052,32064,31554,21422,21090,25126,23950
330,0.0936,0.0935,0.0934,0.0933,0.0932,0.0931,0.093,0.0929,0.0928,0.0927,0.0938,0.0939,0.094,0.0941,0.0942,0.0943,0.0944,0.0945,0.0946,0.0947,47409,71215,48476,50945,45668,23805,21879,20393,71812,157,33066,43824,34789,46900,30007,31554,21422,21090,25126,23950
331,0.0939,0.0938,0.0937,0.0936,0.0935,0.0934,0.0933,0.0932,0.0931,0.093,0.094,0.0941,0.0942,0.0943,0.0944,0.0945,0.0946,0.0947,0.0948,0.0949,1170,50101,76981,50628,39847,44279,22995,33821,22992,23049,7365,45122,34992,49719,31645,30758,26296,21563,21563,26513
332,0.0938,0.0937,0.0936,0.0935,0.0934,0.0933,0.0932,0.0931,0.093,0.0929,0.0939,0.094,0.0941,0.0942,0.0943,0.0944,0.0945,0.0946,0.0947,0.0948,35897,63541,55853,51307,44279,22995,33821,22992,23049,21563,1170,36931,44667,34210,29598,34594,30758,26469,21563,21563
333,0.0939,0.0938,0.0937,0.0936,0.0935,0.0934,0.0933,0.0932,0.0931,0.093,0.094,0.0941,0.0942,0.0943,0.0944,0.0945,0.0946,0.0947,0.0948,0.0949,11406,48048,49196,54096,39163,45708,24946,25211,22992,23049,1170,32673,31686,34598,33165,32446,29194,22992,21563,26513
334,0.0939,0.0938,0.0937,0.0936,0.0935,0.0934,0.0933,0.0932,0.0931,0.093,0.0941,0.0942,0.0943,0.0944,0.0945,0.0946,0.0947,0.0948,0.0949,0.095,45331,44213,69939,50843,44444,47921,24946,22993,22992,23049,65260,31683,34598,31645,32277,29018,22992,21563,24335,23650
335,0.0939,0.0938,0.0937,0.0936,0.0935,0.0934,0.0933,0.0932,0.0931,0.093,0.0941,0.0942,0.0943,0.0944,0.0945,0.0946,0.0947,0.0948,0.0949,0.095,50879,70377,54636,37682,38888,37227,24946,22993,22992,23049,33296,33858,34598,31322,35888,31659,22992,21563,26513,23650
336,0.0939,0.0938,0.0937,0.0936,0.0935,0.0934,0.0933,0.0932,0.0931,0.093,0.094,0.0941,0.0942,0.0943,0.0944,0.0945,0.0946,0.0947,0.0948,0.0949,1170,52651,82043,71249,44444,47901,24946,22993,22992,23049,11866,59229,34985,44926,29670,34212,26469,22992,21563,26513
337,0.0939,0.0938,0.0937,0.0936,0.0935,0.0934,0.0933,0.0932,0.0931,0.093,0.094,0.0941,0.0942,0.0943,0.0944,0.0945,0.0946,0.0947,0.0948,0.0949,1170,63464,72438,70242,37815,54535,24946,22993,22992,23049,11866,59641,34985,49683,31190,32693,26469,22992,21563,26513
