timestamp,bid_price_0,bid_price_1,bid_price_2,bid_price_3,bid_price_4,bid_price_5,bid_price_6,bid_price_7,bid_price_8,bid_price_9,ask_price_0,ask_price_1,ask_price_2,ask_price_3,ask_price_4,ask_price_5,ask_price_6,ask_price_7,ask_price_8,ask_price_9,bid_size_0,bid_size_1,bid_size_2,bid_size_3,bid_size_4,bid_size_5,bid_size_6,bid_size_7,bid_size_8,bid_size_9,ask_size_0,ask_size_1,ask_size_2,ask_size_3,ask_size_4,ask_size_5,ask_size_6,ask_size_7,ask_size_8,ask_size_9
0,0.0941,0.094,0.0939,0.0938,0.0937,0.0936,0.0935,0.0934,0.0933,0.0932,0.0943,0.0944,0.0945,0.0946,0.0947,0.0948,0.0949,0.095,0.0951,0.0952,57291,75966,59744,60897,38992,27798,30010,26551,26375,26982,49602,58497,29681,36421,44195,38192,28171,28820,27796,37776
1,0.0941,0.094,0.0939,0.0938,0.0937,0.0936,0.0935,0.0934,0.0933,0.0932,0.0942,0.0943,0.0944,0.0945,0.0946,0.0947,0.0948,0.0949,0.095,0.0951,56038,56455,59744,55533,44537,38444,30010,26551,26375,26982,1125,49812,48370,37879,36421,45621,38192,28171,28820,26375
2,0.0941,0.094,0.0939,0.0938,0.0937,0.0936,0.0935,0.0934,0.0933,0.0932,0.0942,0.0943,0.0944,0.0945,0.0946,0.0947,0.0948,0.0949,0.095,0.0951,56685,54490,59744,55358,44537,38619,30010,26551,26375,26982,1125,49602,45174,48303,34834,44195,29748,28171,28820,26375
3,0.0941,0.094,0.0939,0.0938,0.0937,0.0936,0.0935,0.0934,0.0933,0.0932,0.0942,0.0943,0.0944,0.0945,0.0946,0.0947,0.0948,0.0949,0.095,0.0951,53692,52904,60241,58419,44712,38444,30010,26551,26375,26982,1125,49602,55591,36583,34834,45621,29748,28171,28820,26375
4,0.0941,0.094,0.0939,0.0938,0.0937,0.0936,0.0935,0.0934,0.0933,0.0932,0.0942,0.0943,0.0944,0.0945,0.0946,0.0947,0.0948,0.0949,0.095,0.0951,1320,72455,62292,58419,48503,40409,27799,26551,28590,26982,14033,60713,43741,56825,34834,45621,29748,28171,28820,26375
5,0.0941,0.094,0.0939,0.0938,0.0937,0.0936,0.0935,0.0934,0.0933,0.0932,0.0942,0.0943,0.0944,0.0945,0.0946,0.0947,0.0948,0.0949,0.095,0.0951,26568,72411,65304,58419,48277,40409,27799,27977,28590,26982,11644,60136,41735,56825,34834,47538,27798,28171,28820,26375
6,0.0941,0.094,0.0939,0.0938,0.0937,0.0936,0.0935,0.0934,0.0933,0.0932,0.0942,0.0943,0.0944,0.0945,0.0946,0.0947,0.0948,0.0949,0.095,0.0951,1787,83028,56199,58419,48277,40409,27799,27977,28590,26982,21978,63333,40330,56825,34834,47538,27798,28171,28820,26375
7,0.094,0.0939,0.0938,0.0937,0.0936,0.0935,0.0934,0.0933,0.0932,0.0931,0.0942,0.0943,0.0944,0.0945,0.0946,0.0947,0.0948,0.0949,0.095,0.0951,57866,69715,58419,59914,39161,27799,27977,28590,26982,1551,33402,53904,40913,28917,34834,47538,27798,28171,28820,26375
8,0.094,0.0939,0.0938,0.0937,0.0936,0.0935,0.0934,0.0933,0.0932,0.0931,0.0941,0.0942,0.0943,0.0944,0.0945,0.0946,0.0947,0.0948,0.0949,0.095,5000,78973,64285,57433,42572,40406,27977,30017,26982,1551,19089,65395,34681,62923,28917,41227,34139,27798,28344,27399
9,0.0939,0.0938,0.0937,0.0936,0.0935,0.0934,0.0933,0.0932,0.0931,0.093,0.094,0.0941,0.0942,0.0943,0.0944,0.0945,0.0946,0.0947,0.0948,0.0949,31872,80660,59800,50362,48319,40614,30017,26982,1551,26429,17396,41859,60966,29681,34851,32257,30836,34139,27798,29008
10,0.0939,0.0938,0.0937,0.0936,0.0935,0.0934,0.0933,0.0932,0.0931,0.093,0.094,0.0941,0.0942,0.0943,0.0944,0.0945,0.0946,0.0947,0.0948,0.0949,5000,92625,50144,53428,48319,40334,27802,26375,3629,26429,21912,44999,59012,56904,41189,35294,27801,28034,26375,32314
11,0.094,0.0939,0.0938,0.0937,0.0936,0.0935,0.0934,0.0933,0.0932,0.0931,0.0941,0.0942,0.0943,0.0944,0.0945,0.0946,0.0947,0.0948,0.0949,0.095,1125,93986,47868,49364,40087,49748,29647,27802,26375,3629,21564,40067,85815,41948,31954,38732,28034,26375,31768,32896
12,0.094,0.0939,0.0938,0.0937,0.0936,0.0935,0.0934,0.0933,0.0932,0.0931,0.0941,0.0942,0.0943,0.0944,0.0945,0.0946,0.0947,0.0948,0.0949,0.095,1125,92798,47693,52428,37021,49748,29647,27802,26375,3345,21564,52037,72106,41948,31954,38732,28034,26375,31768,32896
13,0.094,0.0939,0.0938,0.0937,0.0936,0.0935,0.0934,0.0933,0.0932,0.0931,0.0941,0.0942,0.0943,0.0944,0.0945,0.0946,0.0947,0.0948,0.0949,0.095,1125,70809,59425,52426,42572,44191,29647,27802,26375,3345,24188,63053,35157,41476,35144,38732,28034,26375,31768,32896
14,0.0941,0.094,0.0939,0.0938,0.0937,0.0936,0.0935,0.0934,0.0933,0.0932,0.0942,0.0943,0.0944,0.0945,0.0946,0.0947,0.0948,0.0949,0.095,0.0951,51616,65053,53542,52333,40190,38447,29762,29910,27802,26375,221,45886,61356,32730,35688,38458,30346,33194,29342,26375
15,0.0942,0.0941,0.094,0.0939,0.0938,0.0937,0.0936,0.0935,0.0934,0.0933,0.0943,0.0944,0.0945,0.0946,0.0947,0.0948,0.0949,0.095,0.0951,0.0952,1125,67857,72462,59190,44007,38551,29743,27803,29910,27802,9697,65779,34110,63513,35088,32283,33367,29342,26375,30080
16,0.0942,0.0941,0.094,0.0939,0.0938,0.0937,0.0936,0.0935,0.0934,0.0933,0.0943,0.0944,0.0945,0.0946,0.0947,0.0948,0.0949,0.095,0.0951,0.0952,1125,62724,64078,68911,42793,36700,29743,27803,29809,28085,21479,55334,34873,63039,38120,32283,31280,29342,26375,30080
17,0.0944,0.0943,0.0942,0.0941,0.094,0.0939,0.0938,0.0937,0.0936,0.0935,0.0945,0.0946,0.0947,0.0948,0.0949,0.095,0.0951,0.0952,0.0953,0.0954,2993,66519,70967,53115,48224,39505,37459,27800,30009,27803,11388,61240,49651,29697,35387,41139,27798,29845,26375,30260
18,0.0945,0.0944,0.0943,0.0942,0.0941,0.094,0.0939,0.0938,0.0937,0.0936,0.0946,0.0947,0.0948,0.0949,0.095,0.0951,0.0952,0.0953,0.0954,0.0955,1125,67342,67069,53897,42524,45973,25797,37459,27800,30009,29943,54345,34113,62986,38315,38175,31266,26375,30260,26375
19,0.0945,0.0944,0.0943,0.0942,0.0941,0.094,0.0939,0.0938,0.0937,0.0936,0.0947,0.0948,0.0949,0.095,0.0951,0.0952,0.0953,0.0954,0.0955,0.0956,59741,43865,57382,50597,45577,35651,25521,35836,27800,27801,40270,37156,64958,41052,42566,41602,27795,26475,26375,32050
20,0.0946,0.0945,0.0944,0.0943,0.0942,0.0941,0.094,0.0939,0.0938,0.0937,0.0948,0.0949,0.095,0.0951,0.0952,0.0953,0.0954,0.0955,0.0956,0.0957,62405,43449,64774,46107,42666,41475,32084,25521,35836,27800,37432,48443,39840,61528,42352,27795,27893,26375,32050,591
21,0.0947,0.0946,0.0945,0.0944,0.0943,0.0942,0.0941,0.094,0.0939,0.0938,0.0948,0.0949,0.095,0.0951,0.0952,0.0953,0.0954,0.0955,0.0956,0.0957,1320,60599,47903,54776,38112,44083,29766,29911,25521,35836,3781,66781,41017,41920,41472,38150,27893,29956,28562,591
22,0.0947,0.0946,0.0945,0.0944,0.0943,0.0942,0.0941,0.094,0.0939,0.0938,0.0949,0.095,0.0951,0.0952,0.0953,0.0954,0.0955,0.0956,0.0957,0.0958,60640,67370,60328,39284,38112,35726,27794,31834,25521,27336,38996,51744,42099,38539,35030,38245,33262,26475,591,30181
23,0.0948,0.0947,0.0946,0.0945,0.0944,0.0943,0.0942,0.0941,0.094,0.0939,0.0949,0.095,0.0951,0.0952,0.0953,0.0954,0.0955,0.0956,0.0957,0.0958,1319,64955,70505,55301,38100,29556,37561,27794,29994,25521,23627,58408,41340,36288,40215,38245,31098,26475,591,30181
24,0.0948,0.0947,0.0946,0.0945,0.0944,0.0943,0.0942,0.0941,0.094,0.0939,0.095,0.0951,0.0952,0.0953,0.0954,0.0955,0.0956,0.0957,0.0958,0.0959,50003,46188,78437,60892,29552,33156,29627,27794,29994,25521,44059,38414,36120,38046,41217,35740,26475,3876,26632,1125
25,0.0949,0.0948,0.0947,0.0946,0.0945,0.0944,0.0943,0.0942,0.0941,0.094,0.095,0.0951,0.0952,0.0953,0.0954,0.0955,0.0956,0.0957,0.0958,0.0959,26568,59463,66503,59569,51162,30966,29990,29627,27794,29994,23062,57592,35539,53266,41217,37904,26475,1716,26632,1125
26,0.0948,0.0947,0.0946,0.0945,0.0944,0.0943,0.0942,0.0941,0.094,0.0939,0.095,0.0951,0.0952,0.0953,0.0954,0.0955,0.0956,0.0957,0.0958,0.0959,55014,67789,60339,51162,40334,28011,29627,27794,29994,25521,19216,60414,34624,49484,44230,33792,28415,3130,26632,3280
27,0.0948,0.0947,0.0946,0.0945,0.0944,0.0943,0.0942,0.0941,0.094,0.0939,0.0949,0.095,0.0951,0.0952,0.0953,0.0954,0.0955,0.0956,0.0957,0.0958,1125,54914,71994,62704,56460,40347,28213,27794,29994,25521,12085,65672,44284,52315,35030,47561,31267,26475,5290,26632
28,0.0947,0.0946,0.0945,0.0944,0.0943,0.0942,0.0941,0.094,0.0939,0.0938,0.0948,0.0949,0.095,0.0951,0.0952,0.0953,0.0954,0.0955,0.0956,0.0957,1259,67161,64618,53928,54051,46622,27794,29994,26646,26193,11221,61043,43078,82282,29434,41378,27890,33431,26475,3130
29,0.0948,0.0947,0.0946,0.0945,0.0944,0.0943,0.0942,0.0941,0.094,0.0939,0.0949,0.095,0.0951,0.0952,0.0953,0.0954,0.0955,0.0956,0.0957,0.0958,28370,71455,56431,48998,44291,49957,36022,27794,29994,26646,13663,39695,62072,56350,35030,38196,33431,26475,3130,30128
30,0.0949,0.0948,0.0947,0.0946,0.0945,0.0944,0.0943,0.0942,0.0941,0.094,0.095,0.0951,0.0952,0.0953,0.0954,0.0955,0.0956,0.0957,0.0958,0.0959,1125,70120,51928,55578,50833,45501,39368,36022,27794,29994,18860,43735,82874,38046,36781,41826,26475,3130,30128,1125
31,0.0948,0.0947,0.0946,0.0945,0.0944,0.0943,0.0942,0.0941,0.094,0.0939,0.0949,0.095,0.0951,0.0952,0.0953,0.0954,0.0955,0.0956,0.0957,0.0958,3254,55585,57204,52375,45501,49957,36022,27794,29994,26646,10195,39778,40429,56063,38046,38195,33431,26475,3130,30128
32,0.0948,0.0947,0.0946,0.0945,0.0944,0.0943,0.0942,0.0941,0.094,0.0939,0.0949,0.095,0.0951,0.0952,0.0953,0.0954,0.0955,0.0956,0.0957,0.0958,1456,58036,75256,52375,45501,44553,29753,27794,29994,26646,9700,65319,42987,38211,35030,38195,33431,26475,3130,30128
33,0.0948,0.0947,0.0946,0.0945,0.0944,0.0943,0.0942,0.0941,0.094,0.0939,0.0949,0.095,0.0951,0.0952,0.0953,0.0954,0.0955,0.0956,0.0957,0.0958,134,57277,76752,50540,45501,44682,29753,27794,29994,26646,11556,68168,46904,32453,35030,38195,33431,26475,3130,30128
34,0.0946,0.0945,0.0944,0.0943,0.0942,0.0941,0.094,0.0939,0.0938,0.0937,0.0948,0.0949,0.095,0.0951,0.0952,0.0953,0.0954,0.0955,0.0956,0.0957,55094,66760,57912,67544,45612,38380,27795,26646,28397,26375,46896,54792,40575,66526,32453,29923,27889,33431,26475,3130
35,0.0947,0.0946,0.0945,0.0944,0.0943,0.0942,0.0941,0.094,0.0939,0.0938,0.0948,0.0949,0.095,0.0951,0.0952,0.0953,0.0954,0.0955,0.0956,0.0957,3248,72376,58231,49868,57098,47029,27794,27795,26646,28397,9018,40267,65196,66998,29434,38349,27889,33431,26475,3130
36,0.0947,0.0946,0.0945,0.0944,0.0943,0.0942,0.0941,0.094,0.0939,0.0938,0.0948,0.0949,0.095,0.0951,0.0952,0.0953,0.0954,0.0955,0.0956,0.0957,56,72715,59025,49868,57098,47029,27794,27795,26646,28397,19852,42415,62223,69260,29434,38349,27889,33431,26475,3130
