timestamp,bid_price_0,bid_price_1,bid_price_2,bid_price_3,bid_price_4,bid_price_5,bid_price_6,bid_price_7,bid_price_8,bid_price_9,ask_price_0,ask_price_1,ask_price_2,ask_price_3,ask_price_4,ask_price_5,ask_price_6,ask_price_7,ask_price_8,ask_price_9,bid_size_0,bid_size_1,bid_size_2,bid_size_3,bid_size_4,bid_size_5,bid_size_6,bid_size_7,bid_size_8,bid_size_9,ask_size_0,ask_size_1,ask_size_2,ask_size_3,ask_size_4,ask_size_5,ask_size_6,ask_size_7,ask_size_8,ask_size_9
0,236.45,236.44,236.43,236.42,236.41,236.4,236.39,236.38,236.37,236.36,236.46,236.47,236.49,236.5,236.51,236.52,236.53,236.54,236.55,236.56,3.294,0.024,0.937,3.138,0.585,2.942,6.184,2.873,1.415,5.264,2.252,0.768,1.397,1.367,2.915,4.45,13.958,6.288,3.219,2.232
1,236.22,236.21,236.2,236.19,236.18,236.16,236.15,236.14,236.13,236.12,236.25,236.26,236.27,236.28,236.29,236.3,236.31,236.32,236.33,236.34,3.521,3.003,6.565,17.585,1.541,3.302,4.597,3.746,6.202,13.534,5.066,20.782,20.979,16.606,0.932,2.628,6.498,11.799,2.572,1.085
2,236.2,236.18,236.17,236.16,236.15,236.14,236.12,236.11,236.1,236.09,236.21,236.22,236.23,236.24,236.25,236.26,236.27,236.28,236.29,236.3,0.609,1.056,1.009,2.076,0.735,2.544,2.132,0.585,10.179,29.095,2.184,47.365,43.232,19.56,16.029,10.731,36.373,20.334,2.634,0.024
3,236.51,236.5,236.49,236.48,236.47,236.46,236.45,236.44,236.43,236.42,236.52,236.53,236.54,236.55,236.56,236.57,236.58,236.59,236.6,236.61,2.269,0.043,0.795,2.299,2.945,0.713,7.413,20.634,21.823,20.979,3.79,0.032,0.524,2.618,10.797,32.565,16.273,10.361,0.024,1.523
4,236.75,236.74,236.73,236.72,236.71,236.7,236.69,236.68,236.67,236.66,236.76,236.77,236.78,236.79,236.8,236.82,236.84,236.85,236.86,236.87,2.881,0.595,4.754,7.04,3.942,11.422,42.043,16.021,7.439,28.388,0.032,0.095,1.649,15.997,2.09,0.056,2.762,1.019,4.794,11.068
5,236.73,236.72,236.71,236.7,236.69,236.68,236.67,236.66,236.65,236.64,236.74,236.75,236.76,236.77,236.78,236.79,236.8,236.81,236.82,236.83,1.102,0.585,4.735,16.582,1.623,10.38,16.029,7.78,32.106,12.274,0.853,4.348,2.585,0.912,5.357,9.721,2.648,6.763,13.313,0.955
6,236.72,236.71,236.7,236.69,236.68,236.67,236.66,236.65,236.64,236.63,236.73,236.74,236.75,236.76,236.78,236.79,236.8,236.81,236.82,236.83,2.085,3.297,1.5,1.585,2.925,5.448,1.468,2.764,7.485,28.141,0.032,34.372,0.466,0.641,0.056,1.481,0.956,0.024,0.056,2
7,236.31,236.3,236.29,236.28,236.27,236.26,236.25,236.24,236.23,236.22,236.32,236.33,236.34,236.35,236.36,236.37,236.38,236.39,236.4,236.41,0.032,0.024,0.032,0.024,0.032,0.024,3.082,18.554,29.026,4.3,9.642,12.765,26.115,18.945,4.412,17.662,3.032,0.9,0.032,0.465
8,235.51,235.5,235.49,235.48,235.47,235.46,235.45,235.44,235.43,235.42,235.52,235.53,235.54,235.55,235.56,235.57,235.58,235.59,235.6,235.62,0.165,0.024,0.064,0.609,0.032,0.048,3.189,11.254,31.867,22.831,7.306,2.373,17.47,4.907,16.471,4.588,1.032,0.9,0.032,8.272
9,235.17,235.15,235.14,235.13,235.12,235.11,235.1,235.09,235.08,235.07,235.18,235.19,235.2,235.21,235.22,235.23,235.24,235.25,235.26,235.27,0.4,0.032,0.609,3.819,4.276,17.655,0.609,1.122,3.44,2.344,1.62,2.049,4.88,0.587,2.374,1.106,2.891,14.099,0.056,28.931
10,234.66,234.65,234.64,234.63,234.62,234.61,234.6,234.59,234.58,234.57,234.67,234.68,234.7,234.71,234.72,234.73,234.74,234.75,234.76,234.77,2.383,0.585,16.461,8.745,30.021,17.502,27.59,3.24,10.748,0.032,0.585,0.65,0.032,1.074,18.186,5.051,0.92,2.974,0.032,1.721
11,234.98,234.97,234.96,234.95,234.94,234.93,234.92,234.91,234.9,234.89,234.99,235,235.02,235.03,235.04,235.05,235.06,235.07,235.08,235.09,3.79,17.682,2.978,3.98,19.057,10.171,9.607,28.477,2.536,0.641,0.524,0.024,1.189,0.777,0.847,2.756,1.347,3.467,10.849,27.702
12,235.16,235.15,235.14,235.13,235.12,235.11,235.1,235.09,235.08,235.07,235.17,235.18,235.2,235.21,235.22,235.23,235.24,235.25,235.26,235.27,0.609,0.032,0.05,6.577,22.47,44.466,5.756,22.783,19.196,10.638,0.597,15.997,4.666,16.551,1.517,0.912,3.056,0.024,2.732,0.795
13,235.2,235.18,235.17,235.16,235.15,235.14,235.13,235.12,235.11,235.1,235.21,235.22,235.23,235.24,235.25,235.26,235.27,235.28,235.29,235.3,0.024,0.024,11.242,0.024,0.032,2.704,19.013,28.418,2.729,0.491,5.037,4.256,7.831,19.074,2.077,2.79,3.173,0.523,2.588,0.056
14,235.99,235.98,235.97,235.96,235.95,235.94,235.93,235.92,235.91,235.9,236,236.01,236.02,236.03,236.04,236.05,236.06,236.07,236.08,236.09,5.161,17.381,4.478,2.398,5.569,10.592,3.57,3.194,0.032,8.317,0.516,1.133,1.695,0.625,1.538,3.357,0.523,1.462,2.964,21.791
15,235.81,235.8,235.79,235.78,235.77,235.76,235.75,235.74,235.73,235.72,235.82,235.83,235.84,235.85,235.86,235.87,235.88,235.89,235.9,235.91,0.032,0.024,0.056,16.07,22.51,16.021,4.822,25.784,32.834,20.915,22.511,0.955,5.753,17.301,4.355,4.272,2.237,1.262,4.229,1.425
16,235.56,235.54,235.53,235.52,235.51,235.5,235.49,235.48,235.47,235.46,235.57,235.58,235.59,235.6,235.61,235.62,235.63,235.64,235.66,235.67,0.024,0.024,0.432,0.609,0.032,2.617,2.761,2.234,1.286,8.182,30.859,18.386,1.312,2.65,8.017,18.124,2.056,0.056,0.523,0.9
17,236.08,236.07,236.06,236.05,236.04,236.03,236.02,236.01,236,235.99,236.1,236.11,236.12,236.13,236.14,236.15,236.16,236.17,236.18,236.19,0.905,0.032,16.021,1.2,10.754,27.556,3.621,16.413,28.437,33.942,5.833,0.705,1.117,2.142,0.761,1.574,5.273,2.371,7.116,0.024
18,235.67,235.66,235.65,235.64,235.63,235.62,235.61,235.6,235.59,235.58,235.68,235.69,235.7,235.71,235.72,235.73,235.74,235.75,235.76,235.78,1.339,0.753,0.456,3.364,12.756,9.574,31.196,9.837,28.455,7.771,0.558,1.14,5.227,5.78,0.756,4.643,25.612,17.364,0.08,0.056
19,235.66,235.65,235.64,235.63,235.62,235.61,235.6,235.59,235.58,235.57,235.68,235.7,235.72,235.73,235.74,235.76,235.77,235.78,235.8,235.82,8.885,14.509,3.217,4.117,0.024,7.61,0.024,2.758,5.747,21.959,2.75,0.056,1.454,0.856,3.056,2.613,7.219,17.636,3.08,11.199
20,235.74,235.72,235.71,235.7,235.69,235.68,235.67,235.66,235.65,235.64,235.75,235.76,235.77,235.78,235.79,235.8,235.81,235.82,235.84,235.85,0.4,0.524,0.35,4.913,16.029,0.609,11.442,37.995,16.029,5.585,24.439,1.169,2.509,4.259,2.886,2.967,0.585,0.056,5.239,11.373
21,236.2,236.19,236.18,236.17,236.16,236.15,236.14,236.13,236.12,236.11,236.21,236.22,236.23,236.24,236.26,236.27,236.28,236.29,236.3,236.31,0.971,0.032,0.593,0.12,1.178,0.032,7.954,25.153,40.198,49.266,5.438,3.894,0.5,2.149,2.504,3.99,13.366,26.043,2.702,0.937
22,236.48,236.47,236.46,236.45,236.44,236.43,236.42,236.41,236.4,236.39,236.49,236.52,236.53,236.54,236.55,236.56,236.58,236.59,236.6,236.61,2.33,10.568,0.024,11.414,42.479,17.053,2.014,4.144,0.024,3.531,0.609,9.258,26.03,0.056,1.553,3.641,2.594,6.786,18.148,20.154
23,236.62,236.61,236.6,236.59,236.58,236.57,236.56,236.55,236.54,236.53,236.63,236.64,236.65,236.66,236.67,236.68,236.69,236.7,236.71,236.72,0.024,0.032,0.024,5.07,22.01,14.971,18.997,1.082,2.136,0.032,7.746,8.277,24.17,19.107,3.9,0.605,0.977,6.101,19.579,9.652
24,237.5,237.49,237.48,237.47,237.46,237.45,237.44,237.43,237.42,237.41,237.52,237.53,237.54,237.55,237.56,237.57,237.58,237.6,237.62,237.64,0.585,3.034,14.107,10.554,3.034,0.032,12.961,31.313,10.627,3.064,1.096,17.595,3.641,0.501,0.056,0.585,0.056,1.974,2.357,0.52
25,237.31,237.3,237.29,237.28,237.27,237.26,237.25,237.24,237.23,237.22,237.32,237.34,237.36,237.38,237.4,237.42,237.43,237.44,237.45,237.46,0.575,4.825,5.419,0.464,8.546,33.244,26.168,7.609,28.586,0.924,4.588,2.997,1.956,3.106,0.056,0.641,11.798,2.168,1.485,1.456
26,237.24,237.23,237.22,237.21,237.2,237.19,237.18,237.17,237.16,237.15,237.25,237.26,237.27,237.28,237.29,237.3,237.31,237.32,237.33,237.34,0.024,0.032,0.024,0.032,4.163,21.991,38.736,0.064,0.048,0.617,6.452,17.935,7.45,20.804,21.002,19.719,16.897,0.056,0.21,0.617
27,237.08,237.07,237.06,237.05,237.04,237.03,237.02,237.01,237,236.99,237.11,237.12,237.13,237.14,237.16,237.17,237.18,237.2,237.21,237.22,0.07,0.032,0.024,8.296,35.968,26.168,2.136,0.032,0.929,3.032,15.997,16.897,1.461,0.032,0.521,0.585,0.056,0.056,0.585,3.381
28,237.19,237.18,237.17,237.16,237.15,237.14,237.13,237.12,237.11,237.1,237.2,237.22,237.24,237.25,237.26,237.28,237.29,237.3,237.31,237.32,1.721,0.635,1.578,2.988,3.651,10.163,2.458,2.747,1.078,4.899,1.823,0.056,2.535,0.585,2.398,1.738,3.464,3.535,11.656,0.056
29,237.06,237.05,237.04,237.03,237.02,237.01,237,236.99,236.98,236.97,237.07,237.1,237.11,237.12,237.14,237.15,237.16,237.17,237.18,237.19,1.737,0.064,0.024,0.617,2.471,0.032,2.497,10.102,36.305,10.171,3.347,0.424,0.9,0.641,2.25,10.068,28.784,7.468,30.504,22.845
30,236.95,236.94,236.93,236.92,236.91,236.9,236.89,236.88,236.87,236.86,236.96,236.97,236.98,237,237.01,237.02,237.04,237.05,237.06,237.07,0.818,0.524,4.73,20.554,19.651,24.835,32.585,13.857,16.029,1.974,3.797,2.592,15.802,2.926,6.074,9.739,1.13,2,1.588,1.793
31,237.19,237.18,237.17,237.16,237.15,237.14,237.13,237.12,237.11,237.1,237.2,237.21,237.22,237.23,237.24,237.25,237.26,237.27,237.28,237.29,5.572,3.148,8.673,19.872,16.029,3.788,18.427,20.899,0.932,12.171,9.741,0.5,9.765,0.585,1.99,5.459,0.641,0.156,1.16,3.697
32,237.34,237.33,237.32,237.31,237.3,237.29,237.27,237.26,237.25,237.24,237.35,237.36,237.38,237.39,237.4,237.41,237.42,237.43,237.44,237.46,1.162,1.137,1.136,4.786,10.554,1.505,2.287,0.609,2.369,0.024,3.355,0.056,0.032,1.124,4.66,2.996,5.475,12.621,6.617,7.869
33,237.38,237.37,237.36,237.35,237.34,237.33,237.32,237.31,237.3,237.29,237.39,237.4,237.41,237.42,237.43,237.44,237.45,237.46,237.47,237.48,1.54,1.454,1.835,2.953,0.024,6.355,16.021,6.237,16.021,1.517,2.707,0.032,9.113,28.61,13.658,12.722,0.764,0.665,0.464,5.955
34,237.43,237.42,237.41,237.4,237.39,237.38,237.37,237.36,237.35,237.34,237.45,237.46,237.48,237.49,237.5,237.51,237.52,237.53,237.54,237.55,1.573,5.318,20.278,0.488,2.351,2.758,0.032,2.348,10.758,31.029,0.585,0.617,0.604,5.274,15.555,18.997,0.056,0.609,0.956,2.144
35,237.88,237.87,237.86,237.85,237.84,237.83,237.82,237.81,237.8,237.79,237.89,237.9,237.92,237.93,237.94,237.95,237.96,237.98,237.99,238,1.235,0.939,0.469,8.836,33.929,10.818,5.725,16.614,0.487,11.423,1.223,0.731,0.641,0.5,1.493,1.585,0.456,5.912,12.615,5.198
36,237.64,237.63,237.62,237.61,237.6,237.59,237.58,237.57,237.56,237.55,237.65,237.68,237.7,237.72,237.73,237.74,237.75,237.76,237.78,237.79,3.695,0.532,3.525,7.613,15.997,1.892,12.332,38.875,27.937,2.617,1.029,0.032,0.641,1.056,0.585,3.023,2.702,0.935,0.056,0.617
37,237.43,237.42,237.41,237.4,237.39,237.38,237.37,237.36,237.35,237.34,237.44,237.46,237.47,237.48,237.49,237.5,237.51,237.52,237.53,237.54,6.33,2.533,2.472,12.594,34.864,27.58,3.453,3.437,17.33,8.485,0.424,0.056,2.91,11.349,0.585,1.279,0.464,3.122,8.821,34.479
38,237.64,237.63,237.62,237.61,237.6,237.59,237.58,237.57,237.56,237.55,237.65,237.66,237.67,237.68,237.69,237.7,237.71,237.72,237.73,237.74,0.024,1,0.024,0.032,11.364,0.032,6.957,16.029,0.024,0.617,10.477,18.431,6.613,4.763,9.555,32.82,1.485,6.903,16.274,3.091
39,236.61,236.6,236.59,236.58,236.57,236.56,236.55,236.54,236.53,236.52,236.62,236.64,236.65,236.66,236.67,236.68,236.69,236.7,236.71,236.72,1.603,15.997,4.807,15.997,5.989,17.996,0.932,0.024,3.656,5.239,2.715,0.262,0.585,2.063,1.448,5.859,2.378,24.443,70.74,1.012
40,236.15,236.14,236.13,236.12,236.11,236.1,236.09,236.08,236.07,236.06,236.16,236.18,236.19,236.2,236.21,236.22,236.23,236.24,236.26,236.27,2.905,0.064,0.032,0.585,2.149,1.428,4.704,0.024,2.149,0.31,4.131,0.897,1.785,3.402,11.226,35.359,5.178,14.123,2.866,21.139
41,235.94,235.93,235.92,235.91,235.9,235.89,235.88,235.87,235.86,235.84,235.95,235.96,235.98,235.99,236,236.01,236.02,236.03,236.04,236.05,0.61,0.5,4.668,20.919,19.132,11.178,0.056,1.234,3.053,0.962,1.235,1.589,2.11,0.9,3.115,17.191,5.065,33.848,12.841,5.773
42,235.49,235.48,235.46,235.45,235.44,235.42,235.41,235.4,235.39,235.38,235.5,235.51,235.52,235.53,235.54,235.56,235.57,235.58,235.59,235.6,1.134,1.834,0.056,1.085,0.162,0.665,0.94,3.604,1.652,2.5,1.235,2.281,2.432,15.997,3.048,2.449,4.173,13.071,45.889,39.18
43,235.69,235.68,235.67,235.66,235.65,235.64,235.62,235.61,235.6,235.59,235.7,235.72,235.74,235.75,235.76,235.77,235.78,235.79,235.8,235.81,20.818,15.997,5.734,20.54,17.732,16.053,1.541,0.024,1.126,3.585,0.424,0.056,0.056,2.464,17.561,0.5,2.827,10.827,34.31,6.396
44,235.76,235.75,235.74,235.72,235.71,235.7,235.69,235.68,235.66,235.65,235.77,235.78,235.79,235.8,235.81,235.82,235.83,235.84,235.85,235.86,0.634,1,1.091,0.08,5.36,16.053,0.9,1.241,7.307,21.179,4.623,0.707,16.497,1.427,3.292,27.271,0.985,1.534,4.871,11.224
45,235.55,235.53,235.52,235.51,235.5,235.49,235.48,235.47,235.46,235.45,235.56,235.58,235.59,235.6,235.61,235.62,235.63,235.64,235.65,235.66,2.085,1.012,3.199,10.611,0.641,3.38,4.256,3.021,2.168,3.762,0.024,0.056,0.509,16.495,16.582,0.056,63.228,7.278,21.656,0.056
46,235.44,235.42,235.41,235.4,235.38,235.37,235.36,235.35,235.34,235.33,235.45,235.46,235.47,235.48,235.49,235.5,235.51,235.52,235.53,235.54,0.024,0.024,0.024,0.056,0.056,0.617,0.056,0.5,2.687,1.255,5.911,5.788,27.841,37.566,20.739,16.397,5.368,22.965,33.529,52.59
47,235.56,235.55,235.54,235.52,235.51,235.5,235.49,235.48,235.47,235.46,235.57,235.58,235.59,235.6,235.61,235.62,235.63,235.64,235.65,235.66,0.566,0.088,0.032,0.056,0.585,2.147,2.496,0.641,5.472,0.056,0.585,0.777,1.124,3.764,1.524,3.429,6.351,27.984,35.573,0.08
48,235.56,235.55,235.54,235.52,235.51,235.5,235.49,235.48,235.47,235.46,235.58,235.59,235.6,235.61,235.62,235.63,235.64,235.65,235.66,235.68,1.585,1.388,0.032,4.537,16.4,17.533,0.585,3.097,6.731,3.084,4.683,8.359,33.473,0.976,1.388,0.032,2.142,14.894,42.461,0.936
49,235.34,235.32,235.3,235.29,235.28,235.26,235.25,235.24,235.23,235.22,235.35,235.36,235.37,235.38,235.39,235.4,235.41,235.42,235.43,235.44,0.059,0.12,0.056,0.9,5.712,2.535,0.617,3.444,3.95,4.697,1.762,22.135,16.44,0.032,0.585,1.329,3.355,2.511,13.587,53.398
50,235.19,235.17,235.16,235.15,235.14,235.13,235.12,235.11,235.1,235.09,235.2,235.22,235.23,235.24,235.25,235.26,235.27,235.28,235.29,235.3,4.319,1.325,4.671,10.627,0.056,3.522,3.608,0.479,3.501,3.017,0.024,0.701,1.747,6.056,17.57,1.002,4.107,19.022,6.127,28.976
51,235.54,235.52,235.51,235.5,235.48,235.46,235.45,235.44,235.43,235.42,235.55,235.56,235.57,235.58,235.59,235.6,235.61,235.62,235.63,235.64,1.079,1.701,5.694,12.208,0.641,2.459,1.373,3.931,3,2.45,1.446,11.469,5.446,31.984,54.939,16.829,0.245,0.056,0.432,6.246
52,235.65,235.64,235.63,235.62,235.61,235.6,235.59,235.58,235.56,235.55,235.66,235.68,235.7,235.72,235.73,235.74,235.75,235.76,235.77,235.78,4.525,17.682,1.669,1.753,3.491,4.596,2.875,2.168,2.129,0.585,0.024,0.024,0.056,8.722,16.92,0.08,0.942,4.398,4.52,12.451
53,235.28,235.26,235.25,235.24,235.23,235.22,235.21,235.2,235.19,235.18,235.29,235.3,235.31,235.32,235.33,235.34,235.35,235.36,235.37,235.38,0.084,0.108,4.254,9.8,0.5,0.056,1.585,2.21,2.907,4.565,2.349,22.02,21.695,16.029,5.626,26.482,35.921,16.053,11.094,37.561
54,235.23,235.22,235.21,235.2,235.19,235.18,235.17,235.16,235.15,235.14,235.24,235.26,235.27,235.28,235.29,235.3,235.31,235.32,235.33,235.34,4.748,1.174,4.678,16.029,4.55,19.029,1.367,0.056,2.382,1.697,0.013,0.048,0.032,0.828,0.585,2.438,7.236,17.561,3.435,12.506
55,235.19,235.17,235.16,235.15,235.14,235.12,235.11,235.1,235.09,235.08,235.2,235.22,235.23,235.24,235.25,235.26,235.27,235.28,235.29,235.3,0.955,1.985,4.075,12.969,1.963,2.447,0.609,2.976,3,2.447,0.609,0.056,1.109,2.496,8.618,17.834,0.032,12.791,33.241,2.418
56,235.18,235.16,235.15,235.14,235.13,235.12,235.11,235.1,235.09,235.08,235.19,235.2,235.21,235.22,235.23,235.24,235.25,235.26,235.27,235.28,0.137,0.056,1.708,0.641,0.032,2.463,0.585,2.487,10.221,38.143,9.751,17.881,11.081,22.693,16.517,0.982,2.961,11.925,43.408,21.761
57,234.71,234.7,234.69,234.68,234.67,234.66,234.64,234.63,234.62,234.61,234.72,234.74,234.76,234.77,234.78,234.79,234.8,234.81,234.82,234.83,3.947,2.973,4.785,17.249,4.428,11.791,2.958,0.585,2.505,1.726,0.024,0.056,0.641,0.968,7.655,16.976,0.056,2.385,2.504,3.033
58,235.01,235,234.99,234.98,234.97,234.96,234.95,234.94,234.93,234.92,235.02,235.04,235.05,235.06,235.07,235.08,235.09,235.1,235.11,235.12,3.708,1.533,0.823,0.032,7.664,26.691,2.388,1.851,8.334,16.029,0.024,0.056,0.585,0.056,2.455,4.654,16.497,7.889,28.181,31.835
59,234.81,234.8,234.79,234.78,234.77,234.76,234.75,234.74,234.73,234.72,234.82,234.83,234.84,234.86,234.87,234.88,234.89,234.9,234.91,234.92,0.457,5.076,0.5,0.617,4.925,21.272,15.997,2.168,0.585,0.056,1.474,0.889,1.714,3.764,0.585,6.344,13.547,3.167,0.329,17.119
60,235.01,235,234.99,234.98,234.97,234.96,234.95,234.94,234.93,234.92,235.02,235.04,235.06,235.07,235.08,235.09,235.1,235.11,235.12,235.13,1.662,17.944,4.882,17.109,4.085,10.72,4.551,21.413,15.997,0.387,0.024,0.056,0.08,10.588,31.835,0.468,4.729,18.505,5.779,13.697
61,235.08,235.06,235.05,235.04,235.02,235.01,235,234.99,234.98,234.97,235.09,235.1,235.11,235.12,235.13,235.14,235.15,235.16,235.17,235.18,0.145,11.024,0.87,0.909,0.056,0.032,0.056,1.485,0.383,2.112,23.124,7.24,17.744,11.247,37.355,24.333,23.705,16.053,0.024,6.962
62,235.07,235.06,235.04,235.03,235.02,235.01,235,234.99,234.98,234.96,235.08,235.09,235.1,235.11,235.12,235.13,235.14,235.15,235.16,235.17,0.797,0.658,0.299,1.463,0.056,1.254,0.056,0.912,2.161,7.15,2.365,0.827,0.536,0.934,3.129,1.717,9.706,28.04,37.619,2
63,235.03,235.02,235.01,235,234.99,234.98,234.96,234.95,234.94,234.93,235.04,235.05,235.06,235.07,235.08,235.09,235.1,235.11,235.12,235.13,0.271,0.084,0.68,0.056,0.585,0.056,1.109,1.275,4.606,3.379,1.047,1.614,2.97,2.148,0.641,6.165,15.801,9.002,28.904,32.051
64,235.29,235.28,235.26,235.24,235.23,235.22,235.2,235.19,235.18,235.17,235.3,235.31,235.32,235.33,235.34,235.35,235.36,235.37,235.38,235.39,0.596,0.06,0.389,0.737,0.327,2.616,3.373,1.024,4.461,16.92,2.134,1.085,0.891,2.405,0.641,3.586,12.942,35.845,7.82,18.669
65,235.17,235.15,235.14,235.13,235.12,235.11,235.1,235.09,235.08,235.07,235.18,235.2,235.22,235.23,235.24,235.25,235.26,235.27,235.28,235.29,1.684,12.825,0.694,0.66,4.275,1.092,2.449,13.383,2.45,0.468,0.024,0.382,0.056,4.954,18.535,30.805,48.79,14.33,0.056,1.368
66,235.02,235,234.99,234.98,234.97,234.96,234.95,234.94,234.92,234.91,235.03,235.04,235.06,235.07,235.08,235.09,235.1,235.11,235.12,235.13,1.417,0.56,11.103,12.881,7.683,13.73,0.205,0.641,0.956,0.609,1.335,0.582,3.434,6.801,15.925,2.879,16.178,54.897,1.247,3.075
67,235.25,235.24,235.22,235.21,235.2,235.19,235.18,235.17,235.16,235.14,235.26,235.27,235.28,235.29,235.3,235.31,235.32,235.33,235.34,235.35,10.985,0.557,0.056,0.468,0.641,0.326,0.907,2.864,4.436,3.021,0.65,16.777,18.074,14.169,1.735,3.5,0.382,0.92,12.567,32.962
68,235.37,235.36,235.35,235.34,235.33,235.32,235.31,235.3,235.29,235.28,235.38,235.4,235.41,235.42,235.43,235.44,235.45,235.46,235.47,235.48,1.485,13.647,0.495,12.83,11.204,1.056,1.991,1.009,17.569,48.159,0.024,0.056,1.475,2.981,1.784,4.301,1.473,2.475,12.658,35.42
69,235.26,235.25,235.24,235.23,235.22,235.21,235.2,235.19,235.18,235.17,235.27,235.28,235.29,235.3,235.31,235.32,235.33,235.34,235.35,235.36,1.015,0.578,0.084,0.851,3.547,4.393,6.416,9.754,2.513,0.585,1.533,0.532,1.564,0.056,2.456,0.641,3.117,4.523,20.219,53.961
70,235.12,235.11,235.1,235.09,235.08,235.07,235.06,235.05,235.04,235.03,235.13,235.14,235.15,235.16,235.17,235.18,235.19,235.2,235.21,235.22,0.904,3.82,12.83,0.507,0.952,3,2.489,2.947,0.381,5.846,0.585,0.524,0.585,0.056,3.617,12.542,39.478,23.528,12.289,0.056
71,235.29,235.28,235.26,235.25,235.24,235.22,235.21,235.2,235.18,235.17,235.3,235.32,235.33,235.34,235.35,235.36,235.37,235.38,235.39,235.4,4.71,15.116,4.458,15.798,0.956,3.33,3.335,0.056,11.532,37.52,0.024,0.08,0.4,2.806,2.612,3.378,8.076,26.611,31.811,0.924
72,235.35,235.34,235.33,235.32,235.31,235.3,235.28,235.27,235.26,235.25,235.38,235.39,235.4,235.41,235.42,235.43,235.44,235.45,235.46,235.47,0.923,3.433,13.182,1.056,5.728,12.83,0.382,1.485,2.473,7.775,0.585,0.278,2.473,2.743,0.056,12.094,40.146,19.032,0.056,2.609
73,235.57,235.56,235.55,235.54,235.53,235.52,235.51,235.5,235.49,235.48,235.58,235.59,235.6,235.61,235.62,235.63,235.64,235.65,235.66,235.67,0.585,1.5,0.528,3.069,10.204,1.037,3.585,2.501,0.032,2.498,1.251,2.248,1.668,3.485,1.819,12.959,39.504,18.498,7.506,18.514
74,235.51,235.5,235.49,235.48,235.47,235.46,235.45,235.44,235.42,235.41,235.52,235.53,235.54,235.55,235.56,235.57,235.58,235.59,235.6,235.61,0.654,0.052,0.496,2.163,2,2.472,0.585,2.497,2.539,2.421,1.221,1.853,0.032,2.416,0.641,11.669,37.608,17.505,0.399,2.352
75,235.52,235.5,235.48,235.46,235.45,235.44,235.43,235.42,235.41,235.4,235.53,235.54,235.55,235.56,235.57,235.58,235.59,235.6,235.62,235.63,0.509,0.052,0.508,0.056,1.052,0.62,0.982,5.377,2.495,5.738,6.721,1.41,7.21,26.805,43.084,40.153,6.012,0.056,0.056,12.562
76,235.26,235.24,235.23,235.22,235.21,235.2,235.19,235.18,235.17,235.16,235.27,235.28,235.3,235.31,235.32,235.34,235.35,235.36,235.37,235.38,0.695,0.281,0.585,1.056,2.653,9.666,16.556,13.126,2.388,0.08,1.375,3.374,2.467,0.585,2.253,2.491,2.571,10.732,28.353,33.198
77,235.38,235.36,235.35,235.34,235.33,235.32,235.31,235.3,235.29,235.28,235.39,235.4,235.42,235.43,235.44,235.45,235.46,235.47,235.48,235.49,1.037,0.125,1.976,3.374,7.919,14.942,0.585,2.392,2.671,12.492,3.497,1.007,3.944,1.803,3.356,1.261,3.587,2.91,12.35,40.715
78,235.84,235.82,235.81,235.8,235.79,235.78,235.77,235.76,235.75,235.74,235.85,235.87,235.88,235.9,235.91,235.92,235.93,235.94,235.95,235.96,10.656,1.582,0.613,0.056,1.448,4.926,1.329,5.308,6.714,15.139,2.003,1.278,1.998,13.006,37.697,17.376,0.254,0.641,0.211,2.568
79,236.16,236.15,236.14,236.12,236.11,236.1,236.09,236.08,236.07,236.06,236.18,236.19,236.2,236.21,236.22,236.23,236.24,236.26,236.28,236.29,0.669,4.215,12.423,4.208,5.533,12.639,0.617,2.316,1.3,18.946,0.585,0.532,3.826,13.839,7.777,19.305,0.056,2.713,12.53,40.691
80,236.04,236.02,236.01,236,235.99,235.98,235.97,235.96,235.95,235.94,236.05,236.06,236.07,236.08,236.09,236.1,236.12,236.13,236.14,236.15,0.205,0.083,0.613,10.238,0.885,1.965,0.056,4.311,1.798,4.063,1.898,3.503,2.677,7.022,23.721,19.785,2.812,5.84,1.36,4.367
81,235.63,235.62,235.61,235.6,235.59,235.58,235.57,235.56,235.55,235.54,235.64,235.65,235.66,235.67,235.68,235.69,235.7,235.71,235.72,235.73,0.613,5.001,14.412,3.641,0.4,0.08,2.24,0.848,2.825,2.296,0.59,0.092,0.032,2.158,13.485,1.684,3.527,0.585,1.779,1.367
82,235.74,235.73,235.72,235.71,235.7,235.69,235.68,235.67,235.66,235.65,235.75,235.76,235.77,235.78,235.79,235.8,235.81,235.82,235.83,235.84,0.163,13.274,0.032,0.585,5.047,16.793,17.917,1.226,0.032,4.78,1.122,0.35,1.337,2.887,16.944,0.056,4.149,4.414,11.638,40.324
83,235.58,235.57,235.56,235.55,235.54,235.53,235.52,235.51,235.5,235.49,235.59,235.6,235.61,235.62,235.63,235.64,235.65,235.66,235.67,235.68,0.612,17.146,14.07,3,0.056,0.91,0.056,2.229,0.665,2.26,1.337,0.683,0.508,1.042,3.724,3.13,6.099,20.433,2.691,10.079
84,235.89,235.88,235.87,235.86,235.85,235.84,235.83,235.82,235.81,235.8,235.91,235.92,235.94,235.95,235.96,235.97,235.98,235.99,236,236.01,0.65,3.194,10.594,0.056,1.08,0.641,3.82,20.558,14.243,0.77,16.549,4.063,2.266,0.585,7.069,21.858,7.96,0.032,5.622,21.835
85,235.95,235.94,235.92,235.91,235.9,235.89,235.88,235.87,235.86,235.85,235.96,235.98,235.99,236,236.01,236.02,236.04,236.06,236.07,236.08,5.269,4.01,4.499,16.648,2.847,1.768,11.559,38.535,21.616,4.107,0.024,0.08,0.032,0.955,3.012,1.72,2.842,3.843,19.19,49.764
86,236.02,236.01,236,235.99,235.98,235.97,235.96,235.95,235.94,235.93,236.03,236.04,236.05,236.06,236.07,236.08,236.09,236.1,236.11,236.12,0.554,10.615,0.88,5.261,13.854,2.032,2.517,0.324,8.531,32.831,1.777,5.207,17.128,12.83,5.646,19.014,27.223,37.918,23.377,0.056
87,236.11,236.09,236.08,236.06,236.05,236.04,236.02,236.01,236,235.99,236.12,236.14,236.15,236.16,236.17,236.18,236.19,236.2,236.21,236.22,0.616,0.704,2.644,13.854,0.585,2.227,2.331,0.324,2.148,2.275,1.891,2.227,0.024,1.952,0.69,2.033,2.15,5.242,11.118,42.84
88,236.22,236.2,236.19,236.18,236.17,236.16,236.15,236.14,236.13,236.12,236.23,236.24,236.25,236.26,236.27,236.28,236.29,236.3,236.31,236.32,2.077,1.097,0.637,0.056,0.824,2.206,0.585,2.672,1.644,7.656,4.573,13.25,4.69,13.407,5.415,15.702,9.111,12.854,14.82,61.078
89,236.24,236.22,236.21,236.2,236.19,236.18,236.17,236.16,236.15,236.14,236.25,236.26,236.27,236.28,236.29,236.3,236.31,236.32,236.33,236.34,0.636,3.108,0.893,2.286,0.466,1.717,0.271,2.008,0.585,2.211,0.569,0.563,1.039,1.166,6.943,25.102,12.798,2.499,4.381,10.347
90,236.23,236.2,236.19,236.18,236.16,236.14,236.13,236.12,236.11,236.1,236.24,236.26,236.27,236.28,236.29,236.3,236.31,236.32,236.33,236.34,4.042,2.566,0.585,2.078,2.77,2.203,0.847,3.112,10.146,39.236,0.024,0.056,8.077,20.433,0.324,0.641,12.868,35.301,6.241,20.433
91,236.35,236.34,236.32,236.31,236.3,236.28,236.27,236.26,236.25,236.24,236.36,236.38,236.39,236.4,236.41,236.42,236.43,236.44,236.45,236.46,1.585,0.497,2.534,0.585,2.13,2.755,0.814,1.667,0.585,12.836,0.024,0.641,5.488,13.254,7.111,20.433,0.912,4.306,4.186,9.691
92,236.22,236.2,236.19,236.18,236.16,236.15,236.14,236.13,236.12,236.11,236.23,236.24,236.25,236.26,236.27,236.28,236.29,236.3,236.31,236.32,0.587,0.401,1.527,2.08,2.655,0.323,2.092,8.805,23.321,9.708,15.518,1.923,1.862,2.42,5.515,21.468,27.115,21.346,32.859,21.744
93,236.06,236.04,236.03,236.02,236.01,236,235.99,235.98,235.97,235.96,236.07,236.08,236.09,236.1,236.11,236.12,236.13,236.14,236.15,236.16,0.77,3.083,0.5,2.194,6.287,12.83,5.262,14.109,3.869,12.854,1.937,13.993,1.679,0.641,2.076,2.157,10.697,34.497,6.18,21.703
94,236.06,236.04,236.02,236.01,236,235.99,235.98,235.97,235.96,235.95,236.07,236.08,236.09,236.1,236.12,236.13,236.14,236.15,236.16,236.17,1.103,0.083,2.266,0.024,4.429,0.884,2.691,7.777,20.433,4.406,1.847,0.607,0.935,3.134,0.38,10.688,31.835,8.099,21.433,0.796
95,236.36,236.35,236.34,236.32,236.31,236.3,236.29,236.28,236.26,236.25,236.37,236.38,236.4,236.42,236.44,236.45,236.46,236.47,236.48,236.49,0.585,1.466,0.519,2.261,5.951,19.005,12.822,2.25,6.391,18.981,1.884,1.182,2.129,2.667,7.931,31.373,36.999,0.032,4.174,0.4
96,236.24,236.22,236.2,236.19,236.18,236.17,236.16,236.14,236.13,236.12,236.25,236.26,236.27,236.28,236.29,236.3,236.31,236.32,236.33,236.34,0.244,0.171,0.139,1.101,0.952,3,2.697,2.554,0.985,2.088,8.823,19.7,14.354,12.321,38.528,12.854,6.186,22.827,41.409,22.862
97,236.03,236.02,236,235.99,235.98,235.96,235.95,235.94,235.93,235.92,236.04,236.06,236.07,236.08,236.09,236.1,236.11,236.12,236.13,236.14,0.585,2.235,5.497,1.615,2.644,2.059,0.585,2.783,8.7,20.433,0.617,0.056,0.466,1.543,1.894,1.858,4.972,25.051,35.463,20.01
98,236.61,236.6,236.59,236.58,236.57,236.56,236.55,236.54,236.53,236.52,236.62,236.64,236.66,236.67,236.68,236.69,236.7,236.71,236.72,236.73,10.683,17.831,20.836,29.213,13.698,3.965,13.849,0.301,0.9,0.641,0.024,0.056,0.102,0.244,2.022,1.115,2.975,4.099,8.072,33.94
99,235.78,235.77,235.76,235.75,235.74,235.73,235.72,235.71,235.7,235.68,235.79,235.8,235.81,235.83,235.84,235.85,235.86,235.87,235.88,235.89,0.706,0.4,1.545,0.524,2.094,0.617,2.093,16.235,47.561,2.753,1.595,12.798,0.978,5.761,13.407,2.069,0.024,5.478,21.524,33.535
100,235.71,235.7,235.69,235.68,235.67,235.66,235.65,235.64,235.62,235.61,235.72,235.74,235.75,235.76,235.77,235.78,235.79,235.8,235.81,235.82,15.764,7.2,13.298,4.614,12.826,1.422,0.585,2.747,0.056,0.617,0.869,0.024,0.032,0.024,0.617,2.062,0.903,14.766,31.835,0.024
101,235.89,235.88,235.87,235.86,235.85,235.84,235.83,235.82,235.81,235.8,235.9,235.92,235.93,235.94,235.95,235.96,235.97,235.98,235.99,236,1.658,5.071,13.29,4.656,23.547,31.741,12.798,0.641,0.024,0.056,0.29,0.555,0.161,2.108,0.032,2.197,2.469,10.437,27.201,2.105
102,235.91,235.9,235.89,235.88,235.87,235.86,235.85,235.84,235.82,235.81,235.92,235.93,235.94,235.95,235.96,235.97,235.98,235.99,236,236.01,0.944,0.574,0.839,1.198,11.069,31.013,0.617,0.056,12.371,44.429,1.382,0.797,2.427,0.617,2.125,2.114,0.024,2.132,8.761,38.77
103,235.99,235.98,235.97,235.96,235.95,235.94,235.93,235.92,235.91,235.9,236,236.01,236.02,236.03,236.04,236.05,236.06,236.07,236.08,236.09,1.803,0.529,4.897,16.97,18.369,13.432,12.095,42.64,0.585,1.304,0.773,0.505,2.318,1.881,4.236,0.032,2.743,13.265,33.915,8.14
104,236.21,236.2,236.19,236.18,236.17,236.16,236.15,236.14,236.13,236.12,236.22,236.24,236.25,236.26,236.27,236.28,236.29,236.3,236.31,236.32,1.943,0.894,2.764,4.324,14.606,2.816,0.873,2.477,12.241,44.165,0.424,0.024,1.197,4.557,2.129,0.609,11.292,33.271,17.064,40.578
105,236.38,236.37,236.36,236.35,236.34,236.33,236.32,236.31,236.3,236.29,236.39,236.41,236.42,236.43,236.44,236.45,236.46,236.47,236.48,236.49,0.609,1.29,0.721,1.162,3.915,0.653,2.161,0.323,2.718,12.87,1.223,5.294,13.121,2.109,2.101,0.032,2.101,19.087,67.301,7.594
106,236.2,236.18,236.17,236.16,236.14,236.13,236.12,236.11,236.1,236.09,236.21,236.23,236.24,236.25,236.26,236.27,236.28,236.29,236.3,236.31,1.606,0.109,1.313,3.009,2.433,2.455,0.952,6.771,13.09,3.441,1.475,0.356,0.585,2.085,5.907,25.026,42.498,28.072,7.172,18.927
107,236.03,236.01,236,235.99,235.98,235.97,235.96,235.95,235.94,235.93,236.04,236.05,236.06,236.07,236.08,236.09,236.1,236.11,236.12,236.13,0.241,0.37,0.239,2.545,1.804,3.035,4.299,1.045,3.5,10.113,1.35,0.032,0.674,0.032,2.644,0.032,2.352,0.064,2.998,3.956
108,236.59,236.58,236.57,236.56,236.55,236.54,236.53,236.52,236.51,236.5,236.6,236.61,236.62,236.63,236.64,236.65,236.66,236.67,236.68,236.69,15.509,2.146,2.617,6.439,13.264,2.736,0.585,1.754,8.292,29.014,0.024,0.032,0.024,0.617,0.024,0.032,0.024,2.12,4.956,3.654
109,236.68,236.67,236.66,236.65,236.64,236.63,236.62,236.61,236.6,236.59,236.69,236.71,236.72,236.73,236.74,236.75,236.76,236.77,236.78,236.79,0.024,0.032,2.04,9.19,28.036,4.144,2.505,0.617,10.562,31.811,1.546,0.279,12.798,6.941,18.54,0.032,0.024,2.633,0.024,0.536
110,236.33,236.32,236.31,236.3,236.29,236.28,236.27,236.26,236.25,236.24,236.34,236.36,236.37,236.38,236.39,236.4,236.41,236.42,236.43,236.44,3.775,15.306,0.806,4.828,23.51,33.88,16.913,12.822,0.498,2.616,0.024,0.024,0.432,0.597,0.522,3.516,9.739,2.931,26.963,67.983
111,236.36,236.35,236.34,236.33,236.32,236.31,236.3,236.29,236.28,236.27,236.37,236.38,236.39,236.4,236.41,236.42,236.43,236.44,236.45,236.46,0.05,0.032,0.048,0.649,0.524,1.54,14.526,39.486,31.657,1.032,2.564,1.092,2.427,2.019,0.617,2.043,0.355,0.609,2.075,0.024
112,236.33,236.32,236.31,236.3,236.29,236.28,236.27,236.26,236.25,236.24,236.34,236.35,236.36,236.37,236.38,236.39,236.4,236.41,236.42,236.43,18.765,2.063,0.032,2.531,2.449,5.054,12.243,42.802,27.046,2.602,0.024,0.624,0.024,0.617,0.024,3.184,13.383,1.965,0.49,2.647
113,236.28,236.27,236.26,236.25,236.24,236.23,236.22,236.21,236.2,236.19,236.29,236.3,236.31,236.32,236.33,236.34,236.35,236.36,236.37,236.38,0.049,0.032,0.024,0.032,0.609,0.032,0.024,0.088,20.043,67.015,5.405,1.987,3.042,2.767,0.964,3.306,0.032,2.018,0.617,2.695
114,236.59,236.58,236.57,236.56,236.55,236.54,236.53,236.52,236.51,236.5,236.61,236.62,236.63,236.64,236.65,236.66,236.67,236.68,236.69,236.7,0.909,0.024,0.032,0.024,0.032,5.224,0.032,2.067,21.199,78.03,2.753,4.388,3.188,2.817,4.013,12.528,32.668,17.161,13.769,3.533
115,236.89,236.88,236.87,236.86,236.85,236.84,236.83,236.82,236.81,236.8,236.9,236.92,236.93,236.94,236.95,236.96,236.97,236.98,236.99,237,2.107,1.689,16.365,12.823,1.744,0.89,4.132,4.127,0.225,0.024,0.024,0.024,0.032,0.837,2.35,4.24,2.6,11.592,38.027,25.744
116,236.66,236.65,236.64,236.63,236.62,236.61,236.6,236.59,236.58,236.57,236.67,236.68,236.69,236.7,236.71,236.72,236.73,236.74,236.75,236.76,0.609,0.032,0.048,0.94,3.598,8.908,27.884,2.497,2.698,1.064,2.025,0.864,1.057,5.033,17.52,15.736,4.31,22.308,36.531,14.926
117,236.51,236.5,236.49,236.48,236.47,236.46,236.45,236.44,236.43,236.42,236.52,236.54,236.55,236.56,236.57,236.58,236.59,236.6,236.61,236.62,4.578,26.985,33.94,13.798,0.032,1.075,0.032,1.855,0.032,17.258,0.024,0.024,0.032,0.024,0.606,0.609,5.294,12.058,0.641,2.046
118,236.7,236.69,236.68,236.67,236.66,236.65,236.64,236.63,236.62,236.61,236.71,236.72,236.73,236.75,236.76,236.77,236.78,236.79,236.8,236.81,0.609,0.032,0.559,27.046,4,12.854,0.815,3.957,15.822,0.032,13.298,6.594,2.748,1.912,1.225,4.444,2.097,0.382,2.682,20.32
119,236.84,236.83,236.82,236.81,236.8,236.79,236.78,236.77,236.76,236.75,236.85,236.86,236.87,236.88,236.89,236.9,236.91,236.92,236.93,236.94,0.585,0.18,0.648,4.833,21.156,21.401,30.633,18.393,14.616,6.009,0.056,0.698,1.23,0.024,0.617,2.112,2.032,2.674,0.359,10.875
120,237.43,237.42,237.41,237.4,237.39,237.38,237.37,237.36,237.35,237.34,237.44,237.46,237.47,237.48,237.49,237.5,237.51,237.52,237.54,237.55,6.46,2.232,5.509,8.554,14.564,5.483,22.33,31.803,0.032,0.024,0.024,0.056,0.609,0.901,0.882,2.954,0.862,2.889,1.656,0.617
121,237.73,237.72,237.71,237.69,237.67,237.66,237.65,237.64,237.63,237.62,237.74,237.76,237.77,237.78,237.79,237.8,237.81,237.82,237.84,237.85,0.585,2.301,3.298,2.262,2.279,3.286,2.729,2.272,14.441,49.306,0.012,0.08,4.33,12.854,0.617,0.056,0.27,1.541,0.519,1.087
122,237.53,237.52,237.51,237.5,237.49,237.48,237.47,237.46,237.45,237.44,237.54,237.56,237.58,237.59,237.6,237.61,237.62,237.64,237.65,237.66,17.366,1.374,2.925,5.342,14.533,10.576,35.72,9.042,14.194,2.559,0.024,0.024,0.08,0.595,0.056,1.46,2.337,2.819,1,5.546
123,237.3,237.28,237.27,237.26,237.25,237.24,237.23,237.22,237.21,237.2,237.31,237.32,237.33,237.34,237.35,237.36,237.37,237.38,237.39,237.4,0.049,0.048,0.4,0.024,0.9,2.907,9.61,40.876,27.631,2.393,7.303,1.564,2.593,2.134,4.932,4.321,10.108,0.381,6.273,24.754
124,237.18,237.16,237.15,237.14,237.13,237.12,237.11,237.1,237.09,237.08,237.19,237.2,237.21,237.22,237.23,237.24,237.25,237.26,237.27,237.28,0.024,0.024,0.032,31.803,0.032,0.958,2.144,2.294,16.195,39.867,2.624,12.798,3.72,15.602,5.55,2.159,2.98,4.082,16.41,17.794
125,236.98,236.97,236.96,236.95,236.94,236.93,236.92,236.91,236.9,236.89,236.99,237,237.01,237.02,237.03,237.04,237.05,237.06,237.07,237.08,0.609,4.011,12.846,3.623,16.232,16.099,17.19,45.593,10.741,1.932,1.175,4.934,1.095,2.764,13.423,1.213,2.841,8.328,15.064,2.371
126,237.16,237.14,237.13,237.12,237.11,237.1,237.09,237.08,237.07,237.06,237.17,237.18,237.19,237.2,237.21,237.22,237.24,237.25,237.26,237.27,0.024,0.024,0.032,0.024,0.902,4.715,5.503,2.335,0.032,3.224,7.623,16.992,2.971,3.755,5.481,3.623,5.808,12.829,2.354,1.648
127,237.24,237.23,237.22,237.21,237.19,237.18,237.17,237.16,237.15,237.14,237.25,237.26,237.27,237.28,237.29,237.3,237.31,237.32,237.34,237.36,0.585,0.991,12.977,12.798,0.032,12.798,0.617,0.69,7.519,13.488,3.346,0.024,1.942,2.978,0.912,5.393,0.91,2.393,12.702,2.393
128,237.08,237.07,237.06,237.05,237.04,237.03,237.02,237.01,237,236.99,237.09,237.1,237.12,237.13,237.14,237.15,237.16,237.17,237.18,237.19,1.733,1.532,0.024,2.371,13.832,40.185,1.875,5.294,0.024,0.032,2.781,0.816,2.803,1.166,2.966,1.595,4.372,2.188,4.606,2.175
129,237.3,237.29,237.28,237.27,237.26,237.25,237.24,237.23,237.22,237.21,237.32,237.33,237.34,237.35,237.36,237.38,237.39,237.4,237.41,237.42,1.178,0.032,0.024,0.326,12.89,44.891,4.586,12.83,4.866,16.242,5.011,12.798,1.845,13.383,12.854,0.056,0.609,2.877,2.976,0.641
130,237.1,237.08,237.07,237.06,237.05,237.04,237.03,237.02,237.01,237,237.11,237.12,237.13,237.14,237.15,237.16,237.17,237.18,237.19,237.2,0.024,0.024,1.617,0.024,0.801,0.633,0.032,6.077,21.071,32.581,16.628,13.2,2.882,0.585,20.588,24.222,1.112,0.295,1.032,2.136
131,237.12,237.11,237.1,237.09,237.08,237.07,237.06,237.05,237.04,237.03,237.13,237.14,237.15,237.16,237.17,237.18,237.19,237.2,237.21,237.22,0.024,0.032,0.024,0.617,14.672,58.045,12.846,0.649,2.488,3.102,5.111,12.774,1.55,13.951,1.508,0.586,0.468,0.424,4.21,1.227
132,237.08,237.07,237.06,237.05,237.04,237.03,237.02,237.01,237,236.99,237.09,237.1,237.11,237.12,237.13,237.14,237.15,237.16,237.17,237.18,7.82,0.984,3.689,1.058,2.936,0.357,3.203,14.564,32.605,7.565,0.524,0.843,1.216,1.177,0.617,0.838,0.032,3.591,0.056,2.245
133,237.42,237.4,237.39,237.38,237.37,237.36,237.35,237.34,237.33,237.32,237.43,237.44,237.45,237.46,237.47,237.48,237.49,237.5,237.51,237.52,0.024,1.024,1.231,0.348,8.886,33.585,13.415,3.725,16.599,16.642,8.017,11.174,4.786,3.618,12.273,0.602,24.55,22.845,0.056,0.348
134,237.54,237.53,237.52,237.51,237.5,237.49,237.48,237.47,237.46,237.45,237.55,237.56,237.57,237.58,237.59,237.6,237.61,237.62,237.63,237.64,0.585,12.327,5.794,3.1,15.789,13.597,0.024,3.786,11.807,11.935,5.595,3.187,2.384,10.932,11.815,1.911,1.532,4.031,5.339,1.027
135,237.51,237.5,237.49,237.48,237.47,237.46,237.45,237.44,237.43,237.42,237.52,237.53,237.55,237.56,237.57,237.58,237.59,237.6,237.61,237.62,1,1.148,0.032,2.917,7.733,2.311,0.617,6.943,20.557,36.111,2.24,4.458,5.314,0.935,0.032,0.812,0.617,0.424,3.624,10.741
136,237.43,237.42,237.41,237.4,237.39,237.38,237.37,237.36,237.35,237.34,237.44,237.46,237.47,237.48,237.49,237.5,237.51,237.52,237.53,237.54,1.641,32.915,13.507,11.783,0.758,0.024,11.006,35.657,21.369,11.222,4.619,0.952,1.35,0.75,0.667,0.609,3.032,0.024,1.541,2.9
137,237.38,237.37,237.36,237.35,237.34,237.33,237.32,237.31,237.3,237.29,237.39,237.41,237.42,237.43,237.44,237.45,237.46,237.47,237.48,237.49,2.919,0.032,0.024,0.617,2.344,0.032,6.872,12.706,9.482,10.696,3.962,0.032,3.597,0.571,1.14,0.518,0.526,0.617,0.024,0.496
138,237.69,237.68,237.67,237.66,237.65,237.64,237.63,237.62,237.61,237.6,237.7,237.71,237.72,237.73,237.74,237.75,237.76,237.77,237.78,237.79,1.712,4.841,7.716,24.951,13.23,1.024,0.032,11.615,32.515,10.156,0.024,0.032,0.509,1.102,0.65,0.032,2.798,2.032,3.76,1.436
139,237.92,237.91,237.9,237.89,237.88,237.87,237.86,237.85,237.84,237.83,237.93,237.94,237.95,237.96,237.97,237.98,237.99,238,238.01,238.02,0.693,1.985,1.318,3.354,5.829,6.061,23.227,36.509,25.063,14.573,3.742,0.524,0.032,0.024,0.617,0.098,6.303,22.632,2.056,0.024
140,237.66,237.65,237.64,237.63,237.62,237.61,237.6,237.59,237.58,237.57,237.67,237.68,237.69,237.7,237.71,237.72,237.73,237.74,237.75,237.76,0.024,0.324,0.484,0.032,0.854,0.032,0.024,2.131,1.109,3.395,16.267,18.43,4.042,1,1.09,5.096,22.618,1.048,1.658,0.024
141,237.54,237.53,237.52,237.51,237.5,237.49,237.48,237.47,237.46,237.45,237.55,237.56,237.57,237.58,237.59,237.6,237.61,237.62,237.63,237.64,1.755,0.538,0.024,3.017,15.016,31.313,5.182,12.8,0.609,2.032,5.315,0.762,1.853,6.608,13.617,11.222,2.283,0.671,0.495,0.924
142,237.84,237.83,237.82,237.81,237.8,237.79,237.78,237.77,237.76,237.75,237.85,237.86,237.87,237.88,237.89,237.9,237.91,237.92,237.93,237.94,4.662,3.65,19.948,33.426,4.962,10.615,0.024,4.7,21.636,34.058,3.05,10.524,0.432,0.833,0.056,0.024,2.205,5.569,10.154,0.024
143,237.47,237.46,237.45,237.44,237.43,237.42,237.41,237.4,237.39,237.38,237.48,237.5,237.51,237.52,237.53,237.54,237.55,237.56,237.57,237.58,1,5.554,17.901,14.208,13.507,11.492,1.517,0.024,0.496,13.469,2.593,2.119,0.641,1.887,0.032,1.424,0.649,2.119,0.032,5.578
144,237.28,237.27,237.26,237.25,237.24,237.23,237.22,237.21,237.2,237.19,237.29,237.3,237.31,237.33,237.34,237.35,237.36,237.37,237.38,237.39,0.024,0.032,0.048,1.357,3.752,10.749,0.024,9.95,29.581,1.188,5.737,17.274,1.36,2.123,0.609,1.816,0.453,2.1,4.261,18.585
145,237.27,237.26,237.25,237.24,237.23,237.22,237.21,237.2,237.19,237.18,237.28,237.29,237.3,237.31,237.32,237.33,237.34,237.35,237.36,237.37,0.614,0.024,0.032,0.349,0.617,0.488,9.486,32.477,10.611,7.39,1.783,1.198,2.81,1.846,0.024,3.082,0.024,16.864,11.807,5.784
146,237.06,237.05,237.04,237.03,237.02,237.01,237,236.99,236.98,236.97,237.08,237.09,237.1,237.11,237.12,237.13,237.14,237.15,237.16,237.17,3.332,0.585,0.911,2.97,1.532,5.842,4.348,2.145,12.992,42.368,1.235,1.122,11.198,3.065,0.024,2.165,0.024,3.13,0.048,2.439
147,237.09,237.08,237.07,237.06,237.05,237.04,237.03,237.02,237.01,237,237.1,237.11,237.12,237.13,237.14,237.15,237.16,237.17,237.18,237.19,1.906,0.349,0.032,0.024,5.797,14.305,12.164,1.405,4.628,2.324,1.495,0.65,1.014,1.74,15.893,11.23,1.024,1.483,6.73,14.771
148,237.06,237.05,237.04,237.03,237.02,237.01,237,236.99,236.98,236.97,237.08,237.09,237.1,237.11,237.12,237.13,237.14,237.15,237.16,237.17,1.165,1.501,0.855,11.91,41.153,6.125,2.788,0.617,0.024,12.33,2.572,1.419,0.024,2.105,1.602,1.117,4.929,0.93,3.007,0.032
149,237.03,237.02,237.01,237,236.99,236.98,236.97,236.96,236.95,236.94,237.04,237.05,237.06,237.07,237.08,237.09,237.1,237.11,237.12,237.13,1.695,4.688,15.974,14.662,8.282,33.857,10.164,3.628,11.23,1.509,0.192,1.122,0.048,0.641,0.024,1.194,2.156,3.829,4.21,5.544
150,237.41,237.4,237.39,237.38,237.37,237.36,237.35,237.34,237.33,237.32,237.42,237.43,237.44,237.45,237.46,237.47,237.48,237.49,237.5,237.51,1.554,3.869,4.054,13.513,5.317,15.687,18.241,33.514,14.014,0.585,2.093,0.064,3.129,0.942,3.362,0.056,2.646,0.032,4.902,15.744
151,238.09,238.07,238.06,238.05,238.04,238.03,238.02,238.01,238,237.99,238.1,238.11,238.12,238.13,238.14,238.15,238.16,238.17,238.18,238.19,0.893,0.927,3.133,10.867,3,0.032,1.072,1.997,4.947,21.883,1.188,0.445,1.99,0.032,1.576,1.472,2.014,0.903,7.03,0.032
152,237.84,237.82,237.81,237.8,237.79,237.78,237.77,237.76,237.75,237.74,237.85,237.86,237.87,237.88,237.89,237.9,237.91,237.92,237.93,237.94,0.024,0.024,0.617,3.356,19.987,35.105,10.811,0.024,0.032,5.913,3.429,15.976,0.032,1.668,5.964,15.845,14.882,13.826,1.641,5.176
153,238.2,238.19,238.18,238.17,238.16,238.15,238.14,238.13,238.12,238.11,238.21,238.22,238.23,238.25,238.26,238.27,238.28,238.29,238.3,238.31,0.024,0.032,0.048,0.638,0.024,2.914,11.121,2.955,3.958,11.398,6.534,2.354,3.336,2.061,0.609,5.171,11.491,6.562,58.34,33.055
154,238.02,237.99,237.98,237.97,237.96,237.95,237.94,237.93,237.92,237.91,238.05,238.06,238.07,238.08,238.09,238.1,238.11,238.12,238.13,238.14,0.585,5.061,11.222,2.032,0.609,2.032,0.024,2.031,0.889,4.143,1.905,11.722,0.028,2.577,0.056,2.024,4.512,16.531,23.223,0.253
155,238.12,238.1,238.09,238.08,238.07,238.06,238.05,238.04,238.03,238.02,238.13,238.15,238.16,238.17,238.18,238.19,238.2,238.21,238.22,238.23,0.024,0.024,0.032,0.024,0.617,1.614,0.532,2.165,0.532,11.866,5.13,2.208,0.585,5.806,15.854,15.138,17.115,11.523,11.458,48.544
156,237.83,237.82,237.81,237.8,237.79,237.78,237.77,237.76,237.75,237.74,237.84,237.86,237.87,237.88,237.89,237.9,237.91,237.92,237.94,237.95,4.145,15.041,14.62,11.198,4.276,11.545,1.395,9.408,36.143,22.686,0.024,0.677,2.631,0.857,0.693,1.589,2.539,5.041,6.688,11.198
157,237.98,237.97,237.96,237.95,237.94,237.93,237.92,237.91,237.9,237.89,237.99,238,238.01,238.02,238.03,238.04,238.05,238.06,238.07,238.08,0.842,0.032,0.024,0.617,0.024,0.032,2.313,0.032,2.16,9.029,2.714,5.506,2.112,1.821,1.523,4.355,3.275,21.346,2.374,3.412
158,237.86,237.85,237.84,237.83,237.82,237.81,237.8,237.79,237.78,237.77,237.87,237.88,237.89,237.9,237.91,237.92,237.93,237.94,237.95,237.96,8.651,17.896,12.098,1.085,1.643,0.032,0.024,5.119,11.222,1.782,0.702,0.056,0.945,0.896,1.912,5.418,6.352,13.479,14.533,15.367
159,238.19,238.18,238.17,238.15,238.14,238.13,238.12,238.11,238.1,238.09,238.2,238.21,238.22,238.24,238.25,238.26,238.27,238.28,238.29,238.3,1.054,0.65,0.032,3.551,11.222,0.056,0.024,2.513,9.486,34.262,3.915,11.198,1.706,2.701,3.957,4.762,0.301,3.229,10.522,31.761
160,238.04,238.03,238.01,238,237.99,237.98,237.97,237.96,237.95,237.94,238.05,238.06,238.08,238.09,238.1,238.11,238.12,238.13,238.14,238.15,1.223,1.047,0.032,0.609,2.261,1.753,0.032,3.344,2.729,1.749,4.526,0.056,14.629,14.044,11.254,2.17,3.921,2.191,12.931,38.807
161,237.44,237.42,237.4,237.39,237.38,237.37,237.36,237.35,237.34,237.33,237.46,237.47,237.48,237.49,237.5,237.51,237.52,237.53,237.54,237.55,0.585,1.458,0.066,1.223,1.555,0.856,2.287,1.239,4.044,0.566,4.625,6.863,17.138,23.29,5.25,11.198,0.878,1.451,8.512,12.236
162,238.15,238.14,238.13,238.11,238.1,238.09,238.08,238.07,238.06,238.05,238.16,238.17,238.18,238.2,238.21,238.22,238.24,238.25,238.26,238.27,5.422,1.991,2.674,1.471,0.609,1.489,1.678,7.628,31.234,2.487,1.494,0.552,0.853,1.025,4.351,15.48,2.594,2.966,7.668,33.102
163,238.18,238.17,238.16,238.15,238.14,238.13,238.12,238.11,238.1,238.09,238.19,238.2,238.21,238.22,238.23,238.24,238.25,238.26,238.27,238.28,1.214,1.116,0.024,0.032,1.688,2.313,0.024,1.418,0.048,1.493,1.127,4.439,3.714,0.056,4.196,11.254,0.462,4.743,10.677,2.583
164,238.87,238.86,238.85,238.84,238.83,238.82,238.81,238.8,238.79,238.78,238.88,238.9,238.91,238.92,238.93,238.95,238.96,238.97,238.98,238.99,1,0.056,0.024,0.641,1.813,11.879,42.952,11.254,2.674,2.168,2.264,3.379,14.963,12.122,1.078,0.032,0.996,3.338,5.23,22.893
165,238.84,238.83,238.82,238.8,238.79,238.78,238.77,238.76,238.75,238.74,238.85,238.86,238.87,238.89,238.9,238.91,238.92,238.93,238.94,238.95,0.585,3.701,11.198,2.641,6.74,14.048,14.499,14.477,0.9,1.482,3.536,0.461,0.032,0.617,0.024,1.796,5.494,9.642,11.624,48.304
166,239.02,239,238.99,238.98,238.97,238.96,238.94,238.93,238.92,238.91,239.03,239.04,239.05,239.06,239.07,239.08,239.09,239.1,239.11,239.12,3.254,4.864,10.326,3.387,4.224,0.056,1.654,2.357,3.707,1,2.101,0.024,0.24,0.024,0.617,19.239,0.352,0.748,0.064,0.024
167,239.11,239.1,239.09,239.08,239.06,239.05,239.04,239.03,239.02,239.01,239.12,239.13,239.15,239.16,239.17,239.18,239.19,239.2,239.21,239.22,0.519,0.032,2.118,5.482,1.803,11.421,34.289,10.396,0.056,0.585,0.585,0.461,0.032,0.343,5.622,15.066,21.423,0.023,0.032,0.608
168,238.9,238.88,238.86,238.85,238.84,238.83,238.82,238.8,238.79,238.78,238.91,238.92,238.93,238.94,238.95,238.96,238.97,238.98,238.99,239,0.024,0.08,0.056,0.432,2.484,0.5,1.737,2.484,12.953,42.501,11.477,3.953,6.383,14.583,11.353,4.145,12.323,33.444,14.547,8.886
169,239.09,239.08,239.06,239.04,239.03,239.02,239.01,239,238.99,238.98,239.1,239.11,239.12,239.13,239.14,239.15,239.16,239.17,239.18,239.19,1.791,0.032,0.617,0.969,5.577,11.254,13.388,14.022,12.098,1.553,10.654,12.283,0.024,0.532,0.023,1.857,1.108,9.48,36.513,21.352
170,238.95,238.94,238.92,238.91,238.9,238.89,238.88,238.86,238.85,238.84,238.96,238.97,238.98,238.99,239,239.01,239.02,239.03,239.04,239.05,0.585,0.548,0.056,1.109,1.726,0.853,2.335,1.726,0.893,9.584,11.244,0.507,0.461,3.615,10.069,1.562,4.635,12.654,7.831,23.806
171,239.03,239,238.98,238.97,238.96,238.94,238.93,238.92,238.91,238.9,239.04,239.05,239.06,239.07,239.08,239.09,239.1,239.11,239.12,239.13,0.378,1.645,3.538,15.292,11.254,2.488,2.401,2.049,0.024,2.618,2.951,0.131,0.068,0.032,2.589,1.908,2.562,6.589,24.866,12.774
172,238.88,238.87,238.86,238.85,238.84,238.83,238.82,238.81,238.8,238.78,238.89,238.9,238.91,238.92,238.93,238.94,238.95,238.96,238.97,238.98,0.867,6.395,20.337,0.032,0.641,3.146,17.391,30.516,2.777,1.215,5.059,12.528,4.454,0.694,2.487,1.05,1.934,2.018,0.617,10.084
173,238.99,238.98,238.96,238.95,238.94,238.93,238.92,238.91,238.9,238.89,239,239.03,239.04,239.05,239.06,239.07,239.08,239.09,239.1,239.11,0.585,0.604,0.056,0.9,1.713,0.344,1.713,1.471,4.713,2.144,1.47,1.61,2.412,1.88,2.921,0.986,5.349,14.313,13.081,3.049
174,239.02,239.01,239,238.99,238.98,238.96,238.95,238.94,238.93,238.92,239.03,239.04,239.05,239.06,239.07,239.08,239.09,239.1,239.11,239.12,1.681,0.824,0.032,0.5,0.641,2.831,4.022,11.997,6.732,1.334,2.417,3.938,16.304,15.142,11.206,0.024,5.851,23.595,35.707,24.319
175,239.16,239.15,239.14,239.13,239.12,239.11,239.1,239.09,239.08,239.07,239.17,239.18,239.19,239.2,239.21,239.22,239.23,239.24,239.25,239.26,1.396,3.352,11.23,0.585,0.056,3.361,12.074,1.85,2.847,0.32,1.681,0.023,0.032,0.343,2.16,0.023,2.647,2.484,1.338,10.932
176,239.3,239.29,239.28,239.27,239.26,239.24,239.23,239.22,239.21,239.2,239.31,239.32,239.33,239.34,239.35,239.36,239.37,239.38,239.39,239.4,1.278,1.012,0.032,0.556,1.451,2.765,4.855,0.055,0.617,1.591,0.032,0.023,0.351,1.791,0.617,1.773,0.032,14.024,44.09,6.335
177,239.24,239.23,239.22,239.21,239.2,239.18,239.17,239.16,239.15,239.14,239.26,239.27,239.28,239.29,239.3,239.31,239.32,239.33,239.34,239.35,0.585,2.668,5.703,14.188,10.63,3.342,2.091,0.56,0.551,2.448,0.876,0.032,0.343,0.617,0.023,0.032,12.169,1.548,0.046,1.696
178,239.16,239.14,239.13,239.12,239.1,239.09,239.08,239.06,239.05,239.04,239.17,239.18,239.19,239.2,239.21,239.22,239.23,239.24,239.25,239.26,0.417,0.055,1.128,0.079,0.056,1.077,1.313,8.209,26.441,37.911,8.17,15.387,16.066,15.689,13.788,12.512,4.129,1.412,1.125,16.52
179,239.41,239.39,239.38,239.37,239.36,239.35,239.34,239.33,239.32,239.3,239.42,239.43,239.44,239.45,239.46,239.47,239.48,239.49,239.5,239.51,0.778,1.633,3.342,11.813,23.504,117.908,0.055,0.608,0.055,0.515,0.023,0.032,0.046,1.117,3.765,15.966,23.096,0.617,2.135,3.43
180,238.99,238.98,238.97,238.96,238.95,238.94,238.92,238.91,238.9,238.89,239,239.01,239.02,239.03,239.04,239.05,239.06,239.07,239.08,239.09,4.806,0.914,2.265,0.032,2.028,1.58,1.58,2.121,7.225,24.131,0.171,0.532,0.024,1.325,0.715,1.684,7.775,15.346,22.25,33.584
181,239.24,239.23,239.22,239.21,239.2,239.19,239.18,239.17,239.16,239.15,239.25,239.26,239.27,239.28,239.29,239.3,239.31,239.32,239.33,239.34,1.367,0.823,2.328,3.279,11.985,1.132,4.761,11.723,1.266,2.141,0.264,0.023,2.771,11.221,9.108,27.459,0.932,0.046,0.617,0.023
182,239.73,239.72,239.7,239.69,239.68,239.67,239.66,239.65,239.64,239.63,239.74,239.75,239.76,239.77,239.78,239.79,239.8,239.81,239.82,239.83,0.621,0.023,0.055,0.055,1.983,4.218,9.631,0.459,1.398,0.854,1.425,4.09,14.792,13.114,4.385,11.23,0.9,0.867,3.696,5.995
183,240.58,240.57,240.56,240.54,240.53,240.52,240.5,240.49,240.48,240.46,240.59,240.61,240.62,240.63,240.64,240.65,240.66,240.67,240.68,240.69,2.346,1.113,2.679,1.566,0.617,1.331,2.081,18.326,52.691,0.055,0.617,0.49,0.608,0.032,6.798,21.232,11.406,0.847,0.023,2.74
