timestamp,bid_price_0,bid_price_1,bid_price_2,bid_price_3,bid_price_4,bid_price_5,bid_price_6,bid_price_7,bid_price_8,bid_price_9,ask_price_0,ask_price_1,ask_price_2,ask_price_3,ask_price_4,ask_price_5,ask_price_6,ask_price_7,ask_price_8,ask_price_9,bid_size_0,bid_size_1,bid_size_2,bid_size_3,bid_size_4,bid_size_5,bid_size_6,bid_size_7,bid_size_8,bid_size_9,ask_size_0,ask_size_1,ask_size_2,ask_size_3,ask_size_4,ask_size_5,ask_size_6,ask_size_7,ask_size_8,ask_size_9
0,236.45,236.44,236.43,236.42,236.41,236.4,236.39,236.38,236.37,236.36,236.46,236.47,236.49,236.5,236.51,236.52,236.53,236.54,236.55,236.56,3.294,0.024,0.937,3.138,0.585,2.942,6.184,2.873,1.415,5.264,2.252,0.768,1.397,1.367,2.915,4.45,13.958,6.288,3.219,2.232
1,236.22,236.21,236.2,236.19,236.18,236.16,236.15,236.14,236.13,236.12,236.25,236.26,236.27,236.28,236.29,236.3,236.31,236.32,236.33,236.34,3.521,3.003,6.565,17.585,1.541,3.302,4.597,3.746,6.202,13.534,5.066,20.782,20.979,16.606,0.932,2.628,6.498,11.799,2.572,1.085
2,236.2,236.18,236.17,236.16,236.15,236.14,236.12,236.11,236.1,236.09,236.21,236.22,236.23,236.24,236.25,236.26,236.27,236.28,236.29,236.3,0.609,1.056,1.009,2.076,0.735,2.544,2.132,0.585,10.179,29.095,2.184,47.365,43.232,19.56,16.029,10.731,36.373,20.334,2.634,0.024
3,236.51,236.5,236.49,236.48,236.47,236.46,236.45,236.44,236.43,236.42,236.52,236.53,236.54,236.55,236.56,236.57,236.58,236.59,236.6,236.61,2.269,0.043,0.795,2.299,2.945,0.713,7.413,20.634,21.823,20.979,3.79,0.032,0.524,2.618,10.797,32.565,16.273,10.361,0.024,1.523
4,236.75,236.74,236.73,236.72,236.71,236.7,236.69,236.68,236.67,236.66,236.76,236.77,236.78,236.79,236.8,236.82,236.84,236.85,236.86,236.87,2.881,0.595,4.754,7.04,3.942,11.422,42.043,16.021,7.439,28.388,0.032,0.095,1.649,15.997,2.09,0.056,2.762,1.019,4.794,11.068
5,236.73,236.72,236.71,236.7,236.69,236.68,236.67,236.66,236.65,236.64,236.74,236.75,236.76,236.77,236.78,236.79,236.8,236.81,236.82,236.83,1.102,0.585,4.735,16.582,1.623,10.38,16.029,7.78,32.106,12.274,0.853,4.348,2.585,0.912,5.357,9.721,2.648,6.763,13.313,0.955
6,236.72,236.71,236.7,236.69,236.68,236.67,236.66,236.65,236.64,236.63,236.73,236.74,236.75,236.76,236.78,236.79,236.8,236.81,236.82,236.83,2.085,3.297,1.5,1.585,2.925,5.448,1.468,2.764,7.485,28.141,0.032,34.372,0.466,0.641,0.056,1.481,0.956,0.024,0.056,2
7,236.31,236.3,236.29,236.28,236.27,236.26,236.25,236.24,236.23,236.22,236.32,236.33,236.34,236.35,236.36,236.37,236.38,236.39,236.4,236.41,0.032,0.024,0.032,0.024,0.032,0.024,3.082,18.554,29.026,4.3,9.642,12.765,26.115,18.945,4.412,17.662,3.032,0.9,0.032,0.465
8,235.51,235.5,235.49,235.48,235.47,235.46,235.45,235.44,235.43,235.42,235.52,235.53,235.54,235.55,235.56,235.57,235.58,235.59,235.6,235.62,0.165,0.024,0.064,0.609,0.032,0.048,3.189,11.254,31.867,22.831,7.306,2.373,17.47,4.907,16.471,4.588,1.032,0.9,0.032,8.272
9,235.17,235.15,235.14,235.13,235.12,235.11,235.1,235.09,235.08,235.07,235.18,235.19,235.2,235.21,235.22,235.23,235.24,235.25,235.26,235.27,0.4,0.032,0.609,3.819,4.276,17.655,0.609,1.122,3.44,2.344,1.62,2.049,4.88,0.587,2.374,1.106,2.891,14.099,0.056,28.931
10,234.66,234.65,234.64,234.63,234.62,234.61,234.6,234.59,234.58,234.57,234.67,234.68,234.7,234.71,234.72,234.73,234.74,234.75,234.76,234.77,2.383,0.585,16.461,8.745,30.021,17.502,27.59,3.24,10.748,0.032,0.585,0.65,0.032,1.074,18.186,5.051,0.92,2.974,0.032,1.721
11,234.98,234.97,234.96,234.95,234.94,234.93,234.92,234.91,234.9,234.89,234.99,235,235.02,235.03,235.04,235.05,235.06,235.07,235.08,235.09,3.79,17.682,2.978,3.98,19.057,10.171,9.607,28.477,2.536,0.641,0.524,0.024,1.189,0.777,0.847,2.756,1.347,3.467,10.849,27.702
12,235.16,235.15,235.14,235.13,235.12,235.11,235.1,235.09,235.08,235.07,235.17,235.18,235.2,235.21,235.22,235.23,235.24,235.25,235.26,235.27,0.609,0.032,0.05,6.577,22.47,44.466,5.756,22.783,19.196,10.638,0.597,15.997,4.666,16.551,1.517,0.912,3.056,0.024,2.732,0.795
13,235.2,235.18,235.17,235.16,235.15,235.14,235.13,235.12,235.11,235.1,235.21,235.22,235.23,235.24,235.25,235.26,235.27,235.28,235.29,235.3,0.024,0.024,11.242,0.024,0.032,2.704,19.013,28.418,2.729,0.491,5.037,4.256,7.831,19.074,2.077,2.79,3.173,0.523,2.588,0.056
14,235.99,235.98,235.97,235.96,235.95,235.94,235.93,235.92,235.91,235.9,236,236.01,236.02,236.03,236.04,236.05,236.06,236.07,236.08,236.09,5.161,17.381,4.478,2.398,5.569,10.592,3.57,3.194,0.032,8.317,0.516,1.133,1.695,0.625,1.538,3.357,0.523,1.462,2.964,21.791
15,235.81,235.8,235.79,235.78,235.77,235.76,235.75,235.74,235.73,235.72,235.82,235.83,235.84,235.85,235.86,235.87,235.88,235.89,235.9,235.91,0.032,0.024,0.056,16.07,22.51,16.021,4.822,25.784,32.834,20.915,22.511,0.955,5.753,17.301,4.355,4.272,2.237,1.262,4.229,1.425
16,235.56,235.54,235.53,235.52,235.51,235.5,235.49,235.48,235.47,235.46,235.57,235.58,235.59,235.6,235.61,235.62,235.63,235.64,235.66,235.67,0.024,0.024,0.432,0.609,0.032,2.617,2.761,2.234,1.286,8.182,30.859,18.386,1.312,2.65,8.017,18.124,2.056,0.056,0.523,0.9
17,236.08,236.07,236.06,236.05,236.04,236.03,236.02,236.01,236,235.99,236.1,236.11,236.12,236.13,236.14,236.15,236.16,236.17,236.18,236.19,0.905,0.032,16.021,1.2,10.754,27.556,3.621,16.413,28.437,33.942,5.833,0.705,1.117,2.142,0.761,1.574,5.273,2.371,7.116,0.024
18,235.67,235.66,235.65,235.64,235.63,235.62,235.61,235.6,235.59,235.58,235.68,235.69,235.7,235.71,235.72,235.73,235.74,235.75,235.76,235.78,1.339,0.753,0.456,3.364,12.756,9.574,31.196,9.837,28.455,7.771,0.558,1.14,5.227,5.78,0.756,4.643,25.612,17.364,0.08,0.056
19,235.66,235.65,235.64,235.63,235.62,235.61,235.6,235.59,235.58,235.57,235.68,235.7,235.72,235.73,235.74,235.76,235.77,235.78,235.8,235.82,8.885,14.509,3.217,4.117,0.024,7.61,0.024,2.758,5.747,21.959,2.75,0.056,1.454,0.856,3.056,2.613,7.219,17.636,3.08,11.199
20,235.74,235.72,235.71,235.7,235.69,235.68,235.67,235.66,235.65,235.64,235.75,235.76,235.77,235.78,235.79,235.8,235.81,235.82,235.84,235.85,0.4,0.524,0.35,4.913,16.029,0.609,11.442,37.995,16.029,5.585,24.439,1.169,2.509,4.259,2.886,2.967,0.585,0.056,5.239,11.373
21,236.2,236.19,236.18,236.17,236.16,236.15,236.14,236.13,236.12,236.11,236.21,236.22,236.23,236.24,236.26,236.27,236.28,236.29,236.3,236.31,0.971,0.032,0.593,0.12,1.178,0.032,7.954,25.153,40.198,49.266,5.438,3.894,0.5,2.149,2.504,3.99,13.366,26.043,2.702,0.937
22,236.48,236.47,236.46,236.45,236.44,236.43,236.42,236.41,236.4,236.39,236.49,236.52,236.53,236.54,236.55,236.56,236.58,236.59,236.6,236.61,2.33,10.568,0.024,11.414,42.479,17.053,2.014,4.144,0.024,3.531,0.609,9.258,26.03,0.056,1.553,3.641,2.594,6.786,18.148,20.154
23,236.62,236.61,236.6,236.59,236.58,236.57,236.56,236.55,236.54,236.53,236.63,236.64,236.65,236.66,236.67,236.68,236.69,236.7,236.71,236.72,0.024,0.032,0.024,5.07,22.01,14.971,18.997,1.082,2.136,0.032,7.746,8.277,24.17,19.107,3.9,0.605,0.977,6.101,19.579,9.652
24,237.5,237.49,237.48,237.47,237.46,237.45,237.44,237.43,237.42,237.41,237.52,237.53,237.54,237.55,237.56,237.57,237.58,237.6,237.62,237.64,0.585,3.034,14.107,10.554,3.034,0.032,12.961,31.313,10.627,3.064,1.096,17.595,3.641,0.501,0.056,0.585,0.056,1.974,2.357,0.52
25,237.31,237.3,237.29,237.28,237.27,237.26,237.25,237.24,237.23,237.22,237.32,237.34,237.36,237.38,237.4,237.42,237.43,237.44,237.45,237.46,0.575,4.825,5.419,0.464,8.546,33.244,26.168,7.609,28.586,0.924,4.588,2.997,1.956,3.106,0.056,0.641,11.798,2.168,1.485,1.456
26,237.24,237.23,237.22,237.21,237.2,237.19,237.18,237.17,237.16,237.15,237.25,237.26,237.27,237.28,237.29,237.3,237.31,237.32,237.33,237.34,0.024,0.032,0.024,0.032,4.163,21.991,38.736,0.064,0.048,0.617,6.452,17.935,7.45,20.804,21.002,19.719,16.897,0.056,0.21,0.617
27,237.08,237.07,237.06,237.05,237.04,237.03,237.02,237.01,237,236.99,237.11,237.12,237.13,237.14,237.16,237.17,237.18,237.2,237.21,237.22,0.07,0.032,0.024,8.296,35.968,26.168,2.136,0.032,0.929,3.032,15.997,16.897,1.461,0.032,0.521,0.585,0.056,0.056,0.585,3.381
28,237.19,237.18,237.17,237.16,237.15,237.14,237.13,237.12,237.11,237.1,237.2,237.22,237.24,237.25,237.26,237.28,237.29,237.3,237.31,237.32,1.721,0.635,1.578,2.988,3.651,10.163,2.458,2.747,1.078,4.899,1.823,0.056,2.535,0.585,2.398,1.738,3.464,3.535,11.656,0.056
29,237.06,237.05,237.04,237.03,237.02,237.01,237,236.99,236.98,236.97,237.07,237.1,237.11,237.12,237.14,237.15,237.16,237.17,237.18,237.19,1.737,0.064,0.024,0.617,2.471,0.032,2.497,10.102,36.305,10.171,3.347,0.424,0.9,0.641,2.25,10.068,28.784,7.468,30.504,22.845
30,236.95,236.94,236.93,236.92,236.91,236.9,236.89,236.88,236.87,236.86,236.96,236.97,236.98,237,237.01,237.02,237.04,237.05,237.06,237.07,0.818,0.524,4.73,20.554,19.651,24.835,32.585,13.857,16.029,1.974,3.797,2.592,15.802,2.926,6.074,9.739,1.13,2,1.588,1.793
31,237.19,237.18,237.17,237.16,237.15,237.14,237.13,237.12,237.11,237.1,237.2,237.21,237.22,237.23,237.24,237.25,237.26,237.27,237.28,237.29,5.572,3.148,8.673,19.872,16.029,3.788,18.427,20.899,0.932,12.171,9.741,0.5,9.765,0.585,1.99,5.459,0.641,0.156,1.16,3.697
32,237.34,237.33,237.32,237.31,237.3,237.29,237.27,237.26,237.25,237.24,237.35,237.36,237.38,237.39,237.4,237.41,237.42,237.43,237.44,237.46,1.162,1.137,1.136,4.786,10.554,1.505,2.287,0.609,2.369,0.024,3.355,0.056,0.032,1.124,4.66,2.996,5.475,12.621,6.617,7.869
33,237.38,237.37,237.36,237.35,237.34,237.33,237.32,237.31,237.3,237.29,237.39,237.4,237.41,237.42,237.43,237.44,237.45,237.46,237.47,237.48,1.54,1.454,1.835,2.953,0.024,6.355,16.021,6.237,16.021,1.517,2.707,0.032,9.113,28.61,13.658,12.722,0.764,0.665,0.464,5.955
34,237.43,237.42,237.41,237.4,237.39,237.38,237.37,237.36,237.35,237.34,237.45,237.46,237.48,237.49,237.5,237.51,237.52,237.53,237.54,237.55,1.573,5.318,20.278,0.488,2.351,2.758,0.032,2.348,10.758,31.029,0.585,0.617,0.604,5.274,15.555,18.997,0.056,0.609,0.956,2.144
35,237.88,237.87,237.86,237.85,237.84,237.83,237.82,237.81,237.8,237.79,237.89,237.9,237.92,237.93,237.94,237.95,237.96,237.98,237.99,238,1.235,0.939,0.469,8.836,33.929,10.818,5.725,16.614,0.487,11.423,1.223,0.731,0.641,0.5,1.493,1.585,0.456,5.912,12.615,5.198
36,237.64,237.63,237.62,237.61,237.6,237.59,237.58,237.57,237.56,237.55,237.65,237.68,237.7,237.72,237.73,237.74,237.75,237.76,237.78,237.79,3.695,0.532,3.525,7.613,15.997,1.892,12.332,38.875,27.937,2.617,1.029,0.032,0.641,1.056,0.585,3.023,2.702,0.935,0.056,0.617
37,237.43,237.42,237.41,237.4,237.39,237.38,237.37,237.36,237.35,237.34,237.44,237.46,237.47,237.48,237.49,237.5,237.51,237.52,237.53,237.54,6.33,2.533,2.472,12.594,34.864,27.58,3.453,3.437,17.33,8.485,0.424,0.056,2.91,11.349,0.585,1.279,0.464,3.122,8.821,34.479
38,237.64,237.63,237.62,237.61,237.6,237.59,237.58,237.57,237.56,237.55,237.65,237.66,237.67,237.68,237.69,237.7,237.71,237.72,237.73,237.74,0.024,1,0.024,0.032,11.364,0.032,6.957,16.029,0.024,0.617,10.477,18.431,6.613,4.763,9.555,32.82,1.485,6.903,16.274,3.091
39,236.61,236.6,236.59,236.58,236.57,236.56,236.55,236.54,236.53,236.52,236.62,236.64,236.65,236.66,236.67,236.68,236.69,236.7,236.71,236.72,1.603,15.997,4.807,15.997,5.989,17.996,0.932,0.024,3.656,5.239,2.715,0.262,0.585,2.063,1.448,5.859,2.378,24.443,70.74,1.012
40,236.15,236.14,236.13,236.12,236.11,236.1,236.09,236.08,236.07,236.06,236.16,236.18,236.19,236.2,236.21,236.22,236.23,236.24,236.26,236.27,2.905,0.064,0.032,0.585,2.149,1.428,4.704,0.024,2.149,0.31,4.131,0.897,1.785,3.402,11.226,35.359,5.178,14.123,2.866,21.139
41,235.94,235.93,235.92,235.91,235.9,235.89,235.88,235.87,235.86,235.84,235.95,235.96,235.98,235.99,236,236.01,236.02,236.03,236.04,236.05,0.61,0.5,4.668,20.919,19.132,11.178,0.056,1.234,3.053,0.962,1.235,1.589,2.11,0.9,3.115,17.191,5.065,33.848,12.841,5.773
42,235.49,235.48,235.46,235.45,235.44,235.42,235.41,235.4,235.39,235.38,235.5,235.51,235.52,235.53,235.54,235.56,235.57,235.58,235.59,235.6,1.134,1.834,0.056,1.085,0.162,0.665,0.94,3.604,1.652,2.5,1.235,2.281,2.432,15.997,3.048,2.449,4.173,13.071,45.889,39.18
43,235.69,235.68,235.67,235.66,235.65,235.64,235.62,235.61,235.6,235.59,235.7,235.72,235.74,235.75,235.76,235.77,235.78,235.79,235.8,235.81,20.818,15.997,5.734,20.54,17.732,16.053,1.541,0.024,1.126,3.585,0.424,0.056,0.056,2.464,17.561,0.5,2.827,10.827,34.31,6.396
44,235.76,235.75,235.74,235.72,235.71,235.7,235.69,235.68,235.66,235.65,235.77,235.78,235.79,235.8,235.81,235.82,235.83,235.84,235.85,235.86,0.634,1,1.091,0.08,5.36,16.053,0.9,1.241,7.307,21.179,4.623,0.707,16.497,1.427,3.292,27.271,0.985,1.534,4.871,11.224
45,235.55,235.53,235.52,235.51,235.5,235.49,235.48,235.47,235.46,235.45,235.56,235.58,235.59,235.6,235.61,235.62,235.63,235.64,235.65,235.66,2.085,1.012,3.199,10.611,0.641,3.38,4.256,3.021,2.168,3.762,0.024,0.056,0.509,16.495,16.582,0.056,63.228,7.278,21.656,0.056
46,235.44,235.42,235.41,235.4,235.38,235.37,235.36,235.35,235.34,235.33,235.45,235.46,235.47,235.48,235.49,235.5,235.51,235.52,235.53,235.54,0.024,0.024,0.024,0.056,0.056,0.617,0.056,0.5,2.687,1.255,5.911,5.788,27.841,37.566,20.739,16.397,5.368,22.965,33.529,52.59
47,235.56,235.55,235.54,235.52,235.51,235.5,235.49,235.48,235.47,235.46,235.57,235.58,235.59,235.6,235.61,235.62,235.63,235.64,235.65,235.66,0.566,0.088,0.032,0.056,0.585,2.147,2.496,0.641,5.472,0.056,0.585,0.777,1.124,3.764,1.524,3.429,6.351,27.984,35.573,0.08
48,235.56,235.55,235.54,235.52,235.51,235.5,235.49,235.48,235.47,235.46,235.58,235.59,235.6,235.61,235.62,235.63,235.64,235.65,235.66,235.68,1.585,1.388,0.032,4.537,16.4,17.533,0.585,3.097,6.731,3.084,4.683,8.359,33.473,0.976,1.388,0.032,2.142,14.894,42.461,0.936
49,235.34,235.32,235.3,235.29,235.28,235.26,235.25,235.24,235.23,235.22,235.35,235.36,235.37,235.38,235.39,235.4,235.41,235.42,235.43,235.44,0.059,0.12,0.056,0.9,5.712,2.535,0.617,3.444,3.95,4.697,1.762,22.135,16.44,0.032,0.585,1.329,3.355,2.511,13.587,53.398
50,235.19,235.17,235.16,235.15,235.14,235.13,235.12,235.11,235.1,235.09,235.2,235.22,235.23,235.24,235.25,235.26,235.27,235.28,235.29,235.3,4.319,1.325,4.671,10.627,0.056,3.522,3.608,0.479,3.501,3.017,0.024,0.701,1.747,6.056,17.57,1.002,4.107,19.022,6.127,28.976
51,235.54,235.52,235.51,235.5,235.48,235.46,235.45,235.44,235.43,235.42,235.55,235.56,235.57,235.58,235.59,235.6,235.61,235.62,235.63,235.64,1.079,1.701,5.694,12.208,0.641,2.459,1.373,3.931,3,2.45,1.446,11.469,5.446,31.984,54.939,16.829,0.245,0.056,0.432,6.246
52,235.65,235.64,235.63,235.62,235.61,235.6,235.59,235.58,235.56,235.55,235.66,235.68,235.7,235.72,235.73,235.74,235.75,235.76,235.77,235.78,4.525,17.682,1.669,1.753,3.491,4.596,2.875,2.168,2.129,0.585,0.024,0.024,0.056,8.722,16.92,0.08,0.942,4.398,4.52,12.451
53,235.28,235.26,235.25,235.24,235.23,235.22,235.21,235.2,235.19,235.18,235.29,235.3,235.31,235.32,235.33,235.34,235.35,235.36,235.37,235.38,0.084,0.108,4.254,9.8,0.5,0.056,1.585,2.21,2.907,4.565,2.349,22.02,21.695,16.029,5.626,26.482,35.921,16.053,11.094,37.561
54,235.23,235.22,235.21,235.2,235.19,235.18,235.17,235.16,235.15,235.14,235.24,235.26,235.27,235.28,235.29,235.3,235.31,235.32,235.33,235.34,4.748,1.174,4.678,16.029,4.55,19.029,1.367,0.056,2.382,1.697,0.013,0.048,0.032,0.828,0.585,2.438,7.236,17.561,3.435,12.506
55,235.19,235.17,235.16,235.15,235.14,235.12,235.11,235.1,235.09,235.08,235.2,235.22,235.23,235.24,235.25,235.26,235.27,235.28,235.29,235.3,0.955,1.985,4.075,12.969,1.963,2.447,0.609,2.976,3,2.447,0.609,0.056,1.109,2.496,8.618,17.834,0.032,12.791,33.241,2.418
56,235.18,235.16,235.15,235.14,235.13,235.12,235.11,235.1,235.09,235.08,235.19,235.2,235.21,235.22,235.23,235.24,235.25,235.26,235.27,235.28,0.137,0.056,1.708,0.641,0.032,2.463,0.585,2.487,10.221,38.143,9.751,17.881,11.081,22.693,16.517,0.982,2.961,11.925,43.408,21.761
57,234.71,234.7,234.69,234.68,234.67,234.66,234.64,234.63,234.62,234.61,234.72,234.74,234.76,234.77,234.78,234.79,234.8,234.81,234.82,234.83,3.947,2.973,4.785,17.249,4.428,11.791,2.958,0.585,2.505,1.726,0.024,0.056,0.641,0.968,7.655,16.976,0.056,2.385,2.504,3.033
58,235.01,235,234.99,234.98,234.97,234.96,234.95,234.94,234.93,234.92,235.02,235.04,235.05,235.06,235.07,235.08,235.09,235.1,235.11,235.12,3.708,1.533,0.823,0.032,7.664,26.691,2.388,1.851,8.334,16.029,0.024,0.056,0.585,0.056,2.455,4.654,16.497,7.889,28.181,31.835
59,234.81,234.8,234.79,234.78,234.77,234.76,234.75,234.74,234.73,234.72,234.82,234.83,234.84,234.86,234.87,234.88,234.89,234.9,234.91,234.92,0.457,5.076,0.5,0.617,4.925,21.272,15.997,2.168,0.585,0.056,1.474,0.889,1.714,3.764,0.585,6.344,13.547,3.167,0.329,17.119
60,235.01,235,234.99,234.98,234.97,234.96,234.95,234.94,234.93,234.92,235.02,235.04,235.06,235.07,235.08,235.09,235.1,235.11,235.12,235.13,1.662,17.944,4.882,17.109,4.085,10.72,4.551,21.413,15.997,0.387,0.024,0.056,0.08,10.588,31.835,0.468,4.729,18.505,5.779,13.697
61,235.08,235.06,235.05,235.04,235.02,235.01,235,234.99,234.98,234.97,235.09,235.1,235.11,235.12,235.13,235.14,235.15,235.16,235.17,235.18,0.145,11.024,0.87,0.909,0.056,0.032,0.056,1.485,0.383,2.112,23.124,7.24,17.744,11.247,37.355,24.333,23.705,16.053,0.024,6.962
62,235.07,235.06,235.04,235.03,235.02,235.01,235,234.99,234.98,234.96,235.08,235.09,235.1,235.11,235.12,235.13,235.14,235.15,235.16,235.17,0.797,0.658,0.299,1.463,0.056,1.254,0.056,0.912,2.161,7.15,2.365,0.827,0.536,0.934,3.129,1.717,9.706,28.04,37.619,2
63,235.03,235.02,235.01,235,234.99,234.98,234.96,234.95,234.94,234.93,235.04,235.05,235.06,235.07,235.08,235.09,235.1,235.11,235.12,235.13,0.271,0.084,0.68,0.056,0.585,0.056,1.109,1.275,4.606,3.379,1.047,1.614,2.97,2.148,0.641,6.165,15.801,9.002,28.904,32.051
64,235.29,235.28,235.26,235.24,235.23,235.22,235.2,235.19,235.18,235.17,235.3,235.31,235.32,235.33,235.34,235.35,235.36,235.37,235.38,235.39,0.596,0.06,0.389,0.737,0.327,2.616,3.373,1.024,4.461,16.92,2.134,1.085,0.891,2.405,0.641,3.586,12.942,35.845,7.82,18.669
65,235.17,235.15,235.14,235.13,235.12,235.11,235.1,235.09,235.08,235.07,235.18,235.2,235.22,235.23,235.24,235.25,235.26,235.27,235.28,235.29,1.684,12.825,0.694,0.66,4.275,1.092,2.449,13.383,2.45,0.468,0.024,0.382,0.056,4.954,18.535,30.805,48.79,14.33,0.056,1.368
66,235.02,235,234.99,234.98,234.97,234.96,234.95,234.94,234.92,234.91,235.03,235.04,235.06,235.07,235.08,235.09,235.1,235.11,235.12,235.13,1.417,0.56,11.103,12.881,7.683,13.73,0.205,0.641,0.956,0.609,1.335,0.582,3.434,6.801,15.925,2.879,16.178,54.897,1.247,3.075
67,235.25,235.24,235.22,235.21,235.2,235.19,235.18,235.17,235.16,235.14,235.26,235.27,235.28,235.29,235.3,235.31,235.32,235.33,235.34,235.35,10.985,0.557,0.056,0.468,0.641,0.326,0.907,2.864,4.436,3.021,0.65,16.777,18.074,14.169,1.735,3.5,0.382,0.92,12.567,32.962
68,235.37,235.36,235.35,235.34,235.33,235.32,235.31,235.3,235.29,235.28,235.38,235.4,235.41,235.42,235.43,235.44,235.45,235.46,235.47,235.48,1.485,13.647,0.495,12.83,11.204,1.056,1.991,1.009,17.569,48.159,0.024,0.056,1.475,2.981,1.784,4.301,1.473,2.475,12.658,35.42
69,235.26,235.25,235.24,235.23,235.22,235.21,235.2,235.19,235.18,235.17,235.27,235.28,235.29,235.3,235.31,235.32,235.33,235.34,235.35,235.36,1.015,0.578,0.084,0.851,3.547,4.393,6.416,9.754,2.513,0.585,1.533,0.532,1.564,0.056,2.456,0.641,3.117,4.523,20.219,53.961
70,235.12,235.11,235.1,235.09,235.08,235.07,235.06,235.05,235.04,235.03,235.13,235.14,235.15,235.16,235.17,235.18,235.19,235.2,235.21,235.22,0.904,3.82,12.83,0.507,0.952,3,2.489,2.947,0.381,5.846,0.585,0.524,0.585,0.056,3.617,12.542,39.478,23.528,12.289,0.056
71,235.29,235.28,235.26,235.25,235.24,235.22,235.21,235.2,235.18,235.17,235.3,235.32,235.33,235.34,235.35,235.36,235.37,235.38,235.39,235.4,4.71,15.116,4.458,15.798,0.956,3.33,3.335,0.056,11.532,37.52,0.024,0.08,0.4,2.806,2.612,3.378,8.076,26.611,31.811,0.924
72,235.35,235.34,235.33,235.32,235.31,235.3,235.28,235.27,235.26,235.25,235.38,235.39,235.4,235.41,235.42,235.43,235.44,235.45,235.46,235.47,0.923,3.433,13.182,1.056,5.728,12.83,0.382,1.485,2.473,7.775,0.585,0.278,2.473,2.743,0.056,12.094,40.146,19.032,0.056,2.609
73,235.57,235.56,235.55,235.54,235.53,235.52,235.51,235.5,235.49,235.48,235.58,235.59,235.6,235.61,235.62,235.63,235.64,235.65,235.66,235.67,0.585,1.5,0.528,3.069,10.204,1.037,3.585,2.501,0.032,2.498,1.251,2.248,1.668,3.485,1.819,12.959,39.504,18.498,7.506,18.514
74,235.51,235.5,235.49,235.48,235.47,235.46,235.45,235.44,235.42,235.41,235.52,235.53,235.54,235.55,235.56,235.57,235.58,235.59,235.6,235.61,0.654,0.052,0.496,2.163,2,2.472,0.585,2.497,2.539,2.421,1.221,1.853,0.032,2.416,0.641,11.669,37.608,17.505,0.399,2.352
75,235.52,235.5,235.48,235.46,235.45,235.44,235.43,235.42,235.41,235.4,235.53,235.54,235.55,235.56,235.57,235.58,235.59,235.6,235.62,235.63,0.509,0.052,0.508,0.056,1.052,0.62,0.982,5.377,2.495,5.738,6.721,1.41,7.21,26.805,43.084,40.153,6.012,0.056,0.056,12.562
76,235.26,235.24,235.23,235.22,235.21,235.2,235.19,235.18,235.17,235.16,235.27,235.28,235.3,235.31,235.32,235.34,235.35,235.36,235.37,235.38,0.695,0.281,0.585,1.056,2.653,9.666,16.556,13.126,2.388,0.08,1.375,3.374,2.467,0.585,2.253,2.491,2.571,10.732,28.353,33.198
77,235.38,235.36,235.35,235.34,235.33,235.32,235.31,235.3,235.29,235.28,235.39,235.4,235.42,235.43,235.44,235.45,235.46,235.47,235.48,235.49,1.037,0.125,1.976,3.374,7.919,14.942,0.585,2.392,2.671,12.492,3.497,1.007,3.944,1.803,3.356,1.261,3.587,2.91,12.35,40.715
78,235.84,235.82,235.81,235.8,235.79,235.78,235.77,235.76,235.75,235.74,235.85,235.87,235.88,235.9,235.91,235.92,235.93,235.94,235.95,235.96,10.656,1.582,0.613,0.056,1.448,4.926,1.329,5.308,6.714,15.139,2.003,1.278,1.998,13.006,37.697,17.376,0.254,0.641,0.211,2.568
79,236.16,236.15,236.14,236.12,236.11,236.1,236.09,236.08,236.07,236.06,236.18,236.19,236.2,236.21,236.22,236.23,236.24,236.26,236.28,236.29,0.669,4.215,12.423,4.208,5.533,12.639,0.617,2.316,1.3,18.946,0.585,0.532,3.826,13.839,7.777,19.305,0.056,2.713,12.53,40.691
80,236.04,236.02,236.01,236,235.99,235.98,235.97,235.96,235.95,235.94,236.05,236.06,236.07,236.08,236.09,236.1,236.12,236.13,236.14,236.15,0.205,0.083,0.613,10.238,0.885,1.965,0.056,4.311,1.798,4.063,1.898,3.503,2.677,7.022,23.721,19.785,2.812,5.84,1.36,4.367
81,235.63,235.62,235.61,235.6,235.59,235.58,235.57,235.56,235.55,235.54,235.64,235.65,235.66,235.67,235.68,235.69,235.7,235.71,235.72,235.73,0.613,5.001,14.412,3.641,0.4,0.08,2.24,0.848,2.825,2.296,0.59,0.092,0.032,2.158,13.485,1.684,3.527,0.585,1.779,1.367
82,235.74,235.73,235.72,235.71,235.7,235.69,235.68,235.67,235.66,235.65,235.75,235.76,235.77,235.78,235.79,235.8,235.81,235.82,235.83,235.84,0.163,13.274,0.032,0.585,5.047,16.793,17.917,1.226,0.032,4.78,1.122,0.35,1.337,2.887,16.944,0.056,4.149,4.414,11.638,40.324
83,235.58,235.57,235.56,235.55,235.54,235.53,235.52,235.51,235.5,235.49,235.59,235.6,235.61,235.62,235.63,235.64,235.65,235.66,235.67,235.68,0.612,17.146,14.07,3,0.056,0.91,0.056,2.229,0.665,2.26,1.337,0.683,0.508,1.042,3.724,3.13,6.099,20.433,2.691,10.079
84,235.89,235.88,235.87,235.86,235.85,235.84,235.83,235.82,235.81,235.8,235.91,235.92,235.94,235.95,235.96,235.97,235.98,235.99,236,236.01,0.65,3.194,10.594,0.056,1.08,0.641,3.82,20.558,14.243,0.77,16.549,4.063,2.266,0.585,7.069,21.858,7.96,0.032,5.622,21.835
85,235.95,235.94,235.92,235.91,235.9,235.89,235.88,235.87,235.86,235.85,235.96,235.98,235.99,236,236.01,236.02,236.04,236.06,236.07,236.08,5.269,4.01,4.499,16.648,2.847,1.768,11.559,38.535,21.616,4.107,0.024,0.08,0.032,0.955,3.012,1.72,2.842,3.843,19.19,49.764
86,236.02,236.01,236,235.99,235.98,235.97,235.96,235.95,235.94,235.93,236.03,236.04,236.05,236.06,236.07,236.08,236.09,236.1,236.11,236.12,0.554,10.615,0.88,5.261,13.854,2.032,2.517,0.324,8.531,32.831,1.777,5.207,17.128,12.83,5.646,19.014,27.223,37.918,23.377,0.056
87,236.11,236.09,236.08,236.06,236.05,236.04,236.02,236.01,236,235.99,236.12,236.14,236.15,236.16,236.17,236.18,236.19,236.2,236.21,236.22,0.616,0.704,2.644,13.854,0.585,2.227,2.331,0.324,2.148,2.275,1.891,2.227,0.024,1.952,0.69,2.033,2.15,5.242,11.118,42.84
88,236.22,236.2,236.19,236.18,236.17,236.16,236.15,236.14,236.13,236.12,236.23,236.24,236.25,236.26,236.27,236.28,236.29,236.3,236.31,236.32,2.077,1.097,0.637,0.056,0.824,2.206,0.585,2.672,1.644,7.656,4.573,13.25,4.69,13.407,5.415,15.702,9.111,12.854,14.82,61.078
89,236.24,236.22,236.21,236.2,236.19,236.18,236.17,236.16,236.15,236.14,236.25,236.26,236.27,236.28,236.29,236.3,236.31,236.32,236.33,236.34,0.636,3.108,0.893,2.286,0.466,1.717,0.271,2.008,0.585,2.211,0.569,0.563,1.039,1.166,6.943,25.102,12.798,2.499,4.381,10.347
90,236.23,236.2,236.19,236.18,236.16,236.14,236.13,236.12,236.11,236.1,236.24,236.26,236.27,236.28,236.29,236.3,236.31,236.32,236.33,236.34,4.042,2.566,0.585,2.078,2.77,2.203,0.847,3.112,10.146,39.236,0.024,0.056,8.077,20.433,0.324,0.641,12.868,35.301,6.241,20.433
91,236.35,236.34,236.32,236.31,236.3,236.28,236.27,236.26,236.25,236.24,236.36,236.38,236.39,236.4,236.41,236.42,236.43,236.44,236.45,236.46,1.585,0.497,2.534,0.585,2.13,2.755,0.814,1.667,0.585,12.836,0.024,0.641,5.488,13.254,7.111,20.433,0.912,4.306,4.186,9.691
92,236.22,236.2,236.19,236.18,236.16,236.15,236.14,236.13,236.12,236.11,236.23,236.24,236.25,236.26,236.27,236.28,236.29,236.3,236.31,236.32,0.587,0.401,1.527,2.08,2.655,0.323,2.092,8.805,23.321,9.708,15.518,1.923,1.862,2.42,5.515,21.468,27.115,21.346,32.859,21.744
93,236.06,236.04,236.03,236.02,236.01,236,235.99,235.98,235.97,235.96,236.07,236.08,236.09,236.1,236.11,236.12,236.13,236.14,236.15,236.16,0.77,3.083,0.5,2.194,6.287,12.83,5.262,14.109,3.869,12.854,1.937,13.993,1.679,0.641,2.076,2.157,10.697,34.497,6.18,21.703
94,236.06,236.04,236.02,236.01,236,235.99,235.98,235.97,235.96,235.95,236.07,236.08,236.09,236.1,236.12,236.13,236.14,236.15,236.16,236.17,1.103,0.083,2.266,0.024,4.429,0.884,2.691,7.777,20.433,4.406,1.847,0.607,0.935,3.134,0.38,10.688,31.835,8.099,21.433,0.796
95,236.36,236.35,236.34,236.32,236.31,236.3,236.29,236.28,236.26,236.25,236.37,236.38,236.4,236.42,236.44,236.45,236.46,236.47,236.48,236.49,0.585,1.466,0.519,2.261,5.951,19.005,12.822,2.25,6.391,18.981,1.884,1.182,2.129,2.667,7.931,31.373,36.999,0.032,4.174,0.4
96,236.24,236.22,236.2,236.19,236.18,236.17,236.16,236.14,236.13,236.12,236.25,236.26,236.27,236.28,236.29,236.3,236.31,236.32,236.33,236.34,0.244,0.171,0.139,1.101,0.952,3,2.697,2.554,0.985,2.088,8.823,19.7,14.354,12.321,38.528,12.854,6.186,22.827,41.409,22.862
97,236.03,236.02,236,235.99,235.98,235.96,235.95,235.94,235.93,235.92,236.04,236.06,236.07,236.08,236.09,236.1,236.11,236.12,236.13,236.14,0.585,2.235,5.497,1.615,2.644,2.059,0.585,2.783,8.7,20.433,0.617,0.056,0.466,1.543,1.894,1.858,4.972,25.051,35.463,20.01
98,236.61,236.6,236.59,236.58,236.57,236.56,236.55,236.54,236.53,236.52,236.62,236.64,236.66,236.67,236.68,236.69,236.7,236.71,236.72,236.73,10.683,17.831,20.836,29.213,13.698,3.965,13.849,0.301,0.9,0.641,0.024,0.056,0.102,0.244,2.022,1.115,2.975,4.099,8.072,33.94
99,235.78,235.77,235.76,235.75,235.74,235.73,235.72,235.71,235.7,235.68,235.79,235.8,235.81,235.83,235.84,235.85,235.86,235.87,235.88,235.89,0.706,0.4,1.545,0.524,2.094,0.617,2.093,16.235,47.561,2.753,1.595,12.798,0.978,5.761,13.407,2.069,0.024,5.478,21.524,33.535
100,235.71,235.7,235.69,235.68,235.67,235.66,235.65,235.64,235.62,235.61,235.72,235.74,235.75,235.76,235.77,235.78,235.79,235.8,235.81,235.82,15.764,7.2,13.298,4.614,12.826,1.422,0.585,2.747,0.056,0.617,0.869,0.024,0.032,0.024,0.617,2.062,0.903,14.766,31.835,0.024
101,235.89,235.88,235.87,235.86,235.85,235.84,235.83,235.82,235.81,235.8,235.9,235.92,235.93,235.94,235.95,235.96,235.97,235.98,235.99,236,1.658,5.071,13.29,4.656,23.547,31.741,12.798,0.641,0.024,0.056,0.29,0.555,0.161,2.108,0.032,2.197,2.469,10.437,27.201,2.105
102,235.91,235.9,235.89,235.88,235.87,235.86,235.85,235.84,235.82,235.81,235.92,235.93,235.94,235.95,235.96,235.97,235.98,235.99,236,236.01,0.944,0.574,0.839,1.198,11.069,31.013,0.617,0.056,12.371,44.429,1.382,0.797,2.427,0.617,2.125,2.114,0.024,2.132,8.761,38.77
103,235.99,235.98,235.97,235.96,235.95,235.94,235.93,235.92,235.91,235.9,236,236.01,236.02,236.03,236.04,236.05,236.06,236.07,236.08,236.09,1.803,0.529,4.897,16.97,18.369,13.432,12.095,42.64,0.585,1.304,0.773,0.505,2.318,1.881,4.236,0.032,2.743,13.265,33.915,8.14
104,236.21,236.2,236.19,236.18,236.17,236.16,236.15,236.14,236.13,236.12,236.22,236.24,236.25,236.26,236.27,236.28,236.29,236.3,236.31,236.32,1.943,0.894,2.764,4.324,14.606,2.816,0.873,2.477,12.241,44.165,0.424,0.024,1.197,4.557,2.129,0.609,11.292,33.271,17.064,40.578
105,236.38,236.37,236.36,236.35,236.34,236.33,236.32,236.31,236.3,236.29,236.39,236.41,236.42,236.43,236.44,236.45,236.46,236.47,236.48,236.49,0.609,1.29,0.721,1.162,3.915,0.653,2.161,0.323,2.718,12.87,1.223,5.294,13.121,2.109,2.101,0.032,2.101,19.087,67.301,7.594
106,236.2,236.18,236.17,236.16,236.14,236.13,236.12,236.11,236.1,236.09,236.21,236.23,236.24,236.25,236.26,236.27,236.28,236.29,236.3,236.31,1.606,0.109,1.313,3.009,2.433,2.455,0.952,6.771,13.09,3.441,1.475,0.356,0.585,2.085,5.907,25.026,42.498,28.072,7.172,18.927
107,236.03,236.01,236,235.99,235.98,235.97,235.96,235.95,235.94,235.93,236.04,236.05,236.06,236.07,236.08,236.09,236.1,236.11,236.12,236.13,0.241,0.37,0.239,2.545,1.804,3.035,4.299,1.045,3.5,10.113,1.35,0.032,0.674,0.032,2.644,0.032,2.352,0.064,2.998,3.956
108,236.59,236.58,236.57,236.56,236.55,236.54,236.53,236.52,236.51,236.5,236.6,236.61,236.62,236.63,236.64,236.65,236.66,236.67,236.68,236.69,15.509,2.146,2.617,6.439,13.264,2.736,0.585,1.754,8.292,29.014,0.024,0.032,0.024,0.617,0.024,0.032,0.024,2.12,4.956,3.654
109,236.68,236.67,236.66,236.65,236.64,236.63,236.62,236.61,236.6,236.59,236.69,236.71,236.72,236.73,236.74,236.75,236.76,236.77,236.78,236.79,0.024,0.032,2.04,9.19,28.036,4.144,2.505,0.617,10.562,31.811,1.546,0.279,12.798,6.941,18.54,0.032,0.024,2.633,0.024,0.536
110,236.33,236.32,236.31,236.3,236.29,236.28,236.27,236.26,236.25,236.24,236.34,236.36,236.37,236.38,236.39,236.4,236.41,236.42,236.43,236.44,3.775,15.306,0.806,4.828,23.51,33.88,16.913,12.822,0.498,2.616,0.024,0.024,0.432,0.597,0.522,3.516,9.739,2.931,26.963,67.983
111,236.36,236.35,236.34,236.33,236.32,236.31,236.3,236.29,236.28,236.27,236.37,236.38,236.39,236.4,236.41,236.42,236.43,236.44,236.45,236.46,0.05,0.032,0.048,0.649,0.524,1.54,14.526,39.486,31.657,1.032,2.564,1.092,2.427,2.019,0.617,2.043,0.355,0.609,2.075,0.024
112,236.33,236.32,236.31,236.3,236.29,236.28,236.27,236.26,236.25,236.24,236.34,236.35,236.36,236.37,236.38,236.39,236.4,236.41,236.42,236.43,18.765,2.063,0.032,2.531,2.449,5.054,12.243,42.802,27.046,2.602,0.024,0.624,0.024,0.617,0.024,3.184,13.383,1.965,0.49,2.647
113,236.28,236.27,236.26,236.25,236.24,236.23,236.22,236.21,236.2,236.19,236.29,236.3,236.31,236.32,236.33,236.34,236.35,236.36,236.37,236.38,0.049,0.032,0.024,0.032,0.609,0.032,0.024,0.088,20.043,67.015,5.405,1.987,3.042,2.767,0.964,3.306,0.032,2.018,0.617,2.695
114,236.59,236.58,236.57,236.56,236.55,236.54,236.53,236.52,236.51,236.5,236.61,236.62,236.63,236.64,236.65,236.66,236.67,236.68,236.69,236.7,0.909,0.024,0.032,0.024,0.032,5.224,0.032,2.067,21.199,78.03,2.753,4.388,3.188,2.817,4.013,12.528,32.668,17.161,13.769,3.533
115,236.89,236.88,236.87,236.86,236.85,236.84,236.83,236.82,236.81,236.8,236.9,236.92,236.93,236.94,236.95,236.96,236.97,236.98,236.99,237,2.107,1.689,16.365,12.823,1.744,0.89,4.132,4.127,0.225,0.024,0.024,0.024,0.032,0.837,2.35,4.24,2.6,11.592,38.027,25.744
116,236.66,236.65,236.64,236.63,236.62,236.61,236.6,236.59,236.58,236.57,236.67,236.68,236.69,236.7,236.71,236.72,236.73,236.74,236.75,236.76,0.609,0.032,0.048,0.94,3.598,8.908,27.884,2.497,2.698,1.064,2.025,0.864,1.057,5.033,17.52,15.736,4.31,22.308,36.531,14.926
117,236.51,236.5,236.49,236.48,236.47,236.46,236.45,236.44,236.43,236.42,236.52,236.54,236.55,236.56,236.57,236.58,236.59,236.6,236.61,236.62,4.578,26.985,33.94,13.798,0.032,1.075,0.032,1.855,0.032,17.258,0.024,0.024,0.032,0.024,0.606,0.609,5.294,12.058,0.641,2.046
118,236.7,236.69,236.68,236.67,236.66,236.65,236.64,236.63,236.62,236.61,236.71,236.72,236.73,236.75,236.76,236.77,236.78,236.79,236.8,236.81,0.609,0.032,0.559,27.046,4,12.854,0.815,3.957,15.822,0.032,13.298,6.594,2.748,1.912,1.225,4.444,2.097,0.382,2.682,20.32
119,236.84,236.83,236.82,236.81,236.8,236.79,236.78,236.77,236.76,236.75,236.85,236.86,236.87,236.88,236.89,236.9,236.91,236.92,236.93,236.94,0.585,0.18,0.648,4.833,21.156,21.401,30.633,18.393,14.616,6.009,0.056,0.698,1.23,0.024,0.617,2.112,2.032,2.674,0.359,10.875
120,237.43,237.42,237.41,237.4,237.39,237.38,237.37,237.36,237.35,237.34,237.44,237.46,237.47,237.48,237.49,237.5,237.51,237.52,237.54,237.55,6.46,2.232,5.509,8.554,14.564,5.483,22.33,31.803,0.032,0.024,0.024,0.056,0.609,0.901,0.882,2.954,0.862,2.889,1.656,0.617
121,237.73,237.72,237.71,237.69,237.67,237.66,237.65,237.64,237.63,237.62,237.74,237.76,237.77,237.78,237.79,237.8,237.81,237.82,237.84,237.85,0.585,2.301,3.298,2.262,2.279,3.286,2.729,2.272,14.441,49.306,0.012,0.08,4.33,12.854,0.617,0.056,0.27,1.541,0.519,1.087
122,237.53,237.52,237.51,237.5,237.49,237.48,237.47,237.46,237.45,237.44,237.54,237.56,237.58,237.59,237.6,237.61,237.62,237.64,237.65,237.66,17.366,1.374,2.925,5.342,14.533,10.576,35.72,9.042,14.194,2.559,0.024,0.024,0.08,0.595,0.056,1.46,2.337,2.819,1,5.546
123,237.3,237.28,237.27,237.26,237.25,237.24,237.23,237.22,237.21,237.2,237.31,237.32,237.33,237.34,237.35,237.36,237.37,237.38,237.39,237.4,0.049,0.048,0.4,0.024,0.9,2.907,9.61,40.876,27.631,2.393,7.303,1.564,2.593,2.134,4.932,4.321,10.108,0.381,6.273,24.754
124,237.18,237.16,237.15,237.14,237.13,237.12,237.11,237.1,237.09,237.08,237.19,237.2,237.21,237.22,237.23,237.24,237.25,237.26,237.27,237.28,0.024,0.024,0.032,31.803,0.032,0.958,2.144,2.294,16.195,39.867,2.624,12.798,3.72,15.602,5.55,2.159,2.98,4.082,16.41,17.794
125,236.98,236.97,236.96,236.95,236.94,236.93,236.92,236.91,236.9,236.89,236.99,237,237.01,237.02,237.03,237.04,237.05,237.06,237.07,237.08,0.609,4.011,12.846,3.623,16.232,16.099,17.19,45.593,10.741,1.932,1.175,4.934,1.095,2.764,13.423,1.213,2.841,8.328,15.064,2.371
126,237.16,237.14,237.13,237.12,237.11,237.1,237.09,237.08,237.07,237.06,237.17,237.18,237.19,237.2,237.21,237.22,237.24,237.25,237.26,237.27,0.024,0.024,0.032,0.024,0.902,4.715,5.503,2.335,0.032,3.224,7.623,16.992,2.971,3.755,5.481,3.623,5.808,12.829,2.354,1.648
127,237.24,237.23,237.22,237.21,237.19,237.18,237.17,237.16,237.15,237.14,237.25,237.26,237.27,237.28,237.29,237.3,237.31,237.32,237.34,237.36,0.585,0.991,12.977,12.798,0.032,12.798,0.617,0.69,7.519,13.488,3.346,0.024,1.942,2.978,0.912,5.393,0.91,2.393,12.702,2.393
128,237.08,237.07,237.06,237.05,237.04,237.03,237.02,237.01,237,236.99,237.09,237.1,237.12,237.13,237.14,237.15,237.16,237.17,237.18,237.19,1.733,1.532,0.024,2.371,13.832,40.185,1.875,5.294,0.024,0.032,2.781,0.816,2.803,1.166,2.966,1.595,4.372,2.188,4.606,2.175
129,237.3,237.29,237.28,237.27,237.26,237.25,237.24,237.23,237.22,237.21,237.32,237.33,237.34,237.35,237.36,237.38,237.39,237.4,237.41,237.42,1.178,0.032,0.024,0.326,12.89,44.891,4.586,12.83,4.866,16.242,5.011,12.798,1.845,13.383,12.854,0.056,0.609,2.877,2.976,0.641
130,237.1,237.08,237.07,237.06,237.05,237.04,237.03,237.02,237.01,237,237.11,237.12,237.13,237.14,237.15,237.16,237.17,237.18,237.19,237.2,0.024,0.024,1.617,0.024,0.801,0.633,0.032,6.077,21.071,32.581,16.628,13.2,2.882,0.585,20.588,24.222,1.112,0.295,1.032,2.136
131,237.12,237.11,237.1,237.09,237.08,237.07,237.06,237.05,237.04,237.03,237.13,237.14,237.15,237.16,237.17,237.18,237.19,237.2,237.21,237.22,0.024,0.032,0.024,0.617,14.672,58.045,12.846,0.649,2.488,3.102,5.111,12.774,1.55,13.951,1.508,0.586,0.468,0.424,4.21,1.227
132,237.08,237.07,237.06,237.05,237.04,237.03,237.02,237.01,237,236.99,237.09,237.1,237.11,237.12,237.13,237.14,237.15,237.16,237.17,237.18,7.82,0.984,3.689,1.058,2.936,0.357,3.203,14.564,32.605,7.565,0.524,0.843,1.216,1.177,0.617,0.838,0.032,3.591,0.056,2.245
133,237.42,237.4,237.39,237.38,237.37,237.36,237.35,237.34,237.33,237.32,237.43,237.44,237.45,237.46,237.47,237.48,237.49,237.5,237.51,237.52,0.024,1.024,1.231,0.348,8.886,33.585,13.415,3.725,16.599,16.642,8.017,11.174,4.786,3.618,12.273,0.602,24.55,22.845,0.056,0.348
134,237.54,237.53,237.52,237.51,237.5,237.49,237.48,237.47,237.46,237.45,237.55,237.56,237.57,237.58,237.59,237.6,237.61,237.62,237.63,237.64,0.585,12.327,5.794,3.1,15.789,13.597,0.024,3.786,11.807,11.935,5.595,3.187,2.384,10.932,11.815,1.911,1.532,4.031,5.339,1.027
135,237.51,237.5,237.49,237.48,237.47,237.46,237.45,237.44,237.43,237.42,237.52,237.53,237.55,237.56,237.57,237.58,237.59,237.6,237.61,237.62,1,1.148,0.032,2.917,7.733,2.311,0.617,6.943,20.557,36.111,2.24,4.458,5.314,0.935,0.032,0.812,0.617,0.424,3.624,10.741
136,237.43,237.42,237.41,237.4,237.39,237.38,237.37,237.36,237.35,237.34,237.44,237.46,237.47,237.48,237.49,237.5,237.51,237.52,237.53,237.54,1.641,32.915,13.507,11.783,0.758,0.024,11.006,35.657,21.369,11.222,4.619,0.952,1.35,0.75,0.667,0.609,3.032,0.024,1.541,2.9
137,237.38,237.37,237.36,237.35,237.34,237.33,237.32,237.31,237.3,237.29,237.39,237.41,237.42,237.43,237.44,237.45,237.46,237.47,237.48,237.49,2.919,0.032,0.024,0.617,2.344,0.032,6.872,12.706,9.482,10.696,3.962,0.032,3.597,0.571,1.14,0.518,0.526,0.617,0.024,0.496
138,237.69,237.68,237.67,237.66,237.65,237.64,237.63,237.62,237.61,237.6,237.7,237.71,237.72,237.73,237.74,237.75,237.76,237.77,237.78,237.79,1.712,4.841,7.716,24.951,13.23,1.024,0.032,11.615,32.515,10.156,0.024,0.032,0.509,1.102,0.65,0.032,2.798,2.032,3.76,1.436
139,237.92,237.91,237.9,237.89,237.88,237.87,237.86,237.85,237.84,237.83,237.93,237.94,237.95,237.96,237.97,237.98,237.99,238,238.01,238.02,0.693,1.985,1.318,3.354,5.829,6.061,23.227,36.509,25.063,14.573,3.742,0.524,0.032,0.024,0.617,0.098,6.303,22.632,2.056,0.024
140,237.66,237.65,237.64,237.63,237.62,237.61,237.6,237.59,237.58,237.57,237.67,237.68,237.69,237.7,237.71,237.72,237.73,237.74,237.75,237.76,0.024,0.324,0.484,0.032,0.854,0.032,0.024,2.131,1.109,3.395,16.267,18.43,4.042,1,1.09,5.096,22.618,1.048,1.658,0.024
141,237.54,237.53,237.52,237.51,237.5,237.49,237.48,237.47,237.46,237.45,237.55,237.56,237.57,237.58,237.59,237.6,237.61,237.62,237.63,237.64,1.755,0.538,0.024,3.017,15.016,31.313,5.182,12.8,0.609,2.032,5.315,0.762,1.853,6.608,13.617,11.222,2.283,0.671,0.495,0.924
142,237.84,237.83,237.82,237.81,237.8,237.79,237.78,237.77,237.76,237.75,237.85,237.86,237.87,237.88,237.89,237.9,237.91,237.92,237.93,237.94,4.662,3.65,19.948,33.426,4.962,10.615,0.024,4.7,21.636,34.058,3.05,10.524,0.432,0.833,0.056,0.024,2.205,5.569,10.154,0.024
143,237.47,237.46,237.45,237.44,237.43,237.42,237.41,237.4,237.39,237.38,237.48,237.5,237.51,237.52,237.53,237.54,237.55,237.56,237.57,237.58,1,5.554,17.901,14.208,13.507,11.492,1.517,0.024,0.496,13.469,2.593,2.119,0.641,1.887,0.032,1.424,0.649,2.119,0.032,5.578
144,237.28,237.27,237.26,237.25,237.24,237.23,237.22,237.21,237.2,237.19,237.29,237.3,237.31,237.33,237.34,237.35,237.36,237.37,237.38,237.39,0.024,0.032,0.048,1.357,3.752,10.749,0.024,9.95,29.581,1.188,5.737,17.274,1.36,2.123,0.609,1.816,0.453,2.1,4.261,18.585
145,237.27,237.26,237.25,237.24,237.23,237.22,237.21,237.2,237.19,237.18,237.28,237.29,237.3,237.31,237.32,237.33,237.34,237.35,237.36,237.37,0.614,0.024,0.032,0.349,0.617,0.488,9.486,32.477,10.611,7.39,1.783,1.198,2.81,1.846,0.024,3.082,0.024,16.864,11.807,5.784
146,237.06,237.05,237.04,237.03,237.02,237.01,237,236.99,236.98,236.97,237.08,237.09,237.1,237.11,237.12,237.13,237.14,237.15,237.16,237.17,3.332,0.585,0.911,2.97,1.532,5.842,4.348,2.145,12.992,42.368,1.235,1.122,11.198,3.065,0.024,2.165,0.024,3.13,0.048,2.439
147,237.09,237.08,237.07,237.06,237.05,237.04,237.03,237.02,237.01,237,237.1,237.11,237.12,237.13,237.14,237.15,237.16,237.17,237.18,237.19,1.906,0.349,0.032,0.024,5.797,14.305,12.164,1.405,4.628,2.324,1.495,0.65,1.014,1.74,15.893,11.23,1.024,1.483,6.73,14.771
148,237.06,237.05,237.04,237.03,237.02,237.01,237,236.99,236.98,236.97,237.08,237.09,237.1,237.11,237.12,237.13,237.14,237.15,237.16,237.17,1.165,1.501,0.855,11.91,41.153,6.125,2.788,0.617,0.024,12.33,2.572,1.419,0.024,2.105,1.602,1.117,4.929,0.93,3.007,0.032
149,237.03,237.02,237.01,237,236.99,236.98,236.97,236.96,236.95,236.94,237.04,237.05,237.06,237.07,237.08,237.09,237.1,237.11,237.12,237.13,1.695,4.688,15.974,14.662,8.282,33.857,10.164,3.628,11.23,1.509,0.192,1.122,0.048,0.641,0.024,1.194,2.156,3.829,4.21,5.544
150,237.41,237.4,237.39,237.38,237.37,237.36,237.35,237.34,237.33,237.32,237.42,237.43,237.44,237.45,237.46,237.47,237.48,237.49,237.5,237.51,1.554,3.869,4.054,13.513,5.317,15.687,18.241,33.514,14.014,0.585,2.093,0.064,3.129,0.942,3.362,0.056,2.646,0.032,4.902,15.744
151,238.09,238.07,238.06,238.05,238.04,238.03,238.02,238.01,238,237.99,238.1,238.11,238.12,238.13,238.14,238.15,238.16,238.17,238.18,238.19,0.893,0.927,3.133,10.867,3,0.032,1.072,1.997,4.947,21.883,1.188,0.445,1.99,0.032,1.576,1.472,2.014,0.903,7.03,0.032
152,237.84,237.82,237.81,237.8,237.79,237.78,237.77,237.76,237.75,237.74,237.85,237.86,237.87,237.88,237.89,237.9,237.91,237.92,237.93,237.94,0.024,0.024,0.617,3.356,19.987,35.105,10.811,0.024,0.032,5.913,3.429,15.976,0.032,1.668,5.964,15.845,14.882,13.826,1.641,5.176
153,238.2,238.19,238.18,238.17,238.16,238.15,238.14,238.13,238.12,238.11,238.21,238.22,238.23,238.25,238.26,238.27,238.28,238.29,238.3,238.31,0.024,0.032,0.048,0.638,0.024,2.914,11.121,2.955,3.958,11.398,6.534,2.354,3.336,2.061,0.609,5.171,11.491,6.562,58.34,33.055
154,238.02,237.99,237.98,237.97,237.96,237.95,237.94,237.93,237.92,237.91,238.05,238.06,238.07,238.08,238.09,238.1,238.11,238.12,238.13,238.14,0.585,5.061,11.222,2.032,0.609,2.032,0.024,2.031,0.889,4.143,1.905,11.722,0.028,2.577,0.056,2.024,4.512,16.531,23.223,0.253
155,238.12,238.1,238.09,238.08,238.07,238.06,238.05,238.04,238.03,238.02,238.13,238.15,238.16,238.17,238.18,238.19,238.2,238.21,238.22,238.23,0.024,0.024,0.032,0.024,0.617,1.614,0.532,2.165,0.532,11.866,5.13,2.208,0.585,5.806,15.854,15.138,17.115,11.523,11.458,48.544
156,237.83,237.82,237.81,237.8,237.79,237.78,237.77,237.76,237.75,237.74,237.84,237.86,237.87,237.88,237.89,237.9,237.91,237.92,237.94,237.95,4.145,15.041,14.62,11.198,4.276,11.545,1.395,9.408,36.143,22.686,0.024,0.677,2.631,0.857,0.693,1.589,2.539,5.041,6.688,11.198
157,237.98,237.97,237.96,237.95,237.94,237.93,237.92,237.91,237.9,237.89,237.99,238,238.01,238.02,238.03,238.04,238.05,238.06,238.07,238.08,0.842,0.032,0.024,0.617,0.024,0.032,2.313,0.032,2.16,9.029,2.714,5.506,2.112,1.821,1.523,4.355,3.275,21.346,2.374,3.412
158,237.86,237.85,237.84,237.83,237.82,237.81,237.8,237.79,237.78,237.77,237.87,237.88,237.89,237.9,237.91,237.92,237.93,237.94,237.95,237.96,8.651,17.896,12.098,1.085,1.643,0.032,0.024,5.119,11.222,1.782,0.702,0.056,0.945,0.896,1.912,5.418,6.352,13.479,14.533,15.367
159,238.19,238.18,238.17,238.15,238.14,238.13,238.12,238.11,238.1,238.09,238.2,238.21,238.22,238.24,238.25,238.26,238.27,238.28,238.29,238.3,1.054,0.65,0.032,3.551,11.222,0.056,0.024,2.513,9.486,34.262,3.915,11.198,1.706,2.701,3.957,4.762,0.301,3.229,10.522,31.761
160,238.04,238.03,238.01,238,237.99,237.98,237.97,237.96,237.95,237.94,238.05,238.06,238.08,238.09,238.1,238.11,238.12,238.13,238.14,238.15,1.223,1.047,0.032,0.609,2.261,1.753,0.032,3.344,2.729,1.749,4.526,0.056,14.629,14.044,11.254,2.17,3.921,2.191,12.931,38.807
161,237.44,237.42,237.4,237.39,237.38,237.37,237.36,237.35,237.34,237.33,237.46,237.47,237.48,237.49,237.5,237.51,237.52,237.53,237.54,237.55,0.585,1.458,0.066,1.223,1.555,0.856,2.287,1.239,4.044,0.566,4.625,6.863,17.138,23.29,5.25,11.198,0.878,1.451,8.512,12.236
162,238.15,238.14,238.13,238.11,238.1,238.09,238.08,238.07,238.06,238.05,238.16,238.17,238.18,238.2,238.21,238.22,238.24,238.25,238.26,238.27,5.422,1.991,2.674,1.471,0.609,1.489,1.678,7.628,31.234,2.487,1.494,0.552,0.853,1.025,4.351,15.48,2.594,2.966,7.668,33.102
163,238.18,238.17,238.16,238.15,238.14,238.13,238.12,238.11,238.1,238.09,238.19,238.2,238.21,238.22,238.23,238.24,238.25,238.26,238.27,238.28,1.214,1.116,0.024,0.032,1.688,2.313,0.024,1.418,0.048,1.493,1.127,4.439,3.714,0.056,4.196,11.254,0.462,4.743,10.677,2.583
164,238.87,238.86,238.85,238.84,238.83,238.82,238.81,238.8,238.79,238.78,238.88,238.9,238.91,238.92,238.93,238.95,238.96,238.97,238.98,238.99,1,0.056,0.024,0.641,1.813,11.879,42.952,11.254,2.674,2.168,2.264,3.379,14.963,12.122,1.078,0.032,0.996,3.338,5.23,22.893
165,238.84,238.83,238.82,238.8,238.79,238.78,238.77,238.76,238.75,238.74,238.85,238.86,238.87,238.89,238.9,238.91,238.92,238.93,238.94,238.95,0.585,3.701,11.198,2.641,6.74,14.048,14.499,14.477,0.9,1.482,3.536,0.461,0.032,0.617,0.024,1.796,5.494,9.642,11.624,48.304
166,239.02,239,238.99,238.98,238.97,238.96,238.94,238.93,238.92,238.91,239.03,239.04,239.05,239.06,239.07,239.08,239.09,239.1,239.11,239.12,3.254,4.864,10.326,3.387,4.224,0.056,1.654,2.357,3.707,1,2.101,0.024,0.24,0.024,0.617,19.239,0.352,0.748,0.064,0.024
167,239.11,239.1,239.09,239.08,239.06,239.05,239.04,239.03,239.02,239.01,239.12,239.13,239.15,239.16,239.17,239.18,239.19,239.2,239.21,239.22,0.519,0.032,2.118,5.482,1.803,11.421,34.289,10.396,0.056,0.585,0.585,0.461,0.032,0.343,5.622,15.066,21.423,0.023,0.032,0.608
168,238.9,238.88,238.86,238.85,238.84,238.83,238.82,238.8,238.79,238.78,238.91,238.92,238.93,238.94,238.95,238.96,238.97,238.98,238.99,239,0.024,0.08,0.056,0.432,2.484,0.5,1.737,2.484,12.953,42.501,11.477,3.953,6.383,14.583,11.353,4.145,12.323,33.444,14.547,8.886
169,239.09,239.08,239.06,239.04,239.03,239.02,239.01,239,238.99,238.98,239.1,239.11,239.12,239.13,239.14,239.15,239.16,239.17,239.18,239.19,1.791,0.032,0.617,0.969,5.577,11.254,13.388,14.022,12.098,1.553,10.654,12.283,0.024,0.532,0.023,1.857,1.108,9.48,36.513,21.352
170,238.95,238.94,238.92,238.91,238.9,238.89,238.88,238.86,238.85,238.84,238.96,238.97,238.98,238.99,239,239.01,239.02,239.03,239.04,239.05,0.585,0.548,0.056,1.109,1.726,0.853,2.335,1.726,0.893,9.584,11.244,0.507,0.461,3.615,10.069,1.562,4.635,12.654,7.831,23.806
171,239.03,239,238.98,238.97,238.96,238.94,238.93,238.92,238.91,238.9,239.04,239.05,239.06,239.07,239.08,239.09,239.1,239.11,239.12,239.13,0.378,1.645,3.538,15.292,11.254,2.488,2.401,2.049,0.024,2.618,2.951,0.131,0.068,0.032,2.589,1.908,2.562,6.589,24.866,12.774
172,238.88,238.87,238.86,238.85,238.84,238.83,238.82,238.81,238.8,238.78,238.89,238.9,238.91,238.92,238.93,238.94,238.95,238.96,238.97,238.98,0.867,6.395,20.337,0.032,0.641,3.146,17.391,30.516,2.777,1.215,5.059,12.528,4.454,0.694,2.487,1.05,1.934,2.018,0.617,10.084
173,238.99,238.98,238.96,238.95,238.94,238.93,238.92,238.91,238.9,238.89,239,239.03,239.04,239.05,239.06,239.07,239.08,239.09,239.1,239.11,0.585,0.604,0.056,0.9,1.713,0.344,1.713,1.471,4.713,2.144,1.47,1.61,2.412,1.88,2.921,0.986,5.349,14.313,13.081,3.049
174,239.02,239.01,239,238.99,238.98,238.96,238.95,238.94,238.93,238.92,239.03,239.04,239.05,239.06,239.07,239.08,239.09,239.1,239.11,239.12,1.681,0.824,0.032,0.5,0.641,2.831,4.022,11.997,6.732,1.334,2.417,3.938,16.304,15.142,11.206,0.024,5.851,23.595,35.707,24.319
175,239.16,239.15,239.14,239.13,239.12,239.11,239.1,239.09,239.08,239.07,239.17,239.18,239.19,239.2,239.21,239.22,239.23,239.24,239.25,239.26,1.396,3.352,11.23,0.585,0.056,3.361,12.074,1.85,2.847,0.32,1.681,0.023,0.032,0.343,2.16,0.023,2.647,2.484,1.338,10.932
176,239.3,239.29,239.28,239.27,239.26,239.24,239.23,239.22,239.21,239.2,239.31,239.32,239.33,239.34,239.35,239.36,239.37,239.38,239.39,239.4,1.278,1.012,0.032,0.556,1.451,2.765,4.855,0.055,0.617,1.591,0.032,0.023,0.351,1.791,0.617,1.773,0.032,14.024,44.09,6.335
177,239.24,239.23,239.22,239.21,239.2,239.18,239.17,239.16,239.15,239.14,239.26,239.27,239.28,239.29,239.3,239.31,239.32,239.33,239.34,239.35,0.585,2.668,5.703,14.188,10.63,3.342,2.091,0.56,0.551,2.448,0.876,0.032,0.343,0.617,0.023,0.032,12.169,1.548,0.046,1.696
178,239.16,239.14,239.13,239.12,239.1,239.09,239.08,239.06,239.05,239.04,239.17,239.18,239.19,239.2,239.21,239.22,239.23,239.24,239.25,239.26,0.417,0.055,1.128,0.079,0.056,1.077,1.313,8.209,26.441,37.911,8.17,15.387,16.066,15.689,13.788,12.512,4.129,1.412,1.125,16.52
179,239.41,239.39,239.38,239.37,239.36,239.35,239.34,239.33,239.32,239.3,239.42,239.43,239.44,239.45,239.46,239.47,239.48,239.49,239.5,239.51,0.778,1.633,3.342,11.813,23.504,117.908,0.055,0.608,0.055,0.515,0.023,0.032,0.046,1.117,3.765,15.966,23.096,0.617,2.135,3.43
180,238.99,238.98,238.97,238.96,238.95,238.94,238.92,238.91,238.9,238.89,239,239.01,239.02,239.03,239.04,239.05,239.06,239.07,239.08,239.09,4.806,0.914,2.265,0.032,2.028,1.58,1.58,2.121,7.225,24.131,0.171,0.532,0.024,1.325,0.715,1.684,7.775,15.346,22.25,33.584
181,239.24,239.23,239.22,239.21,239.2,239.19,239.18,239.17,239.16,239.15,239.25,239.26,239.27,239.28,239.29,239.3,239.31,239.32,239.33,239.34,1.367,0.823,2.328,3.279,11.985,1.132,4.761,11.723,1.266,2.141,0.264,0.023,2.771,11.221,9.108,27.459,0.932,0.046,0.617,0.023
182,239.73,239.72,239.7,239.69,239.68,239.67,239.66,239.65,239.64,239.63,239.74,239.75,239.76,239.77,239.78,239.79,239.8,239.81,239.82,239.83,0.621,0.023,0.055,0.055,1.983,4.218,9.631,0.459,1.398,0.854,1.425,4.09,14.792,13.114,4.385,11.23,0.9,0.867,3.696,5.995
183,240.58,240.57,240.56,240.54,240.53,240.52,240.5,240.49,240.48,240.46,240.59,240.61,240.62,240.63,240.64,240.65,240.66,240.67,240.68,240.69,2.346,1.113,2.679,1.566,0.617,1.331,2.081,18.326,52.691,0.055,0.617,0.49,0.608,0.032,6.798,21.232,11.406,0.847,0.023,2.74
184,240.64,240.63,240.62,240.61,240.6,240.58,240.57,240.56,240.55,240.54,240.65,240.67,240.68,240.69,240.7,240.71,240.72,240.73,240.74,240.75,1.514,1.514,2.107,2.4,1.342,1.469,1.669,0.032,2.136,0.032,0.617,0.522,0.608,7.336,20.294,15.363,0.023,1.055,7.918,20.988
185,240.77,240.76,240.74,240.73,240.72,240.71,240.7,240.69,240.68,240.67,240.79,240.81,240.82,240.83,240.84,240.85,240.86,240.87,240.88,240.89,1,13.033,0.906,3.23,1.235,4.262,9.484,2.112,6.623,26.68,1.475,3.578,8.779,3.973,10.766,3.723,13.681,2.932,1.457,4.41
186,241.13,241.1,241.08,241.07,241.06,241.05,241.04,241.03,241.02,241.01,241.15,241.16,241.18,241.19,241.2,241.21,241.22,241.23,241.24,241.25,1,0.905,1.737,0.585,1.737,3.817,13.687,42.11,29.589,1.989,5.379,1.714,2.322,1.685,0.555,6.821,22.857,18.855,0.055,2.72
187,241.86,241.85,241.84,241.83,241.82,241.81,241.8,241.79,241.78,241.77,241.87,241.88,241.9,241.92,241.93,241.94,241.95,241.96,241.97,241.98,5.253,1.107,1.108,1.952,2.754,11.23,33.251,33.152,11.198,1.402,0.032,0.055,1.14,0.078,0.585,0.055,2.595,9.845,32.782,9.545
188,242.11,242.09,242.08,242.07,242.06,242.05,242.04,242.03,242.02,242.01,242.13,242.15,242.16,242.17,242.18,242.19,242.2,242.21,242.22,242.23,1.514,0.765,11.198,0.031,21.324,37.688,12.497,6.971,12.392,0.031,1.557,1.416,3.218,6.48,22.109,9.586,30.93,3.695,9.535,0.031
189,241.88,241.87,241.86,241.85,241.84,241.83,241.82,241.81,241.8,241.79,241.89,241.9,241.91,241.92,241.93,241.94,241.96,241.97,241.98,241.99,0.023,0.032,0.046,0.063,0.527,3.636,46.397,9.447,29.58,3.793,3.963,1.897,4.77,11.23,3.226,3.072,0.032,4.689,11.814,2.482
190,241.64,241.62,241.61,241.6,241.59,241.58,241.57,241.56,241.55,241.54,241.65,241.66,241.67,241.68,241.69,241.7,241.71,241.72,241.74,241.75,0.608,1.023,0.631,0.023,0.032,2.108,1.073,2.386,0.032,3.544,4.275,2.547,0.428,4.052,15.249,25.907,72.728,138.878,0.055,6.961
191,241.06,241.05,241.04,241.03,241.02,241.01,241,240.99,240.98,240.97,241.07,241.08,241.09,241.1,241.11,241.12,241.13,241.14,241.15,241.16,0.023,0.589,0.023,1.582,0.023,0.649,3.984,11.663,9.891,41,4.336,2.448,6.513,18.766,11.97,4.333,11.198,0.932,14.873,53.363
192,240.81,240.8,240.79,240.78,240.77,240.76,240.75,240.74,240.73,240.72,240.82,240.84,240.86,240.87,240.88,240.89,240.9,240.91,240.92,240.93,2.58,26.464,49.305,36.323,11.23,0.789,0.489,5.466,11.142,0.608,0.023,0.023,0.055,11.198,3.219,18.674,1.963,8.711,14.944,12.364
193,241.33,241.32,241.31,241.29,241.28,241.27,241.26,241.25,241.24,241.23,241.34,241.35,241.36,241.37,241.38,241.39,241.4,241.41,241.42,241.43,0.65,1,0.032,1.095,2.717,2.7,4.119,14.993,15.781,23.387,9.942,0.585,0.055,1.945,3.31,0.032,2.727,0.873,5.569,33.997
194,241.25,241.24,241.23,241.22,241.21,241.2,241.19,241.18,241.17,241.16,241.26,241.27,241.28,241.29,241.3,241.31,241.32,241.33,241.34,241.35,0.441,1.023,0.032,8.224,0.055,0.023,0.032,1.008,2.144,4.199,1.851,1.912,3.432,0.47,4.084,4.018,13.862,1.441,6.21,12.164
195,241.55,241.54,241.53,241.52,241.51,241.5,241.49,241.48,241.47,241.46,241.56,241.58,241.6,241.61,241.62,241.63,241.64,241.65,241.66,241.67,4.652,11.824,3.397,12.075,2.617,0.023,2.617,1.468,3.087,8.922,0.023,0.055,0.055,0.956,1.108,12.375,47.183,0.585,2.478,7.166
196,242.7,242.69,242.68,242.67,242.66,242.65,242.64,242.63,242.62,242.61,242.71,242.72,242.73,242.74,242.75,242.76,242.78,242.79,242.8,242.81,1,28.878,0.319,3.285,9.652,0.585,6.479,12.016,0.927,7.71,1.629,1.075,1.075,0.031,0.585,0.054,0.054,0.967,3.057,4.069
197,242.62,242.61,242.6,242.58,242.57,242.56,242.55,242.54,242.53,242.52,242.63,242.64,242.65,242.66,242.67,242.68,242.69,242.7,242.71,242.72,0.506,0.585,1.581,1.972,1.413,2.956,3.341,4.116,0.585,3.888,2.529,1.685,4.563,13.306,11.168,5.887,11.721,6.758,6.608,21.962
198,242.48,242.46,242.45,242.44,242.43,242.42,242.41,242.4,242.39,242.38,242.49,242.5,242.51,242.52,242.53,242.54,242.55,242.56,242.57,242.58,0.138,0.023,0.031,1.077,2.697,0.054,2.487,33.09,0.998,4.501,19.716,12.854,1.553,6.145,22.866,22.238,0.616,0.023,0.031,4.573
199,242.34,242.32,242.3,242.28,242.27,242.26,242.25,242.24,242.23,242.22,242.35,242.36,242.37,242.38,242.39,242.4,242.41,242.42,242.43,242.44,0.365,0.054,0.639,3.006,11.775,32.165,9.861,1.389,0.585,6.307,3.702,10.574,7.451,16.536,10.245,2.055,4.726,1.654,6.869,15.544
200,242.82,242.81,242.8,242.78,242.77,242.76,242.75,242.74,242.73,242.72,242.83,242.84,242.85,242.86,242.87,242.88,242.89,242.9,242.91,242.92,6.813,3.742,1.196,2.552,2.451,1.539,0.966,8.946,18.195,17.532,0.031,0.023,1.005,0.497,0.031,3.968,13.216,0.919,2.131,0.938
201,242.79,242.77,242.76,242.75,242.74,242.72,242.71,242.7,242.69,242.68,242.83,242.84,242.85,242.86,242.87,242.88,242.89,242.9,242.91,242.92,0.585,2.368,9.652,2.368,10.417,3.246,7.435,14.213,22.116,32.038,1.275,0.544,3.153,3.263,6.839,22.806,3.543,10.498,3.06,3.706
202,242.73,242.72,242.7,242.68,242.67,242.66,242.65,242.64,242.63,242.62,242.74,242.75,242.76,242.77,242.78,242.79,242.8,242.81,242.82,242.83,1.988,10.147,4.406,2.759,2.883,1.109,12.16,31.787,2.968,5.218,0.786,0.954,0.614,0.786,3.392,14.819,1.199,0.054,3.232,0.647
203,242.75,242.74,242.72,242.7,242.69,242.68,242.67,242.66,242.65,242.64,242.76,242.77,242.78,242.79,242.8,242.81,242.82,242.83,242.84,242.85,0.585,0.946,0.054,2.963,1.922,4.478,0.023,1.954,0.887,3.901,14.592,0.031,0.509,6.375,13.811,3.708,14.44,10.629,1.508,6.212
204,242.35,242.34,242.31,242.3,242.29,242.28,242.27,242.26,242.25,242.24,242.36,242.37,242.38,242.39,242.4,242.41,242.42,242.43,242.44,242.45,2.459,0.5,0.616,0.023,2.444,4.235,0.031,5.865,14.384,9.621,21.528,0.587,1.646,4.189,4.55,8.405,16.359,2.304,2.439,0.616
205,242.93,242.92,242.91,242.9,242.89,242.88,242.87,242.86,242.85,242.84,242.94,242.95,242.96,242.97,242.98,242.99,243,243.01,243.02,243.03,5.871,14.703,1.113,0.9,3.35,3.015,0.181,2.217,0.616,5.525,0.023,0.031,3.165,0.531,4.415,14.715,2.273,0.031,0.894,0.031
206,243.1,243.09,243.07,243.06,243.05,243.04,243.03,243.01,243,242.99,243.12,243.13,243.14,243.15,243.16,243.17,243.18,243.19,243.21,243.22,1.023,0.031,0.054,0.608,2.396,1.076,2.803,3.482,18.68,48.031,3.341,3.967,14.066,3.481,9.621,0.031,1.773,2.396,32.531,34.961
207,243.78,243.76,243.75,243.74,243.73,243.72,243.71,243.7,243.69,243.68,243.79,243.8,243.81,243.82,243.83,243.84,243.85,243.86,243.87,243.88,0.023,0.023,0.054,1.023,0.031,0.569,2.896,0.975,0.295,3.505,7.126,9.598,6.872,10.118,0.616,5.805,9.629,1.037,2.223,14.208
208,243.34,243.33,243.32,243.31,243.3,243.29,243.28,243.27,243.26,243.25,243.35,243.36,243.37,243.39,243.4,243.41,243.42,243.43,243.44,243.45,1.889,0.031,0.023,0.616,0.475,0.462,2.205,6.106,25.543,32.821,35.611,9.598,0.031,3.75,15.118,13.216,0.554,1.068,1.186,8.616
209,243.46,243.45,243.44,243.43,243.42,243.41,243.4,243.39,243.38,243.37,243.47,243.48,243.49,243.51,243.52,243.53,243.54,243.55,243.56,243.57,1.597,1.257,6.833,9.629,6.095,22.754,32.915,4.994,10.167,1.318,0.031,0.023,0.031,0.054,3.924,10.081,5.29,10.56,0.608,2.158
210,243.45,243.44,243.43,243.42,243.41,243.4,243.39,243.38,243.37,243.36,243.46,243.48,243.49,243.5,243.51,243.52,243.53,243.54,243.55,243.56,4.108,0.023,5.804,10.498,2.061,5.294,10.51,4.847,13.565,15.49,0.117,0.681,3.342,11.197,1.974,2.759,2.713,3.651,6.625,7.336
211,243,242.98,242.97,242.96,242.95,242.94,242.93,242.92,242.91,242.9,243.01,243.02,243.03,243.04,243.05,243.06,243.07,243.08,243.09,243.1,0.915,0.423,0.616,0.023,0.236,2.111,0.062,2.228,2.142,0.577,8.92,9.598,0.892,0.433,3.614,6.555,13.228,16.701,17.019,11.247
212,242.85,242.83,242.82,242.81,242.8,242.79,242.78,242.77,242.76,242.75,242.86,242.87,242.88,242.89,242.9,242.91,242.92,242.93,242.94,242.95,0.585,0.606,9.598,3.481,9.621,2.887,12.378,9.629,1.726,2.696,3.146,10.228,3.921,10.214,5.93,17.254,23.375,51.663,0.023,3.156
213,243.04,243.03,243.02,243.01,243,242.99,242.98,242.97,242.96,242.95,243.05,243.06,243.07,243.08,243.09,243.1,243.11,243.12,243.13,243.14,5.348,10.685,3.311,9.629,1.948,0.616,1.738,0.031,1.948,0.031,0.031,0.523,0.062,0.023,0.296,2.126,0.031,9.941,0.881,3.713
214,243.18,243.17,243.16,243.15,243.14,243.13,243.12,243.11,243.1,243.09,243.19,243.2,243.21,243.22,243.23,243.24,243.25,243.26,243.27,243.28,0.585,1.563,1.864,9.629,4.308,9.629,2.472,4.767,12.764,10.846,0.317,14.946,3.031,8.57,27.648,0.023,0.616,0.023,0.484,0.608
215,243.48,243.46,243.45,243.44,243.43,243.42,243.41,243.4,243.39,243.38,243.49,243.5,243.51,243.52,243.53,243.54,243.55,243.56,243.57,243.58,1.049,0.023,0.031,2.987,1.827,0.023,4.908,11.124,3.937,0.34,2.447,1.371,1.827,2.98,3.933,1.817,4.447,16.109,1.825,0.046
216,243.79,243.77,243.75,243.74,243.73,243.71,243.7,243.69,243.68,243.67,243.8,243.81,243.82,243.83,243.84,243.85,243.86,243.87,243.88,243.89,0.585,0.031,2.896,12.318,1.898,1.897,12.594,35.548,3.137,15.261,1.636,0.883,2.957,0.031,2.765,2.934,0.023,2.508,3.608,1.898
217,243.61,243.6,243.59,243.58,243.57,243.56,243.55,243.54,243.53,243.52,243.62,243.63,243.64,243.65,243.66,243.67,243.68,243.69,243.71,243.72,0.4,0.023,0.031,0.608,4.078,16.226,1.639,1.347,14.321,32.413,9.164,5.007,2.208,2.184,2.693,14.541,11.558,2.54,6.427,18.003
218,243.81,243.8,243.79,243.78,243.77,243.76,243.75,243.74,243.73,243.72,243.82,243.85,243.86,243.87,243.88,243.89,243.9,243.91,243.92,243.93,2.427,1.217,2.953,4.538,3.114,2.135,6.22,14.12,1.879,1.923,3.449,0.031,0.023,5.475,11.177,6.599,1.607,0.616,0.286,3.882
219,243.69,243.68,243.67,243.66,243.65,243.64,243.63,243.62,243.61,243.6,243.7,243.71,243.73,243.74,243.75,243.76,243.77,243.78,243.79,243.8,4.906,9.058,24.736,2.72,0.062,0.338,2.279,10.382,34.378,15.32,3.47,13.581,0.616,0.023,1.736,3.482,12.73,10.388,0.647,0.361
220,243.98,243.95,243.94,243.93,243.92,243.91,243.9,243.89,243.88,243.87,243.99,244,244.01,244.02,244.03,244.04,244.05,244.06,244.07,244.08,2.459,1.518,3.023,1.868,3.493,9.295,13.231,1.868,1.859,11.436,7.258,24.047,0.053,0.023,0.962,0.046,2.502,0.608,15.053,11.268
221,243.84,243.83,243.82,243.81,243.8,243.79,243.78,243.77,243.76,243.75,243.85,243.86,243.87,243.88,243.89,243.9,243.91,243.92,243.93,243.94,0.369,0.031,0.023,1.761,5.993,0.346,1.861,1.179,2.843,8.028,8.008,1.533,17.996,9.575,0.346,0.608,5.932,13.448,2.772,5.515
222,244.17,244.16,244.15,244.14,244.13,244.12,244.11,244.1,244.09,244.08,244.2,244.21,244.22,244.23,244.24,244.25,244.26,244.27,244.28,244.29,3.456,10.621,0.031,6.089,19.519,12.765,5.833,9.621,0.031,8.964,4.245,1.321,2.977,1.952,1.059,2.348,0.368,2.6,8.624,31.157
223,244.11,244.1,244.09,244.08,244.07,244.06,244.05,244.04,244.03,244.02,244.12,244.13,244.14,244.15,244.16,244.17,244.18,244.19,244.2,244.21,0.973,0.564,0.031,0.023,0.851,3.023,0.031,0.023,2.105,2.135,2.635,3.928,0.5,1.726,0.608,4.749,10.121,7.278,27.895,40.98
224,243.78,243.77,243.76,243.75,243.74,243.73,243.71,243.7,243.69,243.68,243.79,243.8,243.82,243.83,243.84,243.85,243.86,243.87,243.88,243.89,0.585,3.752,2.69,12.118,11.167,9.833,5.008,9.598,1.539,5.234,0.557,3.501,0.557,6.293,10.183,5.113,15.705,28.741,43.363,10.767
225,244.54,244.53,244.52,244.51,244.49,244.47,244.46,244.45,244.44,244.43,244.55,244.56,244.57,244.58,244.59,244.6,244.61,244.62,244.63,244.64,1.749,2.068,4.023,10.617,11.233,1.939,6.048,11.808,0.285,3.168,0.031,0.047,25.829,9.076,0.114,0.226,0.451,2.576,0.853,0.443
226,244.43,244.42,244.41,244.4,244.39,244.38,244.37,244.36,244.35,244.34,244.45,244.46,244.47,244.48,244.49,244.5,244.51,244.52,244.53,244.54,0.585,4.748,14.566,14.638,11.185,0.9,0.55,0.697,5.667,20.193,0.616,0.423,0.531,1.332,2.538,4.335,30.306,53.846,6.562,10.609
227,244.68,244.67,244.66,244.65,244.64,244.63,244.62,244.61,244.6,244.59,244.71,244.72,244.73,244.74,244.75,244.76,244.77,244.78,244.79,244.8,1.685,0.535,1.454,10.944,4.952,9.599,2.694,1.966,2.753,11.741,2.082,9.598,9.055,31.508,6.143,20.953,4.066,2.135,4.964,25.985
228,245.76,245.75,245.74,245.73,245.72,245.71,245.7,245.69,245.68,245.67,245.77,245.79,245.8,245.81,245.82,245.83,245.85,245.86,245.87,245.88,15.622,10.79,0.023,0.031,0.023,2.674,0.5,0.898,11.466,26.332,0.616,0.616,0.023,0.031,1.438,2.781,7.425,18.544,12.308,37.664
229,245.62,245.61,245.59,245.58,245.57,245.56,245.55,245.54,245.53,245.52,245.65,245.66,245.67,245.68,245.69,245.7,245.71,245.72,245.73,245.74,0.415,9.598,0.031,1.853,0.616,1.853,2.999,4.559,0.031,4.508,3.934,1.657,1.884,0.023,1.866,0.608,11.405,35.678,16.637,0.923
230,245,244.99,244.98,244.97,244.96,244.95,244.94,244.93,244.92,244.91,245.01,245.03,245.04,245.05,245.06,245.07,245.08,245.09,245.1,245.11,2.269,1.444,0.547,0.531,5.044,1.493,3.652,2.203,5.318,0.977,8.103,1.611,0.608,0.031,5.501,18.352,1.057,0.031,0.283,11.362
231,244.49,244.48,244.47,244.46,244.45,244.44,244.43,244.42,244.41,244.4,244.5,244.51,244.52,244.53,244.54,244.55,244.56,244.57,244.58,244.59,2.351,7.95,0.439,0.828,1.821,0.816,9.598,1.516,2.58,6.159,2.741,0.427,4.353,9.629,5.752,19.299,18.063,30.931,0.585,2.881
232,244.72,244.71,244.7,244.69,244.68,244.67,244.66,244.65,244.64,244.62,244.73,244.75,244.77,244.78,244.79,244.8,244.81,244.82,244.83,244.84,8.095,0.452,2.284,0.443,2.298,7.544,27.03,33.923,0.054,2.727,0.055,0.031,3.577,11.386,0.031,0.023,0.031,0.608,1.832,7.776
233,245.33,245.32,245.31,245.3,245.28,245.27,245.26,245.25,245.24,245.23,245.34,245.35,245.36,245.38,245.39,245.4,245.41,245.42,245.43,245.44,15.45,2.131,10.664,4.422,1.562,1.454,5.881,7.552,12.17,2.317,0.023,0.031,0.66,5.563,16.495,0.054,0.953,0.314,2.128,11.635
234,244.87,244.84,244.82,244.81,244.8,244.79,244.78,244.77,244.76,244.75,244.88,244.89,244.9,244.91,244.92,244.93,244.94,244.95,244.96,244.97,0.932,0.616,0.054,9.598,0.054,2.178,8.408,30.9,1.532,3,8.222,0.84,2.813,0.585,2.346,2.112,1.768,0.845,1.768,7.407
235,244.73,244.72,244.7,244.69,244.68,244.67,244.66,244.65,244.64,244.63,244.74,244.75,244.76,244.77,244.78,244.79,244.8,244.81,244.82,244.83,0.585,0.745,1,0.616,3.262,12.717,12.289,10.004,1.323,2.802,2.052,9.598,1.028,0.481,1.734,0.639,13.068,37.221,0.608,0.031
236,243.89,243.88,243.87,243.85,243.83,243.82,243.81,243.8,243.79,243.78,243.9,243.91,243.92,243.93,243.94,243.95,243.96,243.97,243.98,243.99,4.264,3.99,5.402,2.351,2.389,0.023,2.861,0.023,2.395,2.023,0.133,0.062,0.023,0.639,0.023,1.778,4.762,7.924,20.079,9.731
237,243.62,243.61,243.6,243.59,243.58,243.57,243.56,243.55,243.54,243.53,243.63,243.64,243.65,243.66,243.67,243.68,243.69,243.7,243.71,243.72,0.585,0.58,0.023,0.031,0.474,1.124,1.837,5.124,15.947,20.197,2.085,12.794,0.876,0.585,1.844,1.835,2.965,13.746,13.312,1.499
238,243.3,243.29,243.28,243.27,243.26,243.25,243.24,243.23,243.22,243.21,243.31,243.32,243.33,243.34,243.35,243.36,243.37,243.38,243.39,243.4,6.995,0.062,2.652,1.19,1.772,5.57,19.727,32.801,0.608,3.369,0.585,1.5,9.629,9.598,10.669,13.083,14.601,11.975,5.825,14.417
239,243.29,243.28,243.27,243.26,243.25,243.24,243.23,243.22,243.21,243.2,243.3,243.32,243.33,243.34,243.35,243.36,243.37,243.38,243.39,243.4,3.636,2.317,2.858,2.934,8.639,20.834,0.505,0.423,3.157,3.023,0.023,0.63,0.023,0.054,1,9.652,9.567,10.688,2.112,2.249
240,243.04,243.03,243.02,243.01,243,242.99,242.98,242.97,242.96,242.95,243.05,243.06,243.07,243.08,243.09,243.1,243.11,243.12,243.13,243.14,0.023,0.031,0.023,0.031,1.052,0.054,0.925,3.093,21.124,0.616,14.719,14.522,0.9,10.982,4.073,1.754,17.101,21.786,31.8,11.944
241,242.69,242.68,242.67,242.66,242.65,242.64,242.63,242.62,242.61,242.6,242.7,242.71,242.72,242.73,242.74,242.75,242.76,242.77,242.78,242.79,1.933,1.204,0.031,1.228,1.397,2.827,7.494,20.631,0.054,2.101,1.565,1.908,1.604,0.585,2.368,6.201,10.237,2.448,2.189,12.132
242,242.49,242.48,242.47,242.46,242.45,242.44,242.43,242.42,242.41,242.4,242.5,242.51,242.52,242.53,242.54,242.56,242.57,242.58,242.6,242.61,6.03,1.256,1.663,1.353,2.845,1.28,6.039,21.411,5.562,0.064,0.412,0.65,0.031,1,0.506,2.585,0.889,2.978,2.265,13.214
243,242.38,242.36,242.35,242.34,242.33,242.32,242.31,242.3,242.29,242.28,242.39,242.4,242.41,242.42,242.43,242.44,242.45,242.46,242.47,242.48,0.023,0.023,0.054,0.523,0.062,0.608,0.031,1.671,0.031,9.876,3.874,3.28,2.85,0.928,2.968,4.929,19.482,32.908,6.131,20.034
244,242.19,242.18,242.17,242.16,242.15,242.14,242.13,242.12,242.11,242.1,242.2,242.21,242.22,242.23,242.24,242.25,242.26,242.27,242.28,242.29,5.172,4.689,0.524,1.131,5.51,12.444,6.017,15.777,59.681,9.621,0.073,0.316,0.054,0.484,0.054,0.52,1.753,3.466,13.266,0.263
245,242.26,242.25,242.24,242.23,242.22,242.21,242.2,242.19,242.18,242.17,242.27,242.28,242.29,242.3,242.31,242.32,242.33,242.34,242.35,242.36,0.678,0.031,0.777,1.467,3.52,0.062,2.728,2.931,1.876,8.879,1.585,0.551,9.598,0.616,0.315,0.075,6.039,11.977,4.38,14.332
246,242.15,242.14,242.13,242.12,242.11,242.1,242.09,242.08,242.07,242.06,242.16,242.18,242.19,242.2,242.22,242.23,242.24,242.25,242.26,242.27,1.552,1.546,4.492,12.733,11.086,8.804,23.719,0.023,0.031,0.608,0.023,0.477,9.598,0.054,5.001,11.433,13.442,31.353,0.317,0.585
247,242.23,242.22,242.21,242.2,242.19,242.18,242.17,242.16,242.15,242.14,242.24,242.26,242.27,242.28,242.29,242.3,242.31,242.32,242.33,242.34,3.595,10.052,1.001,5.336,10.208,6.835,23.93,4.726,15.857,1.014,0.023,0.077,0.985,0.054,9.914,2.977,9.598,11.309,30.9,0.054
248,242.57,242.56,242.55,242.54,242.53,242.52,242.51,242.5,242.49,242.48,242.58,242.59,242.6,242.61,242.62,242.63,242.64,242.65,242.66,242.67,1.485,9.598,6.538,1.776,2.267,4.57,10.163,28.918,11.256,1.888,0.023,0.031,0.369,0.523,0.054,1.175,1.824,1.6,15.613,61.594
249,242.24,242.23,242.22,242.21,242.2,242.19,242.18,242.17,242.16,242.15,242.26,242.28,242.29,242.3,242.31,242.32,242.33,242.34,242.35,242.36,1.272,0.031,1.372,4.343,4.074,4.01,15.484,54.888,0.023,0.031,0.585,0.031,1.212,0.054,2.593,2.855,0.585,2.037,1.469,12.551
250,242.46,242.45,242.44,242.43,242.42,242.41,242.4,242.39,242.38,242.37,242.47,242.48,242.49,242.5,242.51,242.52,242.53,242.54,242.55,242.56,0.023,0.062,0.023,0.359,0.608,0.031,0.546,10.771,30.923,0.856,6.254,2.02,9.469,16.256,1,4.641,9.598,4.562,11.27,2.206
251,242.3,242.29,242.28,242.27,242.26,242.25,242.24,242.23,242.22,242.21,242.31,242.32,242.34,242.35,242.36,242.37,242.38,242.39,242.4,242.41,0.608,1.393,2.799,1.493,4.899,1.468,4.934,0.031,1.899,0.647,0.585,0.382,0.031,3.966,9.652,4.757,11.49,1.069,3.58,1.472
252,242.16,242.15,242.14,242.13,242.12,242.11,242.1,242.09,242.08,242.07,242.17,242.18,242.19,242.2,242.22,242.24,242.25,242.26,242.27,242.28,0.608,0.554,0.023,5.012,17.029,26.005,13.784,2.782,0.023,0.978,0.585,1.5,9.598,0.031,1.94,1.714,2.155,0.054,10.045,36.71
253,242.03,242.02,242.01,242,241.99,241.98,241.97,241.96,241.95,241.94,242.05,242.06,242.07,242.08,242.09,242.1,242.11,242.12,242.13,242.14,0.775,0.5,3.518,10.075,4.605,5.417,11.176,35.824,27.03,2.72,0.585,0.553,3.144,13.075,5.464,10.068,2,2.522,2.209,5.06
254,242.27,242.26,242.25,242.24,242.23,242.22,242.21,242.2,242.19,242.18,242.28,242.29,242.3,242.32,242.34,242.35,242.36,242.37,242.38,242.39,1.17,1.149,0.611,3.786,10.668,0.63,10.104,38.579,26.968,11.865,0.585,0.868,2.909,1.898,2.654,2.123,7.01,1.708,1.898,6.299
255,242.22,242.21,242.2,242.19,242.18,242.17,242.16,242.15,242.14,242.13,242.24,242.25,242.26,242.27,242.28,242.29,242.3,242.31,242.32,242.33,0.023,0.062,0.023,1.132,9.916,30.931,0.023,8.426,25.076,0.031,5.51,6.317,9.606,4.534,14.412,17.08,22.073,2.968,12.275,0.923
256,242.49,242.47,242.46,242.45,242.44,242.43,242.42,242.41,242.4,242.39,242.5,242.52,242.54,242.55,242.56,242.57,242.58,242.59,242.6,242.61,1.405,0.346,5.462,9.835,3.135,6.747,17.846,26.548,10.762,2.706,1.008,0.054,1.917,1.039,3.48,3.775,3.895,9.507,26.304,9.468
257,242.18,242.17,242.16,242.15,242.14,242.13,242.12,242.11,242.1,242.09,242.19,242.2,242.21,242.22,242.23,242.24,242.25,242.26,242.27,242.28,0.023,0.431,0.023,0.031,0.023,0.054,0.023,0.031,1.522,3.062,11.085,13.242,3.397,13.001,9.598,0.93,7.03,19.957,36.938,17.735
258,241.23,241.22,241.21,241.19,241.18,241.17,241.16,241.15,241.13,241.12,241.24,241.25,241.26,241.27,241.28,241.29,241.3,241.32,241.33,241.34,0.032,0.023,0.032,0.617,2.241,10.085,7.349,23.271,0.856,9.827,3.869,9.598,6.44,1.585,1.966,2,1.966,4.078,18.497,62.039
259,240.14,240.13,240.12,240.11,240.08,240.06,240.05,240.03,240.02,240.01,240.17,240.19,240.2,240.21,240.22,240.23,240.24,240.25,240.26,240.27,0.585,3.04,10.183,2.851,2.911,13.989,46.609,2.144,1.247,1.404,3.759,2.691,0.608,0.464,2.002,11.33,11.354,0.032,0.023,3.85
260,239.9,239.89,239.88,239.87,239.86,239.85,239.84,239.83,239.82,239.81,239.91,239.92,239.93,239.94,239.95,239.96,239.97,239.98,239.99,240,0.023,21.233,0.023,0.032,0.023,9.306,33.837,0.032,0.608,0.064,1.663,1.078,1.905,13.934,4.389,0.5,1.992,0.023,2.577,1.854
261,240.64,240.63,240.62,240.61,240.6,240.59,240.58,240.57,240.56,240.55,240.65,240.66,240.67,240.68,240.69,240.7,240.71,240.72,240.73,240.74,1.128,1.198,0.474,5.918,2.713,3.063,27.057,0.055,3.065,0.032,0.585,5.72,2.644,0.585,0.032,2.197,1.073,5.549,11.23,4.994
262,240.67,240.66,240.65,240.64,240.63,240.62,240.61,240.6,240.59,240.58,240.68,240.69,240.7,240.71,240.72,240.73,240.74,240.75,240.76,240.77,2.618,1.605,3.149,0.698,5.786,3.315,0.032,0.023,2.209,11.221,0.023,10.012,0.479,2.144,0.023,11.23,2.645,2.832,2.223,9.809
263,240.47,240.46,240.45,240.43,240.42,240.41,240.4,240.39,240.38,240.37,240.48,240.49,240.5,240.51,240.52,240.53,240.54,240.55,240.56,240.57,6.106,12.931,12.384,1.539,1.134,0.553,27.057,20.853,0.023,0.032,0.023,0.682,5.076,2.729,2.25,1.018,2.813,2.176,2.795,11.356
264,240.31,240.3,240.29,240.28,240.27,240.26,240.25,240.24,240.23,240.22,240.32,240.33,240.34,240.35,240.36,240.37,240.38,240.39,240.4,240.41,1.936,0.973,0.032,0.585,1.882,2.12,0.032,2.12,0.512,0.608,0.023,0.032,0.523,2.739,3.921,13.06,1.178,7.219,20.101,31.175
265,240.28,240.27,240.26,240.25,240.24,240.23,240.22,240.21,240.2,240.19,240.3,240.31,240.32,240.33,240.34,240.35,240.36,240.37,240.38,240.39,0.216,1.229,0.463,0.617,0.023,1.722,2.607,4.175,0.023,2.061,0.585,9.928,33.76,0.032,0.068,3.868,9.55,10.142,42.404,30.363
266,240.5,240.48,240.47,240.46,240.45,240.44,240.43,240.42,240.41,240.4,240.51,240.52,240.53,240.54,240.55,240.56,240.57,240.58,240.59,240.6,0.423,0.023,1.197,2.026,0.032,3.378,3.215,2.892,2.633,2.027,3.177,11.675,0.032,12.582,33.292,0.023,0.032,4.227,19.391,29.329
267,240.84,240.83,240.82,240.81,240.8,240.79,240.78,240.77,240.76,240.75,240.86,240.87,240.88,240.89,240.9,240.91,240.92,240.93,240.94,240.95,0.585,0.032,0.023,0.032,2.596,0.617,0.023,2.113,0.608,12.495,3.517,13.061,0.567,0.032,2.072,0.905,6.708,11.687,13.017,47.626
268,241.06,241.04,241.03,241.02,241.01,241,240.99,240.98,240.97,240.96,241.08,241.09,241.1,241.11,241.12,241.13,241.14,241.15,241.16,241.17,0.634,2.39,2.583,0.023,2.515,0.608,0.032,2.076,0.617,2.096,0.525,0.032,9.938,37.005,12.462,0.032,0.226,2.959,26.869,44.513
269,241,240.99,240.98,240.97,240.96,240.95,240.94,240.93,240.92,240.91,241.02,241.03,241.04,241.05,241.06,241.07,241.08,241.09,241.1,241.11,0.608,0.032,0.572,2.134,1.732,0.032,1.02,0.055,2.023,9.889,11.698,13.271,44.458,3.375,12.155,0.032,0.023,0.029,10.361,35.427
270,241.08,241.07,241.06,241.05,241.04,241.03,241.02,241.01,241,240.99,241.12,241.13,241.14,241.15,241.16,241.17,241.18,241.19,241.2,241.21,10.819,0.617,1.995,2.311,9.88,31.103,11.563,1.834,3.023,5.521,0.465,1.211,2.852,2.539,13.353,37.304,10.463,5.981,19.931,0.032
271,240.98,240.97,240.96,240.95,240.94,240.93,240.92,240.91,240.9,240.89,240.99,241,241.01,241.02,241.03,241.04,241.05,241.06,241.07,241.08,0.633,1.108,0.578,0.032,2.933,2.401,0.581,0.032,1.949,0.959,10.646,3.48,0.055,11.573,33.324,0.023,1.195,9.795,27.594,39.021
272,240.8,240.79,240.78,240.77,240.76,240.75,240.74,240.73,240.72,240.71,240.83,240.84,240.85,240.86,240.87,240.88,240.89,240.9,240.91,240.92,1.692,0.505,0.444,2.753,1.064,1.929,0.023,0.617,2.766,12.616,0.762,1.758,4.182,0.023,2.329,1.842,1.605,0.023,13.891,35.418
273,240.73,240.72,240.71,240.7,240.69,240.68,240.67,240.66,240.65,240.64,240.75,240.76,240.77,240.78,240.79,240.8,240.81,240.82,240.83,240.84,0.585,1.293,0.032,1.907,0.032,1.447,0.617,1.907,0.787,14.045,0.034,3.444,12.504,4.514,3.901,12.985,5.48,13.765,10.887,34.799
274,241.03,241.02,241.01,241,240.99,240.98,240.97,240.96,240.95,240.94,241.07,241.08,241.09,241.1,241.11,241.12,241.13,241.14,241.15,241.16,11.198,0.023,1.167,2.285,0.885,4.934,10.272,33.021,19.064,0.023,2.243,2.996,11.23,3.119,11.445,1.498,13.196,46.157,0.087,8.956
275,240.96,240.95,240.94,240.93,240.92,240.91,240.9,240.89,240.88,240.87,240.99,241,241.01,241.02,241.03,241.04,241.05,241.06,241.07,241.08,7.301,14.739,14.711,13.661,1.658,3.032,1.24,2.576,1.785,0.032,0.032,0.023,3.375,11.198,0.032,0.342,4.556,12.36,9.965,33.199
276,241,240.99,240.98,240.97,240.96,240.95,240.94,240.93,240.92,240.91,241.01,241.02,241.03,241.05,241.06,241.07,241.08,241.09,241.1,241.11,0.023,0.032,0.023,0.032,0.023,1.415,11.666,28.036,9.469,20.064,33.176,12.323,0.954,4.551,23.492,36.536,15.485,12.153,0.48,1.032
277,240.96,240.95,240.94,240.93,240.92,240.91,240.9,240.89,240.88,240.87,241,241.01,241.02,241.03,241.04,241.05,241.06,241.07,241.08,241.09,3.925,0.568,1.348,0.032,1.255,0.032,1.784,0.974,6.06,8.906,8.76,33.208,0.48,3.805,11.221,3.113,23.173,39.536,22.466,44.683
278,241.08,241.07,241.06,241.05,241.04,241.03,241.02,241.01,241,240.99,241.09,241.1,241.11,241.12,241.13,241.14,241.15,241.16,241.17,241.18,0.023,0.032,0.023,0.032,0.023,0.032,1.279,10.021,27.057,1.032,11.698,4.817,14.566,14.511,14.573,21.484,37.307,13.677,1.932,5.363
279,240.28,240.27,240.26,240.25,240.24,240.23,240.22,240.21,240.2,240.19,240.3,240.32,240.33,240.34,240.35,240.36,240.37,240.39,240.4,240.41,9.265,6.966,12.198,1.704,4.343,22.627,28.08,5.265,8.482,24.123,0.023,0.023,0.032,0.66,14.586,16.727,20.014,0.032,6.632,12.999
280,240.23,240.22,240.21,240.2,240.19,240.18,240.17,240.16,240.15,240.14,240.25,240.26,240.27,240.28,240.29,240.3,240.31,240.32,240.33,240.34,1.594,5.341,5.868,17.876,1.261,1.423,0.331,1.161,3.844,0.023,0.57,2.4,3.75,6.021,1.893,0.189,0.032,1.721,2.144,1.718
281,240.12,240.11,240.1,240.09,240.08,240.07,240.06,240.05,240.04,240.03,240.14,240.15,240.17,240.18,240.19,240.2,240.21,240.22,240.23,240.24,8.262,26.744,11.965,0.032,0.37,0.032,1.738,1.452,4.918,15.037,0.642,11.198,0.032,0.903,4.768,1.27,2.465,6.824,20.953,12.863
282,240.33,240.32,240.31,240.3,240.29,240.28,240.27,240.26,240.25,240.24,240.34,240.36,240.37,240.38,240.39,240.4,240.41,240.42,240.43,240.44,14.148,12.655,5.396,14.862,12.66,0.023,0.032,6.502,27.805,20.027,0.023,0.023,0.032,0.023,2.144,1.553,2.222,8.108,31.586,22.117
283,240.27,240.26,240.25,240.24,240.23,240.22,240.21,240.2,240.19,240.18,240.3,240.31,240.32,240.33,240.34,240.35,240.36,240.37,240.38,240.4,1.71,0.021,2.479,1.131,3.712,0.023,2.616,1.526,0.032,7.888,3.199,0.5,0.032,7.873,27.802,24.978,3.398,15.391,13.365,0.055
284,240.14,240.13,240.12,240.11,240.1,240.09,240.08,240.07,240.06,240.05,240.17,240.18,240.2,240.21,240.22,240.24,240.25,240.26,240.27,240.28,4.281,11.23,0.423,0.032,0.523,1.72,1.084,4.743,1.483,1.572,0.321,0.68,1.682,1.152,3.858,1.769,9.422,30.687,6.769,21.601
285,240.11,240.1,240.09,240.08,240.07,240.06,240.05,240.04,240.03,240.02,240.13,240.14,240.16,240.17,240.18,240.19,240.2,240.21,240.22,240.23,14.373,2.384,6.381,11.221,0.032,1.528,0.064,1.748,10.046,33.21,0.029,0.023,0.055,0.604,1.485,5.084,11.253,13.111,36.231,6.546
286,240.11,240.1,240.09,240.08,240.07,240.06,240.05,240.04,240.03,240.02,240.12,240.14,240.15,240.16,240.17,240.18,240.19,240.2,240.21,240.22,0.001,0.502,0.055,0.023,0.032,0.023,0.385,0.523,2.16,2.926,0.587,1.76,0.895,11.923,23.503,12.474,2.121,1.783,9.432,25.033
287,240.03,240.02,240.01,240,239.99,239.98,239.97,239.96,239.95,239.94,240.08,240.09,240.1,240.11,240.12,240.13,240.14,240.16,240.17,240.18,2.044,0.5,1.553,12.729,12.656,0.023,1.698,3.023,1.793,0.023,19.97,11.198,2.385,12.776,4.275,11.198,0.032,4.348,24.688,3.398
288,240.65,240.64,240.62,240.61,240.6,240.59,240.58,240.57,240.56,240.55,240.66,240.68,240.7,240.72,240.74,240.75,240.76,240.77,240.78,240.79,6.232,13.054,1.133,7.436,16.486,9.695,31.39,23.345,11.221,0.032,0.023,0.055,0.055,0.055,1.842,1.687,3.975,9.236,35.213,39.567
289,240.49,240.48,240.47,240.46,240.45,240.44,240.43,240.42,240.41,240.4,240.5,240.52,240.54,240.55,240.56,240.58,240.6,240.61,240.62,240.63,1.688,19.073,21.258,21.793,0.032,1.15,6.218,11.198,0.032,9.871,0.023,0.023,0.055,0.032,2.157,1.841,1.818,1.741,8.779,19.97
290,240.43,240.42,240.41,240.4,240.39,240.38,240.37,240.36,240.35,240.34,240.44,240.46,240.48,240.49,240.5,240.52,240.53,240.54,240.55,240.56,1.972,0.5,2.419,2.061,6.023,9.357,23.951,2.42,3.607,0.023,0.023,0.023,0.055,0.672,2.128,1.915,0.833,13.086,44.508,9.128
291,240.33,240.32,240.31,240.3,240.29,240.28,240.27,240.26,240.25,240.24,240.42,240.43,240.44,240.46,240.47,240.48,240.49,240.5,240.52,240.53,0.632,0.023,0.032,2.539,0.384,1.864,0.032,0.023,1.873,4.158,2,0.5,1.892,1.919,6.527,21.866,1.192,3.995,9.489,34.659
292,240.35,240.33,240.32,240.31,240.3,240.29,240.28,240.27,240.26,240.25,240.4,240.42,240.44,240.45,240.46,240.47,240.48,240.49,240.5,240.51,0.032,0.597,0.023,1.874,0.833,4.227,0.888,2.897,0.551,1.874,0.321,2.193,1.92,9.316,25.01,8.465,22.137,0.4,1.884,2.754
293,240.39,240.38,240.37,240.36,240.35,240.33,240.32,240.31,240.3,240.29,240.42,240.43,240.44,240.46,240.47,240.48,240.49,240.5,240.51,240.52,0.024,0.5,0.032,2,1.032,1.874,0.023,2.194,2.112,1.906,0.961,4.052,2.818,1.611,8.689,20.025,2.135,0.065,0.206,9.49
294,240.41,240.39,240.38,240.37,240.36,240.35,240.34,240.33,240.32,240.31,240.44,240.45,240.46,240.47,240.48,240.49,240.5,240.51,240.52,240.53,0.098,0.032,0.522,1.667,2.023,2.726,0.32,7.634,19.297,0.032,2.342,2.305,0.352,7.067,20.025,0.4,1.667,7.393,26.935,33.17
295,240.49,240.48,240.47,240.45,240.44,240.43,240.42,240.41,240.4,240.39,240.5,240.52,240.53,240.54,240.55,240.56,240.57,240.58,240.59,240.6,2.319,2.191,3.032,1.88,0.32,1.881,1.848,0.032,1.871,2.144,0.042,0.055,0.4,0.375,0.032,1.731,1.221,4.015,9.957,34.296
296,240.49,240.48,240.47,240.46,240.45,240.44,240.43,240.42,240.41,240.4,240.54,240.55,240.56,240.58,240.59,240.6,240.61,240.62,240.64,240.65,1,2.5,0.032,0.023,1.894,1.516,0.352,0.844,8.794,19.993,0.293,0.585,1.894,1.739,1.004,9.168,27.167,20.231,0.284,9.845
297,240.2,240.19,240.18,240.17,240.16,240.15,240.14,240.13,240.12,240.11,240.21,240.26,240.28,240.3,240.32,240.33,240.34,240.35,240.36,240.37,4.502,0.903,2.413,20.434,0.615,2.144,0.477,9.466,31.292,23.617,1.785,0.032,1.922,2.123,2.266,0.856,3.792,2.708,9.965,29.788
298,241.07,241.06,241.05,241.04,241.03,241.02,241.01,241,240.99,240.98,241.08,241.09,241.12,241.13,241.15,241.16,241.17,241.19,241.2,241.21,8.056,1.193,3.996,0.032,2.342,2.144,2.149,21.766,67.575,5.78,0.06,0.136,0.023,0.432,1.948,0.046,1.919,2.331,2.239,6.61
299,240.96,240.94,240.93,240.92,240.91,240.9,240.89,240.88,240.87,240.86,240.98,240.99,241.01,241.03,241.04,241.05,241.06,241.07,241.08,241.09,0.023,1.032,0.423,0.373,0.797,4.259,2.032,1.764,1.862,11.311,1.87,0.5,1.932,1.932,0.318,2.345,1.291,4.823,0.437,15.3
300,240.91,240.88,240.87,240.86,240.85,240.84,240.83,240.82,240.8,240.79,240.94,240.95,240.97,240.98,240.99,241,241.01,241.03,241.04,241.05,0.305,0.096,0.319,3.273,30.463,10.097,3,0.032,8.11,25.608,1.068,0.055,8.388,21.911,1.032,0.342,1.932,2.138,0.231,1.931
301,240.81,240.8,240.78,240.77,240.76,240.75,240.74,240.73,240.72,240.71,240.82,240.84,240.85,240.87,240.88,240.89,240.91,240.92,240.93,240.94,4.438,0.055,0.555,0.032,4.664,1,4.034,20.046,8.188,24.978,0.078,0.648,1.823,1.657,7.833,24.556,0.032,1.311,11.576,27.654
302,240.79,240.76,240.75,240.74,240.73,240.72,240.7,240.69,240.68,240.67,240.81,240.82,240.83,240.85,240.86,240.87,240.88,240.89,240.9,240.91,1.259,0.055,1.5,1.947,1.905,2.374,1.96,4.468,1.96,7.321,0.553,1.915,2.072,1.793,1.238,10.939,22.817,0.032,0.457,1.969
303,240.83,240.82,240.81,240.8,240.79,240.78,240.76,240.74,240.73,240.72,240.85,240.86,240.87,240.88,240.89,240.9,240.91,240.92,240.93,240.94,0.546,1.916,2.13,3.243,0.319,7.06,2.362,4.06,0.319,9.136,6.063,21.182,3.396,0.023,0.032,0.457,0.966,3.023,0.032,1.917
304,241.17,241.15,241.14,241.12,241.11,241.1,241.09,241.08,241.07,241.06,241.19,241.2,241.21,241.22,241.23,241.24,241.25,241.27,241.28,241.29,16.153,0.65,0.032,0.106,4,0.364,2.718,0.078,1.943,2.463,0.032,1.989,0.032,5.063,17.212,20.934,0.055,0.064,6.015,24.986
305,241.33,241.32,241.31,241.3,241.29,241.28,241.27,241.26,241.25,241.24,241.34,241.36,241.37,241.38,241.39,241.4,241.41,241.42,241.43,241.44,4.32,0.645,0.451,3.843,2.627,0.032,5.95,0.373,1.644,3.786,0.033,0.023,0.032,2.35,2.354,4.429,1.472,2.828,8.814,25.419
306,241.38,241.37,241.36,241.35,241.34,241.33,241.32,241.3,241.29,241.28,241.39,241.4,241.41,241.42,241.43,241.44,241.45,241.46,241.47,241.48,1.123,0.683,0.554,0.643,0.745,0.455,6.981,1.977,2.056,2.167,0.456,2.945,2.053,6.313,24.349,0.023,0.501,0.437,1.862,6.114
307,241.44,241.43,241.42,241.41,241.4,241.39,241.38,241.36,241.35,241.34,241.45,241.47,241.48,241.49,241.5,241.51,241.52,241.53,241.54,241.55,4.876,1.114,2.638,1.318,7.375,0.794,4.093,2.641,0.6,1.981,0.08,0.532,1.04,0.032,5.963,20.293,0.277,1.055,4.848,9.542
308,242.03,242.02,242.01,242,241.99,241.98,241.97,241.96,241.95,241.94,242.04,242.06,242.08,242.09,242.1,242.11,242.12,242.13,242.14,242.15,2.972,13.146,33.473,0.031,1.472,2.484,1.45,0.507,0.467,14.732,0.023,0.023,0.046,0.031,0.023,1.06,3.078,5.266,3.066,2.388
309,242.39,242.37,242.36,242.35,242.34,242.33,242.32,242.31,242.3,242.29,242.4,242.42,242.43,242.44,242.45,242.46,242.47,242.48,242.49,242.5,8.186,12.006,9.771,9.603,18.411,45.915,3.739,0.875,0.054,0.6,0.023,0.023,0.031,0.523,1.563,0.046,2.054,0.023,1.366,4.471
310,242.16,242.15,242.14,242.13,242.12,242.11,242.1,242.09,242.08,242.07,242.17,242.18,242.19,242.2,242.21,242.22,242.23,242.24,242.25,242.26,0.023,0.693,0.747,0.523,0.747,0.693,5.72,2.743,2.028,0.9,7.587,8.087,3.207,6.512,11.559,8.665,0.031,1.997,0.444,2.126
311,242.53,242.52,242.51,242.5,242.49,242.48,242.47,242.46,242.45,242.44,242.54,242.56,242.57,242.58,242.59,242.6,242.61,242.62,242.63,242.64,0.04,0.688,0.501,0.86,2.638,1.781,2.96,10.67,20.396,7.29,8.187,2.017,0.031,2.146,6.608,24.598,8.461,4.026,4.025,1.023
312,242.41,242.4,242.39,242.38,242.36,242.35,242.34,242.33,242.32,242.3,242.42,242.43,242.44,242.45,242.46,242.47,242.48,242.49,242.5,242.51,0.448,0.054,0.4,0.054,0.054,7.42,26.173,4.143,0.903,2.056,14.192,4.554,11.166,9.883,13.566,22.782,10.273,4.304,7.9,2.595
313,242.17,242.16,242.15,242.14,242.13,242.12,242.11,242.1,242.09,242.08,242.19,242.2,242.21,242.22,242.23,242.24,242.25,242.26,242.27,242.28,2.414,9.657,0.4,2.979,3.135,2.043,2,1.774,9.742,30.517,0.031,0.454,0.031,0.023,4.697,13.923,22.06,10.53,8.218,2.545
314,241.76,241.74,241.73,241.72,241.71,241.7,241.69,241.68,241.67,241.66,241.78,241.79,241.8,241.81,241.82,241.83,241.84,241.85,241.87,241.88,0.878,0.613,0.797,0.078,8.638,32.679,29.61,3.11,0.264,0.055,1.906,2.61,15.052,7.587,0.6,0.032,0.023,2.229,2.879,2.869
315,241.94,241.93,241.92,241.91,241.9,241.89,241.88,241.87,241.86,241.85,241.95,241.96,241.97,241.98,241.99,242,242.01,242.02,242.03,242.04,13.599,7.23,5.683,10.352,6.328,15.819,27.53,0.928,2.767,8.581,0.032,0.023,0.032,0.046,0.463,0.223,7.498,20.25,2.644,9.503
316,241.92,241.9,241.89,241.88,241.87,241.86,241.85,241.84,241.83,241.82,241.93,241.94,241.95,241.96,241.97,241.98,241.99,242,242.01,242.02,0.051,0.53,0.601,1.367,0.448,2.354,2.72,15.727,43.696,9.506,8.087,9.725,9.373,9.347,6.535,1.464,2.817,0.428,2.428,21.643
317,241.92,241.9,241.88,241.87,241.86,241.85,241.84,241.83,241.82,241.81,241.93,241.94,241.95,241.96,241.97,241.98,241.99,242,242.01,242.02,0.203,1.403,0.583,0.912,3.025,0.347,2.648,1.169,8.642,26.483,2.468,10.177,13.562,23.049,8.146,2.37,15.747,26.802,6.604,19.934
318,241.78,241.77,241.76,241.75,241.74,241.73,241.72,241.71,241.7,241.69,241.81,241.83,241.84,241.85,241.86,241.87,241.88,241.89,241.9,241.91,3.281,8.493,5.677,11.693,1.655,2.369,2.19,0.982,8.266,22.023,0.737,2.823,7.61,4.77,10.391,3.801,9.122,19.966,0.023,2.051
319,242.19,242.18,242.17,242.16,242.15,242.14,242.13,242.12,242.11,242.1,242.24,242.25,242.26,242.27,242.28,242.29,242.3,242.31,242.32,242.33,5.677,2.678,0.841,2.818,9.258,5.979,11.819,7.618,0.6,25.505,1.125,1.345,0.023,0.054,20.836,2.059,8.69,30.937,28.659,9.26
320,242.06,242.04,242.02,242.01,242,241.98,241.97,241.96,241.95,241.94,242.07,242.08,242.09,242.1,242.11,242.12,242.13,242.14,242.15,242.16,0.023,0.05,2.784,10.65,7.641,0.982,3.031,2.166,9.468,23.839,6.673,22.706,48.138,0.6,8.662,22.528,0.486,0.023,0.631,0.023
321,241.58,241.56,241.54,241.53,241.52,241.51,241.5,241.49,241.48,241.47,241.59,241.6,241.61,241.62,241.63,241.64,241.65,241.66,241.67,241.68,0.636,0.483,0.372,1.438,2.782,3.363,5.669,0.032,3.116,7.649,4.617,8.186,1.456,2,1.723,1.023,9.165,24.47,8.074,0.608
322,241.22,241.21,241.2,241.19,241.18,241.17,241.16,241.15,241.14,241.13,241.23,241.24,241.25,241.26,241.27,241.28,241.29,241.3,241.31,241.32,0.585,1.185,1.578,2.92,8.204,0.71,0.06,13.058,26.418,22.512,0.585,1.235,3.373,9.487,1.81,3.112,3.175,3.943,0.617,9.683
323,241.27,241.26,241.25,241.24,241.23,241.22,241.21,241.2,241.19,241.18,241.3,241.31,241.32,241.33,241.34,241.35,241.36,241.37,241.38,241.39,2.272,2.752,7.619,0.64,8.196,37.045,8.772,0.343,6.554,25.823,1.459,1.905,0.867,1.98,10.308,25.324,7.61,0.032,2.72,2.603
324,241.78,241.77,241.76,241.75,241.74,241.73,241.72,241.71,241.7,241.69,241.79,241.8,241.81,241.82,241.83,241.84,241.85,241.86,241.87,241.88,0.89,7.587,2.959,2.007,2.813,1.894,1.082,3.364,0.245,5.358,0.487,1.573,0.032,0.023,6.899,16.554,20.535,2.852,19.003,29.778
325,241.6,241.59,241.58,241.57,241.56,241.55,241.54,241.53,241.52,241.51,241.62,241.63,241.65,241.66,241.67,241.68,241.69,241.7,241.71,241.72,2.095,0.828,2.415,9.99,1.981,7.643,21.958,6.594,26.482,9.489,0.585,0.632,1.906,2.297,11.013,2.623,1.807,0.228,1.622,0.023
326,241.63,241.6,241.59,241.58,241.57,241.56,241.55,241.54,241.53,241.52,241.64,241.66,241.67,241.68,241.69,241.7,241.71,241.72,241.73,241.74,0.467,1.033,6.038,10.333,10.431,11.534,9.587,6.523,30.031,34.255,1.346,0.639,0.914,2.34,0.858,3.299,4.946,0.34,7.676,20.511
327,241.86,241.85,241.84,241.83,241.82,241.81,241.8,241.79,241.78,241.77,241.87,241.88,241.89,241.9,241.91,241.92,241.93,241.94,241.95,241.96,7.587,4.964,10.942,8.158,1.685,3,1.845,7.138,22.333,2.427,0.585,1.063,1.457,0.639,0.724,0.608,1.68,3.304,1.109,5.298
328,241.68,241.66,241.64,241.62,241.61,241.6,241.59,241.58,241.57,241.56,241.69,241.7,241.71,241.72,241.73,241.74,241.75,241.76,241.77,241.78,0.023,0.055,0.055,1.14,4.135,27.23,26.532,4.197,3.449,0.78,6.918,13.899,10.34,11.623,12.676,7.587,0.443,0.287,2.594,7.006
329,241.46,241.44,241.43,241.42,241.4,241.39,241.38,241.37,241.36,241.35,241.47,241.48,241.49,241.5,241.51,241.52,241.53,241.54,241.55,241.56,0.421,0.499,1,1.04,0.372,7.969,26.363,0.032,0.64,8.723,6.951,1.076,4.501,0.585,2.75,0.023,1.833,0.608,1.856,19.926
330,241.66,241.64,241.63,241.62,241.61,241.6,241.59,241.58,241.57,241.56,241.68,241.69,241.71,241.72,241.73,241.74,241.75,241.76,241.77,241.78,0.608,0.372,0.543,2.307,11.21,34.77,8.21,4.77,9.975,8.49,3.911,0.532,1.217,2.184,3.391,7.55,21.322,1.472,3.329,1.733
331,241.55,241.54,241.53,241.52,241.51,241.5,241.49,241.48,241.47,241.46,241.56,241.57,241.58,241.59,241.6,241.61,241.62,241.63,241.64,241.65,4.82,10.473,13.654,8.521,2.281,7.642,7.136,27.462,25.439,7.642,0.516,0.584,0.547,1.527,4.424,0.556,3.458,4.029,0.023,2.112
332,241.55,241.54,241.53,241.52,241.51,241.5,241.49,241.48,241.47,241.46,241.56,241.57,241.58,241.59,241.6,241.61,241.62,241.63,241.64,241.65,3.472,9.526,4.379,2.316,8.172,0.055,1.933,3.387,8.328,1.555,0.023,0.534,0.625,1.996,2.964,6.802,21.255,4.6,0.608,0.032
333,241.48,241.46,241.44,241.43,241.42,241.41,241.4,241.39,241.38,241.37,241.49,241.5,241.51,241.52,241.53,241.54,241.55,241.56,241.57,241.58,0.109,0.055,3.203,1,4.134,7.663,25.673,0.585,4.911,22.047,1.286,1.271,0.701,8.587,3.082,1.361,2.794,5.673,0.35,0.423
334,241.56,241.55,241.54,241.53,241.52,241.51,241.5,241.49,241.48,241.47,241.57,241.58,241.59,241.6,241.61,241.62,241.63,241.64,241.65,241.66,5.605,7.689,4.411,8.172,4.768,16.11,32.044,16.2,29.436,4.936,0.032,0.479,0.693,2.87,9.561,6.604,29.468,0.608,5.198,21.716
335,241.55,241.54,241.52,241.5,241.49,241.48,241.47,241.46,241.45,241.44,241.56,241.58,241.59,241.6,241.61,241.62,241.63,241.64,241.65,241.66,3.153,0.543,2.045,1.447,10.4,30.005,7.587,4.764,8.684,3.376,0.023,0.023,0.693,0.046,0.032,2.804,9.965,2.31,1.39,2.86
336,241.5,241.49,241.47,241.46,241.44,241.43,241.42,241.41,241.4,241.39,241.51,241.52,241.53,241.54,241.55,241.56,241.57,241.58,241.59,241.6,0.585,0.682,0.585,8.242,2.447,0.4,2.078,0.913,3.06,7.383,0.617,0.59,1.891,2.105,2.99,6.847,21.535,2.023,1.693,0.023
337,241.3,241.29,241.28,241.26,241.25,241.24,241.23,241.22,241.21,241.2,241.33,241.34,241.35,241.36,241.37,241.38,241.39,241.4,241.41,241.42,2.045,7.77,1.276,2.038,0.617,1.821,0.318,1.844,0.585,3.148,0.456,0.837,0.032,3.262,10.943,14.348,20.535,1.023,2.032,0.631
338,241.47,241.46,241.45,241.44,241.43,241.42,241.41,241.4,241.39,241.38,241.48,241.49,241.5,241.51,241.52,241.53,241.54,241.55,241.56,241.57,12.054,9.451,3.332,1.798,2.274,7.619,4.118,10.086,9.953,29.755,0.023,0.032,0.023,10.736,33.802,0.617,0.023,7.313,30.997,22.047
339,241.74,241.73,241.72,241.7,241.69,241.68,241.67,241.66,241.65,241.64,241.75,241.76,241.77,241.78,241.79,241.8,241.81,241.82,241.83,241.84,0.086,0.804,0.221,0.078,0.585,1.755,1.101,2.315,8.072,22.07,2.047,8.587,3.873,8.538,1.825,3.982,14.017,8.664,4.845,16.511
340,241.52,241.5,241.49,241.48,241.46,241.45,241.44,241.42,241.41,241.4,241.53,241.54,241.55,241.56,241.57,241.58,241.59,241.6,241.61,241.62,0.286,0.106,0.032,0.055,0.055,2.286,0.64,5.12,9.924,36.55,11.888,15.372,8.768,4.492,5.242,7.587,4.297,12.928,11.56,16.41
341,241.7,241.68,241.66,241.64,241.63,241.62,241.61,241.6,241.59,241.58,241.71,241.72,241.73,241.74,241.75,241.76,241.77,241.78,241.79,241.8,0.162,0.083,0.105,3.092,3.197,1.821,0.929,3.006,5.536,17.256,3.741,8.957,15.402,11.615,3.636,0.768,4.61,8.718,2.983,4.06
342,241.48,241.46,241.45,241.44,241.43,241.42,241.41,241.4,241.38,241.37,241.49,241.5,241.51,241.52,241.53,241.54,241.55,241.56,241.57,241.58,4.371,0.083,0.585,0.055,0.4,1.39,1.402,1.842,4.516,5.299,6.347,9.457,4.104,1.475,3.194,1.162,2.741,0.479,2.001,9.749
343,241.37,241.36,241.35,241.34,241.33,241.32,241.3,241.29,241.28,241.27,241.38,241.39,241.4,241.41,241.42,241.43,241.44,241.45,241.46,241.47,9.349,9.567,10.564,10.06,0.6,0.64,1.792,1.94,4.488,2.236,0.023,0.488,1.218,2.358,12.722,20.714,8.701,3.655,1.207,0.032
344,241.45,241.44,241.43,241.42,241.41,241.4,241.39,241.38,241.37,241.36,241.46,241.47,241.48,241.49,241.5,241.51,241.52,241.53,241.54,241.55,6.349,12.364,11.449,10.725,6.823,24.558,8.49,0.705,0.318,1.24,0.023,0.611,0.479,0.756,0.023,0.649,3.131,13.351,15.574,9.959
345,241.57,241.56,241.55,241.54,241.53,241.52,241.51,241.5,241.49,241.48,241.58,241.59,241.6,241.61,241.62,241.63,241.64,241.65,241.66,241.67,14.005,7.303,10.325,8.119,3.604,8.781,3.933,0.35,8.684,18.024,0.369,0.032,0.902,2.201,5.748,0.68,0.023,0.734,6.604,18.196
346,241.59,241.58,241.57,241.56,241.55,241.54,241.53,241.52,241.51,241.5,241.6,241.61,241.62,241.63,241.64,241.65,241.66,241.67,241.68,241.69,4.672,9.418,8.724,3.177,9.71,0.64,0.317,0.055,2.72,0.055,1.816,0.852,0.023,3.06,4.202,2.404,6.279,9.959,1.698,0.488
347,241.86,241.85,241.84,241.83,241.82,241.81,241.8,241.79,241.78,241.77,241.87,241.88,241.89,241.9,241.91,241.92,241.93,241.94,241.95,241.96,6.034,11.443,11.379,10.493,0.055,8.172,0.972,7.512,26.978,16.792,0.064,0.023,0.032,0.34,0.032,0.046,5.6,10.736,1.675,7.718
