timestamp,bid_price_0,bid_price_1,bid_price_2,bid_price_3,bid_price_4,bid_price_5,bid_price_6,bid_price_7,bid_price_8,bid_price_9,ask_price_0,ask_price_1,ask_price_2,ask_price_3,ask_price_4,ask_price_5,ask_price_6,ask_price_7,ask_price_8,ask_price_9,bid_size_0,bid_size_1,bid_size_2,bid_size_3,bid_size_4,bid_size_5,bid_size_6,bid_size_7,bid_size_8,bid_size_9,ask_size_0,ask_size_1,ask_size_2,ask_size_3,ask_size_4,ask_size_5,ask_size_6,ask_size_7,ask_size_8,ask_size_9
0,235.47,235.46,235.45,235.44,235.43,235.42,235.41,235.4,235.39,235.38,235.5,235.51,235.52,235.53,235.54,235.55,235.56,235.57,235.58,235.59,0.024,0.524,2.975,9.883,2.771,11.189,25.983,5.707,1.691,0.024,12.798,3.237,15.47,0.9,0.032,1.985,2.054,3.063,2.078,32.36
1,235.52,235.51,235.5,235.49,235.48,235.47,235.46,235.45,235.44,235.43,235.54,235.55,235.56,235.57,235.58,235.59,235.6,235.61,235.62,235.63,16.804,20.019,23.98,3.862,13.894,4.769,26.11,42.228,0.024,6.542,1.653,1.585,1.25,0.652,0.172,2.57,0.89,10.816,34.968,18.362
2,235.39,235.38,235.37,235.36,235.35,235.34,235.33,235.32,235.31,235.3,235.4,235.41,235.42,235.43,235.44,235.45,235.46,235.48,235.49,235.5,3.842,0.085,3.317,3.751,0.532,2.373,1.374,2.931,5.304,29.56,1.68,0.615,0.543,4.414,14.784,1.5,0.507,3.217,8.453,7.53
3,235.6,235.59,235.58,235.57,235.56,235.55,235.54,235.53,235.52,235.51,235.61,235.62,235.63,235.64,235.65,235.66,235.67,235.68,235.7,235.71,1.759,1.491,1.357,0.617,2.101,6.069,12.822,6.442,22.875,34.773,0.909,2.253,1.643,0.617,2.175,0.551,3.038,2.692,0.056,10.646
4,235.88,235.87,235.86,235.85,235.84,235.83,235.82,235.81,235.8,235.79,235.89,235.91,235.92,235.94,235.96,235.97,235.98,235.99,236,236.01,0.67,10.657,0.449,0.499,6.63,17.22,12.854,0.869,5.669,26.057,1.597,0.95,0.032,4.495,2.043,0.211,2.393,1.082,2.536,11.233
5,236.59,236.58,236.57,236.56,236.55,236.54,236.53,236.52,236.5,236.49,236.6,236.61,236.62,236.63,236.64,236.65,236.66,236.67,236.68,236.69,0.585,12.798,3.813,12.806,6.745,26.437,18.777,15.287,0.117,3.216,1.006,0.032,0.57,1.017,1.447,2.359,5.172,0.617,1.532,4.299
6,236.46,236.44,236.42,236.41,236.4,236.39,236.38,236.36,236.35,236.34,236.47,236.48,236.49,236.5,236.51,236.52,236.53,236.54,236.55,236.56,0.024,0.456,2.529,0.585,2.264,0.858,2.873,2.264,3.645,2.056,1.728,14.273,1.952,1.343,2.915,3.688,4.712,1.08,4.96,0.024
7,236.26,236.25,236.24,236.23,236.22,236.21,236.2,236.19,236.18,236.17,236.28,236.29,236.3,236.31,236.32,236.33,236.34,236.35,236.36,236.37,3.654,4.464,2.98,0.585,2.217,1.765,10.274,25.306,36.841,10.425,0.024,0.032,0.024,0.617,1.069,3.46,1.085,2.834,2.804,9.036
8,236.2,236.18,236.17,236.16,236.15,236.14,236.12,236.11,236.1,236.09,236.21,236.22,236.23,236.24,236.25,236.26,236.27,236.28,236.29,236.3,0.609,1.056,1.009,2.076,0.735,2.544,2.132,0.585,10.179,29.095,2.184,47.365,43.232,19.56,16.029,10.731,36.373,20.334,2.634,0.024
9,236.51,236.5,236.49,236.48,236.47,236.46,236.45,236.44,236.43,236.42,236.52,236.53,236.54,236.55,236.56,236.57,236.58,236.59,236.6,236.61,2.269,0.043,0.795,2.299,2.945,0.713,7.413,20.634,21.823,20.979,3.79,0.032,0.524,2.618,10.797,32.565,16.273,10.361,0.024,1.523
10,236.75,236.74,236.73,236.72,236.71,236.7,236.69,236.68,236.67,236.66,236.76,236.77,236.78,236.79,236.8,236.82,236.84,236.85,236.86,236.87,2.881,0.595,4.754,7.04,3.942,11.422,42.043,16.021,7.439,28.388,0.032,0.095,1.649,15.997,2.09,0.056,2.762,1.019,4.794,11.068
11,236.73,236.72,236.71,236.7,236.69,236.68,236.67,236.66,236.65,236.64,236.74,236.75,236.76,236.77,236.78,236.79,236.8,236.81,236.82,236.83,1.102,0.585,4.735,16.582,1.623,10.38,16.029,7.78,32.106,12.274,0.853,4.348,2.585,0.912,5.357,9.721,2.648,6.763,13.313,0.955
12,236.72,236.71,236.7,236.69,236.68,236.67,236.66,236.65,236.64,236.63,236.73,236.74,236.75,236.76,236.78,236.79,236.8,236.81,236.82,236.83,2.085,3.297,1.5,1.585,2.925,5.448,1.468,2.764,7.485,28.141,0.032,34.372,0.466,0.641,0.056,1.481,0.956,0.024,0.056,2
13,236.31,236.3,236.29,236.28,236.27,236.26,236.25,236.24,236.23,236.22,236.32,236.33,236.34,236.35,236.36,236.37,236.38,236.39,236.4,236.42,0.032,0.024,0.032,0.609,2.144,0.024,5.501,18.554,29.026,4.3,39.768,10.767,23.428,16.728,4.412,17.582,0.032,0.9,2.056,0.032
14,235.51,235.5,235.49,235.48,235.47,235.46,235.45,235.44,235.43,235.42,235.52,235.53,235.54,235.55,235.56,235.57,235.58,235.59,235.6,235.62,0.165,0.024,0.064,0.609,0.032,0.048,3.189,11.254,31.867,22.831,7.306,2.373,17.47,4.907,16.471,4.588,1.032,0.9,0.032,8.272
15,235.13,235.12,235.11,235.1,235.09,235.08,235.07,235.06,235.05,235.04,235.14,235.15,235.16,235.17,235.18,235.19,235.2,235.21,235.22,235.23,5.493,4.934,16.529,0.88,0.032,0.9,0.617,10.719,45.43,27.431,0.585,0.301,2.668,18.154,2.136,1.272,3.227,2.394,3.265,3.106
16,234.72,234.7,234.69,234.68,234.67,234.66,234.65,234.64,234.63,234.62,234.73,234.74,234.75,234.76,234.77,234.78,234.79,234.8,234.82,234.83,0.024,0.066,0.032,0.024,0.496,1.376,4.271,11.206,8.245,30.232,5.128,20.077,5.312,0.032,4.122,5.187,1.9,2.753,8.248,30.937
17,234.98,234.97,234.96,234.95,234.94,234.93,234.92,234.91,234.9,234.89,234.99,235,235.02,235.03,235.04,235.05,235.06,235.07,235.08,235.09,3.79,17.682,3.563,3.363,16.021,10.171,9.607,28.477,2.536,0.641,0.524,0.024,0.604,0.777,0.847,2.756,1.347,3.467,10.849,27.702
18,235.16,235.15,235.14,235.13,235.12,235.11,235.1,235.09,235.08,235.07,235.17,235.18,235.2,235.21,235.22,235.23,235.24,235.25,235.26,235.27,0.609,0.032,0.05,6.577,22.47,44.466,5.756,22.783,19.196,10.638,0.597,15.997,2.426,16.551,1.517,0.912,3.056,0.024,2.732,0.795
19,235.2,235.18,235.17,235.16,235.15,235.14,235.13,235.12,235.11,235.1,235.21,235.22,235.23,235.24,235.25,235.26,235.27,235.28,235.29,235.3,0.024,0.024,11.242,0.024,0.032,2.704,19.013,28.418,2.729,0.491,5.037,4.256,7.831,19.074,2.077,2.79,3.173,0.523,2.588,0.056
20,236.03,236.02,236.01,236,235.99,235.98,235.97,235.96,235.95,235.93,236.04,236.06,236.07,236.08,236.1,236.11,236.12,236.13,236.14,236.15,25.437,9.55,22.069,17.232,3.283,15.997,0.932,2.247,3.032,2.617,0.056,0.056,1.812,4.316,0.641,0.056,1.056,5.316,5.416,10.448
21,235.81,235.8,235.79,235.78,235.77,235.76,235.75,235.74,235.73,235.72,235.82,235.83,235.84,235.85,235.86,235.87,235.88,235.89,235.9,235.91,0.032,0.024,0.056,16.07,22.51,16.021,4.822,25.784,32.834,20.915,23.096,0.955,5.753,17.301,4.355,4.272,2.237,1.262,4.229,1.425
22,235.56,235.54,235.53,235.52,235.51,235.5,235.49,235.48,235.47,235.46,235.57,235.58,235.59,235.6,235.61,235.62,235.63,235.64,235.65,235.66,1.598,2.6,1.388,3.202,0.032,2.617,3.261,4.234,1.532,7.182,0.741,2.389,0.573,1.117,7.017,21.124,2.056,0.056,0.957,3.207
23,236.08,236.07,236.06,236.05,236.04,236.03,236.02,236.01,236,235.99,236.1,236.11,236.12,236.13,236.14,236.15,236.16,236.17,236.18,236.19,0.905,0.032,16.021,1.2,10.754,27.556,3.621,16.413,28.437,33.942,5.833,0.705,1.117,2.142,0.761,1.574,5.273,2.371,7.116,0.024
24,235.67,235.66,235.65,235.64,235.63,235.62,235.61,235.6,235.59,235.58,235.68,235.69,235.7,235.71,235.72,235.73,235.74,235.75,235.76,235.78,1.339,0.753,0.456,3.364,12.756,9.574,31.196,9.837,28.455,7.771,1.143,1.14,5.227,5.78,0.756,4.643,25.612,17.364,0.08,0.056
25,235.66,235.65,235.64,235.63,235.62,235.61,235.6,235.59,235.58,235.57,235.68,235.7,235.72,235.73,235.74,235.76,235.77,235.78,235.8,235.82,8.885,14.509,3.217,4.117,0.024,7.61,0.024,2.758,5.747,21.959,2.75,0.056,1.454,0.856,3.056,2.613,7.219,17.636,3.08,11.199
26,235.74,235.72,235.71,235.7,235.69,235.68,235.67,235.66,235.65,235.64,235.75,235.76,235.77,235.78,235.79,235.8,235.81,235.82,235.84,235.85,0.4,0.524,0.935,4.913,16.029,0.609,11.442,37.995,16.029,5.585,22.622,1.169,2.509,4.259,2.886,2.967,0.585,0.056,5.239,11.373
27,236.27,236.26,236.25,236.24,236.23,236.22,236.21,236.2,236.19,236.18,236.28,236.3,236.32,236.33,236.34,236.35,236.36,236.37,236.38,236.39,0.949,0.946,5.33,17.961,0.032,1.609,3.983,4.522,14.233,44.293,1.041,0.734,1.018,6.065,12.786,1.182,3.854,0.519,5.644,10.139
28,236.48,236.47,236.46,236.45,236.44,236.43,236.42,236.41,236.4,236.39,236.49,236.52,236.53,236.54,236.55,236.56,236.58,236.59,236.6,236.61,2.33,10.568,0.024,11.414,42.479,17.053,2.014,4.144,0.024,3.531,0.609,9.258,26.03,0.056,1.553,3.641,2.594,6.786,18.148,20.154
29,236.66,236.65,236.64,236.63,236.62,236.61,236.6,236.59,236.58,236.57,236.67,236.68,236.69,236.7,236.71,236.72,236.73,236.74,236.76,236.77,0.024,0.032,14.383,16.149,15.997,0.617,0.929,8.07,28.031,42.495,6.856,2.608,2.924,7.304,19.579,25.649,30.097,0.056,0.641,0.828
30,237.5,237.49,237.48,237.47,237.46,237.45,237.44,237.43,237.42,237.41,237.52,237.53,237.54,237.55,237.56,237.57,237.58,237.6,237.62,237.64,0.585,3.034,14.107,10.554,3.034,0.032,12.961,31.313,10.627,3.064,1.096,17.595,3.641,0.501,0.056,0.585,0.056,1.974,2.357,0.52
31,237.31,237.3,237.29,237.28,237.27,237.26,237.25,237.24,237.23,237.22,237.32,237.34,237.36,237.38,237.4,237.42,237.43,237.44,237.45,237.46,0.575,4.825,5.419,0.464,8.546,33.244,26.168,7.609,28.586,0.924,4.588,2.997,1.956,3.106,0.056,0.641,11.798,2.168,1.485,1.456
32,237.19,237.18,237.17,237.16,237.15,237.14,237.13,237.12,237.11,237.1,237.2,237.21,237.22,237.23,237.24,237.25,237.26,237.27,237.28,237.3,0.5,0.488,0.064,0.048,10.567,2.136,4.136,19.816,37.219,3.024,15.973,8.595,22.367,23.469,18.54,4.793,17.967,6.27,5.017,0.617
33,237.08,237.07,237.06,237.05,237.04,237.03,237.02,237.01,237,236.99,237.11,237.12,237.13,237.14,237.16,237.17,237.18,237.2,237.21,237.22,0.07,0.032,0.024,8.296,35.968,26.168,2.136,0.032,0.929,3.032,15.997,16.897,1.461,0.032,0.521,0.585,0.056,0.056,0.585,3.381
34,237.19,237.18,237.17,237.16,237.15,237.14,237.13,237.12,237.11,237.1,237.2,237.22,237.24,237.25,237.26,237.28,237.29,237.3,237.31,237.32,1.721,0.635,1.578,2.988,3.651,10.163,2.458,2.747,1.078,4.899,1.823,0.056,2.535,0.585,2.398,1.738,3.464,3.535,11.656,0.056
35,237.06,237.05,237.04,237.03,237.02,237.01,237,236.99,236.98,236.97,237.07,237.08,237.1,237.11,237.12,237.14,237.15,237.16,237.17,237.18,0.609,0.064,0.024,0.617,0.024,0.032,2.497,10.502,36.305,10.171,16.647,0.72,0.424,0.9,0.641,3.459,12.068,26.994,7.468,30.504
36,236.95,236.94,236.93,236.92,236.91,236.9,236.89,236.88,236.87,236.86,236.96,236.97,236.98,237,237.01,237.02,237.04,237.05,237.06,237.07,0.818,0.524,4.73,20.554,19.651,24.835,32.585,13.857,16.029,1.974,3.797,2.592,15.802,2.926,6.074,9.739,1.13,2,1.588,1.793
37,237.19,237.18,237.17,237.16,237.15,237.14,237.13,237.12,237.11,237.1,237.2,237.21,237.22,237.23,237.24,237.25,237.26,237.27,237.28,237.29,5.572,3.148,8.673,19.872,16.029,3.788,18.427,20.899,0.932,12.171,9.741,0.5,9.765,0.585,1.99,5.459,0.641,0.156,1.16,3.697
38,237.34,237.33,237.32,237.31,237.3,237.29,237.27,237.26,237.25,237.24,237.35,237.36,237.38,237.39,237.4,237.41,237.42,237.43,237.44,237.46,1.162,1.137,1.136,4.786,10.554,1.505,2.287,1.383,2.369,0.024,3.355,0.056,0.032,1.124,4.66,2.996,5.475,12.621,6.617,7.869
39,237.38,237.37,237.36,237.35,237.34,237.33,237.32,237.31,237.3,237.29,237.39,237.4,237.41,237.42,237.43,237.44,237.45,237.46,237.47,237.48,1.54,1.454,1.835,2.953,0.024,6.355,16.021,6.237,16.021,1.517,2.707,0.032,9.113,28.61,13.658,12.722,0.764,0.665,0.464,5.955
40,237.43,237.42,237.41,237.4,237.39,237.38,237.37,237.36,237.35,237.34,237.45,237.46,237.48,237.49,237.5,237.51,237.52,237.53,237.54,237.55,1.573,5.318,20.278,0.488,2.351,2.758,0.032,2.348,10.758,31.029,0.585,0.617,0.604,5.274,15.555,18.997,0.056,0.609,0.956,2.144
41,237.88,237.87,237.86,237.85,237.84,237.83,237.82,237.81,237.8,237.79,237.89,237.9,237.92,237.93,237.94,237.95,237.96,237.98,237.99,238,1.235,0.939,0.469,8.836,33.929,10.818,5.725,16.614,0.487,11.423,1.223,0.731,0.641,0.5,1.493,1.585,0.456,5.912,12.615,5.198
42,237.64,237.63,237.62,237.61,237.6,237.59,237.58,237.57,237.56,237.55,237.65,237.68,237.7,237.72,237.73,237.74,237.75,237.76,237.78,237.79,3.695,0.532,3.525,7.613,15.997,1.892,12.332,38.875,27.937,2.617,1.029,0.032,0.641,1.056,0.585,3.023,2.702,0.935,0.056,0.617
43,237.43,237.42,237.41,237.4,237.39,237.38,237.37,237.36,237.35,237.34,237.44,237.46,237.48,237.49,237.5,237.51,237.52,237.53,237.54,237.55,3.422,2.533,2.472,12.594,34.864,27.58,3.453,3.437,17.33,8.485,3.224,0.056,11.349,0.585,1.279,1.396,3.122,10.695,34.479,17.999
44,237.64,237.63,237.62,237.61,237.6,237.59,237.58,237.57,237.56,237.55,237.65,237.66,237.67,237.68,237.69,237.7,237.71,237.72,237.73,237.74,0.024,1,0.024,0.032,11.364,0.032,6.957,16.029,0.024,0.617,10.477,18.431,6.613,4.763,9.555,32.82,1.485,6.903,16.274,3.091
45,236.61,236.6,236.59,236.58,236.57,236.56,236.55,236.54,236.53,236.52,236.62,236.64,236.65,236.66,236.67,236.68,236.69,236.7,236.71,236.72,1.603,15.997,4.807,15.997,6.489,17.996,0.932,0.024,3.656,3.239,3.365,0.032,0.585,2.063,1.448,5.859,2.378,24.443,70.74,1.012
46,236.15,236.14,236.13,236.12,236.11,236.1,236.09,236.08,236.07,236.06,236.16,236.18,236.19,236.2,236.21,236.22,236.23,236.24,236.26,236.27,2.905,0.064,0.032,0.585,2.149,1.428,4.704,0.024,2.149,0.31,4.131,0.897,1.785,3.402,11.226,35.359,5.178,14.123,2.866,21.139
47,235.96,235.95,235.94,235.93,235.92,235.91,235.9,235.89,235.88,235.87,235.98,235.99,236,236.01,236.02,236.03,236.04,236.05,236.06,236.07,1.032,1.085,0.057,0.777,6.961,20.919,18.07,0.585,0.056,3.386,15.997,2.208,15.997,32.917,1.409,0.517,12.917,6.238,0.056,16.92
48,235.49,235.48,235.46,235.45,235.44,235.42,235.41,235.4,235.39,235.38,235.5,235.51,235.52,235.53,235.54,235.56,235.57,235.58,235.59,235.6,1.134,1.834,0.056,1.085,0.162,0.665,0.94,3.333,1.652,2.5,1.235,2.281,2.432,15.997,3.048,2.449,0.271,2.375,35.624,39.18
49,235.69,235.68,235.67,235.66,235.65,235.64,235.62,235.61,235.6,235.59,235.7,235.72,235.74,235.75,235.76,235.77,235.78,235.79,235.8,235.81,20.818,15.997,5.734,20.54,17.732,16.053,1.541,0.024,1.126,3.585,0.424,0.056,0.056,2.464,17.561,0.5,2.827,10.827,34.31,6.396
50,235.76,235.75,235.74,235.72,235.71,235.7,235.69,235.68,235.66,235.65,235.77,235.78,235.79,235.8,235.81,235.82,235.83,235.84,235.85,235.86,0.634,1,1.091,0.08,5.36,16.053,0.9,1.241,7.307,21.179,4.623,0.707,16.497,1.427,3.292,27.271,0.985,1.534,4.871,11.224
51,235.55,235.53,235.52,235.51,235.5,235.49,235.48,235.47,235.46,235.45,235.56,235.58,235.59,235.6,235.61,235.62,235.63,235.64,235.65,235.66,1.5,1.012,3.199,10.611,0.641,3.38,4.256,3.021,2.168,3.762,0.609,0.056,0.509,16.495,16.582,0.056,63.228,7.278,21.656,0.056
52,235.44,235.42,235.41,235.4,235.38,235.37,235.36,235.35,235.34,235.33,235.45,235.46,235.47,235.48,235.49,235.5,235.51,235.52,235.53,235.54,0.024,0.024,0.024,0.056,0.056,0.617,0.056,0.5,2.687,1.255,5.911,5.788,27.841,37.566,20.739,16.397,5.368,22.965,33.529,53.01
53,235.56,235.55,235.54,235.52,235.51,235.5,235.49,235.48,235.47,235.46,235.57,235.58,235.59,235.6,235.61,235.62,235.63,235.64,235.65,235.66,0.566,0.088,0.032,0.056,0.585,2.147,2.496,0.641,5.472,0.056,0.585,0.777,1.124,3.764,1.524,3.429,6.351,27.984,35.573,0.08
54,235.56,235.55,235.54,235.52,235.51,235.5,235.49,235.48,235.47,235.46,235.58,235.59,235.6,235.61,235.62,235.63,235.64,235.65,235.66,235.68,1.585,1.388,0.032,4.537,16.4,17.533,0.585,3.097,6.731,3.084,4.683,8.359,33.473,0.976,1.388,0.032,2.142,14.894,42.461,0.936
55,235.34,235.32,235.3,235.29,235.28,235.26,235.25,235.24,235.23,235.22,235.35,235.36,235.37,235.38,235.39,235.4,235.41,235.42,235.43,235.44,0.059,0.12,0.056,0.9,5.712,2.535,0.617,3.444,3.95,4.697,1.762,22.135,16.44,0.032,0.585,1.329,3.355,2.511,13.587,53.398
56,235.19,235.17,235.16,235.15,235.14,235.13,235.12,235.11,235.1,235.09,235.2,235.22,235.23,235.24,235.25,235.26,235.27,235.28,235.29,235.3,4.319,1.325,4.671,10.627,0.056,3.522,3.608,0.479,3.501,3.017,0.024,0.701,1.747,6.056,17.57,1.002,4.107,19.022,6.127,28.976
57,235.54,235.52,235.51,235.5,235.48,235.46,235.45,235.44,235.43,235.42,235.55,235.56,235.57,235.58,235.59,235.6,235.61,235.62,235.63,235.64,1.079,1.701,5.694,12.208,0.641,2.459,1.373,3.931,3,2.45,1.446,11.469,5.446,31.984,54.939,16.829,0.245,0.056,0.432,6.246
58,235.65,235.64,235.63,235.62,235.61,235.6,235.59,235.58,235.56,235.55,235.66,235.68,235.7,235.72,235.73,235.74,235.75,235.76,235.77,235.78,4.525,17.682,1.669,1.753,3.491,4.596,2.875,2.168,2.129,0.585,0.024,0.024,0.056,8.722,16.92,0.08,0.942,4.398,4.52,12.451
59,235.28,235.26,235.25,235.24,235.23,235.22,235.21,235.2,235.19,235.18,235.29,235.3,235.31,235.32,235.33,235.34,235.35,235.36,235.37,235.38,0.084,0.108,4.254,9.8,0.5,0.056,1.585,2.21,2.907,4.565,2.349,22.02,21.695,16.029,5.626,26.482,35.921,16.053,11.094,37.561
60,235.23,235.22,235.21,235.2,235.19,235.18,235.17,235.16,235.15,235.14,235.24,235.26,235.27,235.28,235.29,235.3,235.31,235.32,235.33,235.34,4.748,1.174,4.678,16.029,4.55,19.029,1.367,0.056,2.382,1.697,0.013,0.048,0.032,0.828,0.585,2.438,7.236,17.833,3.435,12.506
61,235.19,235.17,235.16,235.15,235.14,235.12,235.11,235.1,235.09,235.08,235.2,235.22,235.23,235.24,235.25,235.26,235.27,235.28,235.29,235.3,0.955,1.985,4.075,12.969,1.963,2.447,0.609,2.976,3,2.447,0.609,0.056,1.109,2.496,8.618,17.834,0.032,12.791,33.241,2.418
62,235.18,235.16,235.15,235.14,235.13,235.12,235.11,235.1,235.08,235.07,235.19,235.2,235.21,235.22,235.23,235.24,235.25,235.26,235.27,235.28,0.105,0.056,0.5,0.641,0.032,0.056,0.585,2.487,2.463,0.272,24.793,18.975,11.081,22.725,16.517,0.982,6.399,13.925,42.002,21.761
63,234.71,234.7,234.69,234.68,234.67,234.66,234.64,234.63,234.62,234.61,234.72,234.74,234.76,234.77,234.78,234.79,234.8,234.81,234.82,234.83,3.947,2.973,4.785,17.249,4.428,11.791,2.958,0.585,2.505,1.726,0.024,0.056,0.641,0.968,7.655,16.976,0.056,2.385,2.504,3.033
64,235.01,235,234.99,234.98,234.97,234.96,234.95,234.94,234.93,234.92,235.02,235.04,235.05,235.06,235.07,235.08,235.09,235.1,235.11,235.12,3.708,1.533,0.823,0.032,7.664,26.691,2.388,1.851,8.334,16.029,0.024,0.056,0.585,0.056,2.455,4.654,16.497,7.889,28.181,31.835
65,234.81,234.8,234.79,234.78,234.77,234.76,234.75,234.74,234.73,234.72,234.82,234.83,234.84,234.86,234.87,234.88,234.89,234.9,234.91,234.92,0.585,0.032,0.5,0.617,4.925,21.272,15.997,2.168,0.585,0.056,0.889,0.889,1.746,8.989,17.505,6.344,13.547,3.167,0.329,17.119
66,235.01,235,234.99,234.98,234.97,234.96,234.95,234.94,234.93,234.92,235.02,235.04,235.06,235.07,235.08,235.09,235.1,235.11,235.12,235.13,1.662,17.944,4.882,17.109,4.085,10.72,4.551,21.413,15.997,0.387,0.024,0.056,0.08,10.588,31.835,0.468,4.729,18.505,5.779,13.697
67,235.08,235.06,235.05,235.04,235.02,235.01,235,234.99,234.98,234.97,235.09,235.1,235.11,235.12,235.13,235.14,235.15,235.16,235.17,235.18,0.145,11.024,0.87,0.909,0.056,0.032,0.056,1.485,0.383,2.112,20.391,7.24,17.744,11.247,37.355,24.333,23.705,16.053,0.024,6.962
68,235.07,235.06,235.04,235.03,235.02,235.01,235,234.99,234.98,234.96,235.08,235.09,235.1,235.11,235.12,235.13,235.14,235.15,235.16,235.17,0.797,0.658,0.299,1.463,0.056,1.254,0.056,0.912,2.161,7.15,2.95,0.827,0.536,0.934,3.129,1.717,9.706,28.04,37.619,2
69,235.03,235.02,235.01,235,234.99,234.98,234.96,234.95,234.94,234.93,235.04,235.05,235.06,235.07,235.08,235.09,235.1,235.11,235.12,235.13,0.271,0.084,0.68,0.056,0.585,0.056,1.109,1.275,4.606,3.379,1.047,1.614,2.97,2.148,0.641,6.165,15.801,9.002,28.904,32.051
70,235.3,235.29,235.28,235.26,235.24,235.23,235.22,235.2,235.19,235.18,235.31,235.32,235.33,235.34,235.35,235.36,235.37,235.38,235.39,235.4,0.25,1.226,0.06,0.056,0.737,0.327,2.616,3.373,1.024,4.461,1.786,0.891,2.905,1.755,3.586,15.347,35.845,7.82,18.669,0.056
71,235.17,235.15,235.14,235.13,235.12,235.11,235.1,235.09,235.08,235.07,235.18,235.2,235.22,235.23,235.24,235.25,235.26,235.27,235.28,235.29,1.184,12.825,0.694,0.66,4.275,1.092,2.449,13.383,2.45,0.468,0.024,0.382,0.056,4.422,18.535,30.805,48.79,14.33,0.056,1.368
72,235.02,235,234.99,234.98,234.97,234.96,234.95,234.94,234.92,234.91,235.03,235.04,235.06,235.07,235.08,235.09,235.1,235.11,235.12,235.13,1.417,0.56,11.103,12.881,7.683,13.73,0.205,0.641,0.956,0.609,1.335,0.582,3.434,6.801,15.925,2.879,16.178,54.897,1.247,3.075
73,235.25,235.24,235.22,235.21,235.2,235.19,235.18,235.17,235.16,235.14,235.26,235.27,235.28,235.29,235.3,235.31,235.32,235.33,235.34,235.35,10.985,0.557,0.056,0.468,0.641,0.326,0.907,2.864,4.436,3.021,0.65,16.777,18.074,14.169,1.735,3.5,0.382,0.92,12.567,32.962
74,235.37,235.36,235.35,235.34,235.33,235.32,235.31,235.3,235.29,235.28,235.38,235.4,235.41,235.42,235.43,235.44,235.45,235.46,235.47,235.48,1.485,13.647,0.495,12.83,11.204,1.056,1.991,1.009,17.569,48.159,0.024,0.056,1.475,2.981,1.784,4.301,1.473,2.475,12.658,35.42
75,235.26,235.25,235.24,235.23,235.22,235.21,235.2,235.19,235.18,235.17,235.27,235.28,235.29,235.3,235.31,235.32,235.33,235.34,235.35,235.36,1.015,0.578,0.084,0.851,3.547,4.393,6.416,9.754,2.513,0.585,1.533,0.532,1.564,0.056,2.456,0.641,3.117,4.523,20.219,53.961
76,235.12,235.11,235.1,235.09,235.08,235.07,235.06,235.05,235.04,235.03,235.13,235.14,235.15,235.16,235.17,235.18,235.19,235.2,235.21,235.22,0.904,3.82,12.83,0.507,0.952,3,2.489,2.947,0.381,5.846,0.585,0.524,0.585,0.056,3.617,12.542,39.478,23.528,12.289,0.056
77,235.29,235.28,235.26,235.25,235.24,235.22,235.21,235.2,235.18,235.17,235.3,235.32,235.33,235.34,235.35,235.36,235.37,235.38,235.39,235.4,4.71,15.116,4.458,15.798,0.956,0.906,3.335,0.056,11.532,37.52,0.024,0.08,0.726,2.48,2.612,3.378,8.076,26.611,31.811,0.924
78,235.35,235.34,235.33,235.32,235.31,235.3,235.28,235.27,235.26,235.25,235.38,235.39,235.4,235.41,235.42,235.43,235.44,235.45,235.46,235.47,0.923,3.433,13.182,1.056,5.728,12.83,0.382,1.485,2.473,7.775,0.585,0.278,2.473,2.743,0.056,12.094,40.146,19.032,0.056,2.609
79,235.57,235.56,235.55,235.54,235.53,235.52,235.51,235.5,235.49,235.48,235.58,235.59,235.6,235.61,235.62,235.63,235.64,235.65,235.66,235.67,0.585,1.5,0.528,3.069,10.204,1.037,3.585,2.501,0.032,2.498,1.251,2.248,1.668,3.485,1.819,12.959,39.504,18.498,7.506,18.514
80,235.51,235.5,235.49,235.48,235.47,235.46,235.45,235.44,235.42,235.41,235.52,235.53,235.54,235.55,235.56,235.57,235.58,235.59,235.6,235.61,0.654,0.052,0.496,2.163,2,2.472,0.585,2.497,2.539,2.421,1.221,1.853,0.032,2.416,0.641,11.669,37.608,17.505,0.399,2.352
81,235.52,235.5,235.48,235.46,235.45,235.44,235.43,235.42,235.41,235.4,235.53,235.54,235.55,235.56,235.57,235.58,235.59,235.6,235.62,235.63,0.509,0.052,0.508,0.056,1.052,0.62,0.982,3.377,4.495,5.738,6.721,1.41,7.21,26.805,43.084,40.153,6.012,0.056,0.056,12.562
82,235.24,235.22,235.21,235.2,235.19,235.18,235.17,235.16,235.15,235.14,235.25,235.26,235.27,235.28,235.3,235.31,235.32,235.34,235.35,235.36,0.834,1.178,3.76,9.34,16.882,12.854,2.388,0.08,2.387,2.168,1.867,0.906,0.79,0.617,2.793,0.585,1.927,2.491,2.571,10.732
83,235.38,235.36,235.35,235.34,235.33,235.32,235.31,235.3,235.29,235.28,235.39,235.4,235.42,235.43,235.44,235.45,235.46,235.47,235.48,235.49,1.037,0.125,1.976,3.374,7.919,14.942,0.585,2.392,2.671,12.492,3.497,1.007,3.944,1.803,3.356,1.261,3.587,2.91,12.35,40.715
84,235.84,235.82,235.81,235.8,235.79,235.78,235.77,235.76,235.75,235.74,235.85,235.87,235.88,235.9,235.91,235.92,235.93,235.94,235.95,235.96,10.656,1.582,0.613,0.056,1.448,4.926,1.329,5.308,6.714,15.139,2.003,1.278,1.998,13.006,37.697,17.376,0.254,0.641,0.211,2.568
85,236.16,236.15,236.14,236.12,236.11,236.1,236.09,236.08,236.07,236.06,236.18,236.19,236.2,236.21,236.22,236.23,236.24,236.26,236.28,236.29,0.669,4.215,12.423,2.793,5.533,12.639,0.617,2.316,1.3,18.946,0.585,0.532,3.826,13.839,7.777,19.305,0.056,2.713,12.53,40.691
86,236.04,236.02,236.01,236,235.98,235.97,235.96,235.95,235.94,235.93,236.05,236.06,236.07,236.08,236.09,236.1,236.12,236.13,236.14,236.15,0.205,0.083,1.641,12.238,0.965,0.056,2.311,1.798,4.063,0.945,1.898,3.503,0.522,7.028,23.721,19.785,1.081,5.84,1.36,4.367
87,235.63,235.62,235.61,235.6,235.59,235.58,235.57,235.56,235.55,235.54,235.64,235.65,235.66,235.67,235.68,235.69,235.7,235.71,235.72,235.73,0.613,5.001,14.412,3.641,0.4,0.08,2.24,0.848,2.825,2.296,0.59,0.092,0.032,2.158,13.485,1.684,3.527,0.585,1.779,1.367
88,235.71,235.7,235.69,235.68,235.67,235.66,235.65,235.64,235.63,235.62,235.72,235.74,235.75,235.76,235.77,235.78,235.79,235.8,235.81,235.82,1.32,5.228,19.041,16.933,1.4,0.032,7.029,17.3,14.283,0.523,0.024,0.593,0.617,0.849,11.851,37.471,16.944,0.056,0.585,2.168
89,235.58,235.57,235.56,235.55,235.54,235.53,235.52,235.51,235.5,235.49,235.59,235.6,235.61,235.62,235.63,235.64,235.65,235.66,235.67,235.68,0.612,17.146,14.07,3,0.056,0.91,0.056,2.229,0.665,2.26,1.337,0.683,0.508,1.042,3.724,3.13,6.099,20.433,2.691,10.079
90,235.89,235.88,235.87,235.86,235.85,235.84,235.83,235.82,235.81,235.8,235.92,235.94,235.95,235.96,235.97,235.98,235.99,236,236.01,236.02,0.585,3.194,10.594,0.056,1.08,3.641,3.82,17.558,14.243,2.882,3.163,1.766,0.585,7.069,21.858,4.96,0.032,4.321,15.142,36.799
91,235.95,235.94,235.92,235.91,235.9,235.89,235.88,235.87,235.86,235.85,235.96,235.98,235.99,236,236.01,236.02,236.04,236.06,236.07,236.08,5.269,4.01,4.499,16.648,2.847,1.768,11.559,38.535,21.616,4.107,0.024,0.08,0.032,0.955,3.012,1.72,2.842,3.843,19.19,49.764
92,236.02,236.01,236,235.99,235.98,235.97,235.96,235.95,235.94,235.93,236.03,236.04,236.05,236.06,236.07,236.08,236.09,236.1,236.11,236.12,0.554,10.615,0.88,5.261,13.854,2.032,2.517,0.324,8.531,32.831,1.777,5.207,17.128,12.83,5.646,19.014,27.223,37.918,23.377,0.056
93,236.11,236.09,236.08,236.06,236.05,236.04,236.02,236.01,236,235.99,236.12,236.14,236.15,236.16,236.17,236.18,236.19,236.2,236.21,236.22,0.616,0.704,2.644,13.854,0.585,2.227,2.331,0.324,2.148,2.275,1.891,2.227,0.024,1.952,0.69,2.033,2.15,5.242,11.118,42.84
94,236.22,236.2,236.19,236.18,236.17,236.16,236.15,236.14,236.13,236.12,236.23,236.24,236.25,236.26,236.27,236.28,236.29,236.3,236.31,236.32,2.077,1.097,0.637,0.056,0.824,2.206,0.585,2.672,1.644,7.656,4.573,13.25,4.69,13.407,5.415,15.702,9.111,12.854,16.51,61.078
95,236.24,236.22,236.21,236.2,236.19,236.18,236.17,236.16,236.15,236.14,236.25,236.26,236.27,236.28,236.29,236.3,236.31,236.32,236.33,236.34,0.636,3.108,0.893,2.286,0.466,1.717,0.271,2.008,0.585,2.211,0.569,0.563,1.039,1.166,6.943,25.102,12.798,2.499,4.381,10.347
96,236.23,236.2,236.19,236.18,236.16,236.14,236.13,236.12,236.11,236.1,236.24,236.26,236.27,236.28,236.29,236.3,236.31,236.32,236.33,236.34,4.042,2.566,0.585,2.078,2.77,2.203,0.847,3.112,10.146,39.236,0.024,0.056,8.077,20.433,0.324,0.641,12.868,35.301,6.241,20.433
97,236.34,236.32,236.31,236.3,236.28,236.27,236.26,236.25,236.24,236.23,236.35,236.36,236.38,236.39,236.4,236.41,236.42,236.43,236.44,236.45,2.082,0.032,3.096,0.056,2.755,0.814,1.667,0.585,12.836,40.165,1.24,0.024,2.715,5.488,13.254,7.111,20.433,0.912,4.306,4.186
98,236.22,236.2,236.19,236.18,236.16,236.15,236.14,236.13,236.12,236.11,236.23,236.24,236.25,236.26,236.27,236.28,236.29,236.3,236.31,236.32,0.587,0.401,1.527,2.08,2.655,0.323,2.092,8.805,23.321,9.708,15.518,2.925,3.357,2.42,5.515,21.468,27.115,21.346,32.859,21.744
99,236.04,236.02,236.01,236,235.99,235.98,235.97,235.96,235.95,235.94,236.05,236.06,236.07,236.08,236.1,236.11,236.12,236.13,236.14,236.15,0.668,3.675,4.481,13.678,3.878,14.109,3.869,12.854,6.498,25.6,0.776,2.232,5.543,14.025,0.641,2.076,2.157,12.809,34.497,17.873
100,236.06,236.04,236.02,236.01,236,235.99,235.98,235.97,235.96,235.95,236.07,236.08,236.09,236.1,236.12,236.13,236.14,236.15,236.16,236.17,1.103,0.083,2.266,0.024,4.429,0.884,2.691,7.777,20.433,4.406,1.847,0.607,0.935,3.134,0.38,10.688,31.835,8.099,21.433,0.796
101,236.36,236.35,236.34,236.32,236.31,236.3,236.29,236.28,236.26,236.25,236.37,236.38,236.4,236.42,236.44,236.45,236.46,236.47,236.48,236.49,0.585,1.466,0.519,2.261,5.951,19.005,12.822,2.25,6.391,18.981,1.884,1.182,2.129,2.667,7.931,31.373,36.999,0.032,4.174,0.4
102,236.24,236.22,236.2,236.19,236.18,236.17,236.16,236.14,236.13,236.12,236.25,236.26,236.27,236.28,236.29,236.3,236.31,236.32,236.33,236.34,0.244,0.171,0.139,1.101,0.952,3,2.697,2.554,0.985,2.088,8.823,19.7,14.354,12.321,38.528,12.854,6.186,22.827,41.409,22.862
103,236.03,236.02,236,235.99,235.98,235.96,235.95,235.94,235.93,235.92,236.04,236.06,236.07,236.08,236.09,236.1,236.11,236.12,236.13,236.14,0.585,2.235,5.497,1.615,2.644,2.059,0.585,2.783,8.7,20.433,0.617,0.056,0.466,1.543,1.894,1.858,4.972,25.051,35.463,20.01
104,236.61,236.6,236.59,236.58,236.57,236.56,236.55,236.54,236.53,236.52,236.62,236.64,236.66,236.67,236.68,236.69,236.7,236.71,236.72,236.73,10.683,17.831,20.836,27.213,15.698,3.965,13.849,0.301,0.9,0.641,0.024,0.056,0.102,0.244,2.022,1.115,2.975,4.099,8.072,33.94
105,235.78,235.77,235.76,235.75,235.74,235.73,235.72,235.71,235.7,235.68,235.79,235.8,235.81,235.83,235.84,235.85,235.86,235.87,235.88,235.89,0.706,0.4,1.545,0.524,2.094,0.617,2.093,16.235,47.561,2.753,1.595,12.798,0.978,5.761,13.407,2.069,0.024,5.478,21.524,33.535
106,235.68,235.67,235.66,235.65,235.64,235.62,235.61,235.6,235.59,235.58,235.71,235.72,235.73,235.74,235.75,235.76,235.77,235.78,235.79,235.8,6.443,14.185,2.97,0.585,2.747,2.094,0.617,10.194,39.385,34.206,0.869,0.869,0.032,0.609,0.032,1.827,0.617,10.172,27.169,12.83
107,235.89,235.88,235.87,235.86,235.85,235.84,235.83,235.82,235.81,235.8,235.9,235.92,235.93,235.94,235.95,235.96,235.97,235.98,235.99,236,1.658,5.071,13.29,4.656,23.547,31.741,12.798,0.641,0.024,0.056,0.29,0.555,0.161,2.108,0.032,2.197,2.469,10.437,27.201,2.105
108,235.91,235.9,235.89,235.88,235.87,235.86,235.85,235.84,235.82,235.81,235.92,235.93,235.94,235.95,235.96,235.97,235.98,235.99,236,236.01,0.944,0.574,0.839,1.198,11.069,31.013,0.617,0.056,12.371,44.429,1.382,0.797,2.427,0.617,2.125,2.114,0.024,2.132,8.761,38.77
109,235.99,235.98,235.97,235.96,235.95,235.94,235.93,235.92,235.91,235.9,236,236.01,236.02,236.03,236.04,236.05,236.06,236.07,236.08,236.09,1.803,0.529,4.897,16.97,18.369,13.432,12.095,42.64,0.585,1.304,0.773,0.505,2.318,1.881,4.236,0.032,2.743,13.265,33.915,8.14
110,236.21,236.2,236.19,236.18,236.17,236.16,236.15,236.14,236.13,236.12,236.22,236.24,236.25,236.26,236.27,236.28,236.29,236.3,236.31,236.32,1.943,0.894,2.764,4.324,14.606,2.816,0.873,2.477,12.241,44.165,0.424,0.024,1.197,4.557,2.129,0.609,11.292,33.271,17.064,40.578
111,236.38,236.37,236.36,236.35,236.34,236.33,236.32,236.31,236.3,236.29,236.39,236.41,236.42,236.43,236.44,236.45,236.46,236.47,236.48,236.49,0.609,1.29,0.721,1.162,3.915,0.653,2.161,0.323,2.718,12.87,1.223,5.294,13.121,2.109,2.101,0.032,2.101,19.087,67.301,7.594
112,236.2,236.18,236.17,236.16,236.14,236.13,236.12,236.11,236.1,236.09,236.21,236.23,236.24,236.25,236.26,236.27,236.28,236.29,236.3,236.31,1.606,0.109,1.313,3.009,2.433,2.455,0.952,6.771,13.09,3.441,1.475,0.356,0.585,2.085,5.907,25.026,42.498,28.072,7.172,18.927
113,235.94,235.92,235.91,235.9,235.89,235.88,235.87,235.86,235.85,235.84,235.95,235.96,235.97,235.98,235.99,236,236.01,236.02,236.03,236.04,0.49,0.056,0.985,0.056,0.5,2.674,2.036,8.365,29.917,4.092,1.457,14.522,5.746,19.828,17.802,14.022,0.032,1.001,4.48,4.528
114,236.59,236.58,236.57,236.56,236.55,236.54,236.53,236.52,236.51,236.5,236.6,236.61,236.62,236.63,236.64,236.65,236.66,236.67,236.68,236.69,15.509,2.146,2.617,6.439,13.264,2.736,0.585,1.754,8.292,29.014,0.024,0.032,0.024,0.617,0.024,0.032,0.024,2.12,4.956,3.654
115,236.68,236.67,236.66,236.65,236.64,236.63,236.62,236.61,236.6,236.59,236.69,236.71,236.72,236.73,236.74,236.75,236.76,236.77,236.78,236.79,0.024,0.032,2.04,9.19,28.036,4.144,2.505,0.617,10.562,31.811,1.546,0.279,12.798,6.941,18.54,0.032,0.024,2.633,0.024,0.536
116,236.33,236.32,236.31,236.3,236.29,236.28,236.27,236.26,236.25,236.24,236.34,236.36,236.37,236.38,236.39,236.4,236.41,236.42,236.43,236.44,3.775,15.306,0.806,4.828,23.51,33.88,16.913,12.822,0.498,2.616,0.024,0.024,0.432,0.597,0.522,3.516,9.739,2.931,26.963,67.983
117,236.36,236.35,236.34,236.33,236.32,236.31,236.3,236.29,236.28,236.27,236.37,236.38,236.39,236.4,236.41,236.42,236.43,236.44,236.45,236.46,0.05,0.032,0.048,0.649,0.524,1.54,14.526,39.486,31.657,1.032,2.564,1.092,2.427,2.019,0.617,2.043,0.355,0.609,2.075,0.024
118,236.33,236.32,236.31,236.3,236.29,236.28,236.27,236.26,236.25,236.24,236.34,236.35,236.36,236.37,236.38,236.39,236.4,236.41,236.42,236.43,18.765,2.063,1.057,2.531,0.94,5.054,12.243,42.802,27.046,2.602,0.024,0.624,0.024,0.032,0.024,3.184,13.383,1.965,0.49,2.647
119,236.28,236.27,236.26,236.25,236.24,236.23,236.22,236.21,236.2,236.19,236.29,236.3,236.31,236.32,236.33,236.34,236.35,236.36,236.37,236.38,0.049,0.032,0.024,0.032,0.609,0.032,0.024,0.088,20.043,67.015,5.405,1.987,3.042,2.767,0.964,3.306,0.032,2.018,0.617,2.695
120,236.59,236.58,236.57,236.56,236.55,236.54,236.53,236.52,236.51,236.5,236.61,236.62,236.63,236.64,236.65,236.66,236.67,236.68,236.69,236.7,0.909,0.024,0.032,0.024,0.032,5.224,0.032,2.067,21.199,78.03,2.753,4.388,3.188,2.817,4.013,12.528,32.668,17.161,13.769,3.533
121,236.89,236.88,236.87,236.86,236.85,236.84,236.83,236.82,236.81,236.8,236.9,236.92,236.93,236.94,236.95,236.96,236.97,236.98,236.99,237,2.107,1.689,16.365,12.823,1.744,0.89,4.132,4.127,0.225,0.024,0.024,0.024,0.032,0.837,2.35,4.24,2.6,11.592,38.027,25.744
122,236.66,236.65,236.64,236.63,236.62,236.61,236.6,236.59,236.58,236.57,236.67,236.68,236.69,236.7,236.71,236.72,236.73,236.74,236.75,236.76,0.609,0.032,0.048,0.94,3.598,8.908,27.884,2.497,2.698,1.064,2.025,0.864,1.057,5.033,17.52,15.736,4.31,22.308,36.531,14.926
123,236.51,236.5,236.49,236.48,236.47,236.46,236.45,236.44,236.43,236.42,236.52,236.54,236.55,236.56,236.57,236.58,236.59,236.6,236.61,236.62,4.578,26.985,33.94,13.798,0.032,1.075,0.032,1.855,0.032,17.258,0.024,0.024,0.032,0.024,0.606,0.609,5.294,12.058,0.641,2.046
124,236.7,236.69,236.68,236.67,236.66,236.65,236.64,236.63,236.62,236.61,236.71,236.72,236.73,236.75,236.76,236.77,236.78,236.79,236.8,236.81,0.609,0.032,0.559,27.046,4,12.854,0.815,3.957,15.822,0.032,13.298,6.594,2.748,1.912,1.225,4.444,2.097,0.382,2.682,20.32
125,236.84,236.83,236.82,236.81,236.8,236.79,236.78,236.77,236.76,236.75,236.85,236.86,236.87,236.88,236.89,236.9,236.91,236.92,236.93,236.94,0.585,0.18,0.648,4.833,21.156,21.401,30.633,18.393,14.616,6.009,0.056,0.698,1.23,0.024,0.617,2.112,2.032,2.674,0.359,10.875
126,237.43,237.42,237.41,237.4,237.39,237.38,237.37,237.36,237.35,237.34,237.44,237.46,237.47,237.48,237.5,237.51,237.52,237.54,237.55,237.56,6.46,2.232,6.641,8.554,14.564,5.547,22.33,31.803,0.032,0.024,0.024,0.056,0.609,0.901,2.954,0.862,2.889,1.656,0.617,2.776
127,237.73,237.72,237.71,237.69,237.67,237.66,237.65,237.64,237.63,237.62,237.74,237.76,237.77,237.78,237.79,237.8,237.81,237.82,237.84,237.85,0.585,2.301,3.298,2.262,2.279,3.286,2.729,2.272,14.441,49.306,0.012,0.08,4.33,12.854,0.617,0.056,0.27,1.541,0.519,1.087
128,237.53,237.52,237.51,237.5,237.49,237.48,237.47,237.46,237.45,237.44,237.54,237.56,237.58,237.59,237.6,237.61,237.62,237.64,237.65,237.66,17.366,1.374,2.925,5.342,14.533,10.576,35.72,9.042,14.194,2.559,0.024,0.024,0.08,0.595,0.056,1.46,2.337,2.819,1,5.546
129,237.3,237.28,237.27,237.26,237.25,237.24,237.23,237.22,237.21,237.2,237.31,237.32,237.33,237.34,237.35,237.36,237.37,237.38,237.39,237.4,0.049,0.048,0.4,0.024,0.9,2.907,9.61,40.876,27.631,2.393,7.303,1.564,2.593,2.134,4.932,4.321,10.108,0.381,6.273,24.754
130,237.18,237.16,237.15,237.14,237.13,237.12,237.11,237.1,237.09,237.08,237.19,237.2,237.21,237.22,237.23,237.24,237.25,237.26,237.27,237.28,0.024,0.024,0.032,31.803,0.032,0.958,2.144,2.294,16.195,39.867,2.624,12.798,3.72,15.602,5.55,2.159,2.98,4.082,16.41,17.794
131,236.98,236.97,236.96,236.95,236.94,236.93,236.92,236.91,236.9,236.89,236.99,237,237.01,237.02,237.03,237.04,237.05,237.06,237.07,237.08,0.609,4.011,12.846,3.623,16.232,16.099,17.19,45.593,10.741,1.932,1.175,4.934,1.095,2.764,13.423,1.213,2.841,8.328,15.064,2.371
132,237.16,237.14,237.13,237.12,237.11,237.1,237.09,237.08,237.07,237.06,237.17,237.18,237.19,237.2,237.21,237.22,237.24,237.25,237.26,237.27,0.024,0.024,0.032,0.024,0.902,4.715,5.503,2.335,0.032,3.224,7.623,16.992,2.971,3.755,5.481,3.623,5.808,12.829,2.354,0.424
133,237.1,237.09,237.08,237.07,237.06,237.05,237.04,237.03,237.02,237.01,237.11,237.12,237.14,237.15,237.16,237.17,237.18,237.19,237.2,237.21,15.57,4.316,7.249,13.747,3.188,3.371,0.024,23.75,46.365,12.854,0.65,0.056,0.509,0.453,0.056,2.262,5.437,10.2,1.013,24.13
134,237.08,237.07,237.06,237.05,237.04,237.03,237.02,237.01,237,236.99,237.09,237.1,237.12,237.13,237.14,237.15,237.16,237.17,237.18,237.19,1.733,1.532,0.024,2.371,13.832,40.185,1.875,5.294,0.024,0.032,2.781,0.816,2.803,1.166,2.966,1.595,4.372,2.188,4.606,2.175
135,237.3,237.29,237.28,237.27,237.26,237.25,237.24,237.23,237.22,237.21,237.31,237.32,237.33,237.34,237.35,237.36,237.38,237.39,237.4,237.41,1.178,0.032,0.024,0.326,12.89,44.891,4.586,12.83,4.866,16.242,0.585,5.011,12.798,1.845,13.383,12.854,0.056,0.609,2.877,2.976
136,237.1,237.09,237.08,237.07,237.06,237.05,237.04,237.03,237.02,237.01,237.11,237.12,237.13,237.14,237.15,237.16,237.17,237.18,237.19,237.2,0.024,0.032,0.024,1.032,0.024,0.801,0.633,1.524,4.998,21.071,17.265,13.2,2.882,2.938,13.358,24.222,1.112,0.295,1.032,2.136
137,237.12,237.11,237.1,237.09,237.08,237.07,237.06,237.05,237.04,237.03,237.13,237.14,237.15,237.16,237.17,237.18,237.19,237.2,237.21,237.22,0.024,0.032,0.024,0.617,14.672,58.045,12.846,0.649,2.488,3.102,5.111,12.774,1.55,13.951,1.508,0.586,0.468,0.424,4.21,1.227
138,237.09,237.07,237.05,237.04,237.03,237.02,237.01,237,236.99,236.98,237.1,237.11,237.12,237.13,237.14,237.15,237.16,237.17,237.18,237.19,1.585,0.032,1.058,3.436,0.357,0.876,3.914,3.048,5.565,12.415,4.583,1.184,1.177,1.37,2.227,0.357,2.936,0.056,2.245,2.013
139,237.42,237.4,237.39,237.38,237.37,237.36,237.35,237.34,237.33,237.32,237.43,237.44,237.45,237.46,237.47,237.48,237.49,237.5,237.51,237.52,0.024,0.024,1.646,0.348,8.886,33.585,13.415,3.725,16.599,16.642,8.017,11.174,4.786,3.618,12.273,0.602,24.55,22.845,0.056,0.348
140,237.58,237.57,237.56,237.55,237.54,237.53,237.52,237.51,237.5,237.49,237.59,237.6,237.61,237.62,237.63,237.64,237.65,237.66,237.67,237.68,0.939,0.032,0.609,3.699,12.165,13.244,46.225,24.43,16.189,13.736,12.839,1.056,12.221,1.901,1.75,2.027,2.434,26.131,0.356,0.734
141,237.51,237.5,237.49,237.48,237.47,237.46,237.45,237.44,237.43,237.42,237.52,237.53,237.55,237.56,237.57,237.58,237.59,237.6,237.61,237.62,1,1.148,0.032,2.917,7.733,2.311,0.617,6.943,20.557,36.111,2.24,4.458,5.314,0.935,0.032,0.812,0.617,0.424,3.624,10.741
