timestamp,bid_price_0,bid_price_1,bid_price_2,bid_price_3,bid_price_4,bid_price_5,bid_price_6,bid_price_7,bid_price_8,bid_price_9,ask_price_0,ask_price_1,ask_price_2,ask_price_3,ask_price_4,ask_price_5,ask_price_6,ask_price_7,ask_price_8,ask_price_9,bid_size_0,bid_size_1,bid_size_2,bid_size_3,bid_size_4,bid_size_5,bid_size_6,bid_size_7,bid_size_8,bid_size_9,ask_size_0,ask_size_1,ask_size_2,ask_size_3,ask_size_4,ask_size_5,ask_size_6,ask_size_7,ask_size_8,ask_size_9
0,0.03959,0.03958,0.03957,0.03956,0.03955,0.03954,0.03953,0.03952,0.03951,0.0395,0.0396,0.03961,0.03962,0.03963,0.03964,0.03965,0.03966,0.03967,0.03968,0.03969,2700,6189,16817,43483,80991,119379,82805,33188,50118,107352,2953,13527,54021,96605,33627,38565,61254,118136,34847,15851
1,0.03959,0.03958,0.03957,0.03956,0.03955,0.03954,0.03953,0.03952,0.03951,0.0395,0.0396,0.03961,0.03962,0.03963,0.03964,0.03965,0.03966,0.03967,0.03968,0.03969,5859,9164,20049,61296,78982,108448,92515,9194,90670,107352,1635,13075,51399,101097,44163,38565,59292,137101,42575,41052
2,0.03957,0.03956,0.03955,0.03954,0.03953,0.03952,0.03951,0.0395,0.03949,0.03948,0.03958,0.03959,0.0396,0.03961,0.03962,0.03963,0.03964,0.03965,0.03966,0.03967,253,6368,38355,115122,91278,43329,33713,145168,96602,35997,5594,26565,41592,39961,35270,124266,59409,44659,93809,113281
3,0.03954,0.03953,0.03952,0.03951,0.0395,0.03949,0.03948,0.03947,0.03946,0.03945,0.03955,0.03956,0.03957,0.03958,0.03959,0.0396,0.03961,0.03962,0.03963,0.03964,2954,21506,10647,39884,166879,131145,29318,21264,168229,15852,2826,15039,24249,37606,109128,71914,43684,32745,122718,21603
4,0.0395,0.03949,0.03948,0.03947,0.03946,0.03945,0.03944,0.03943,0.03942,0.03941,0.03951,0.03952,0.03953,0.03954,0.03955,0.03956,0.03957,0.03958,0.03959,0.0396,7133,8548,24731,90522,161053,80898,15824,62589,145562,41227,5461,11995,26237,55167,106938,68220,28490,44367,129019,38883
5,0.0395,0.03949,0.03948,0.03947,0.03946,0.03945,0.03944,0.03943,0.03942,0.03941,0.03951,0.03952,0.03953,0.03954,0.03955,0.03956,0.03957,0.03958,0.03959,0.0396,3758,9827,14994,48464,158348,96371,24178,36822,165199,72475,12424,11995,27504,46327,115798,78333,25890,44367,124194,38883
6,0.03952,0.03951,0.0395,0.03949,0.03948,0.03947,0.03946,0.03945,0.03944,0.03943,0.03953,0.03954,0.03955,0.03956,0.03957,0.03958,0.03959,0.0396,0.03961,0.03962,2700,5967,98097,61409,37500,83578,153672,55569,27248,68210,5194,20984,22805,19963,28492,56691,156871,40737,44889,3143
7,0.03953,0.03952,0.03951,0.0395,0.03949,0.03948,0.03947,0.03946,0.03945,0.03944,0.03954,0.03955,0.03956,0.03957,0.03958,0.03959,0.0396,0.03961,0.03962,0.03963,254,9074,33177,126043,79577,41270,64602,142747,65470,22160,5890,27181,35757,22013,39150,129130,56667,33421,63084,108952
8,0.03947,0.03946,0.03945,0.03944,0.03943,0.03942,0.03941,0.0394,0.03939,0.03938,0.03948,0.03949,0.0395,0.03951,0.03952,0.03953,0.03954,0.03955,0.03956,0.03957,8440,8024,6405,37560,125071,72199,82666,220277,33344,100856,254,13172,53460,98513,32303,36160,87940,117339,54157,15851
9,0.03946,0.03945,0.03944,0.03943,0.03942,0.03941,0.0394,0.03939,0.03938,0.03937,0.03947,0.03948,0.03949,0.0395,0.03951,0.03952,0.03953,0.03954,0.03955,0.03956,2261,13773,61594,98843,44174,68669,125355,20609,102878,40920,2700,9811,24771,38801,92932,22073,64404,76335,124510,41512
10,0.03945,0.03944,0.03943,0.03942,0.03941,0.0394,0.03939,0.03938,0.03937,0.03936,0.03946,0.03947,0.03948,0.03949,0.0395,0.03951,0.03952,0.03953,0.03954,0.03955,3248,9225,36189,131942,66856,66373,54227,140309,33346,28552,6480,18132,18523,32671,55330,90380,15242,67086,78284,121966
11,0.03946,0.03945,0.03944,0.03943,0.03942,0.03941,0.0394,0.03939,0.03938,0.03937,0.03947,0.03948,0.03949,0.0395,0.03951,0.03952,0.03953,0.03954,0.03955,0.03956,7064,9141,35339,138228,89686,42033,46994,52944,165323,34904,2264,7526,23725,31308,102315,33493,44093,74372,128760,48488
12,0.03946,0.03945,0.03944,0.03943,0.03942,0.03941,0.0394,0.03939,0.03938,0.03937,0.03947,0.03948,0.03949,0.0395,0.03951,0.03952,0.03953,0.03954,0.03955,0.03956,7064,11226,45570,135393,86686,27048,51627,67757,133349,34904,2264,3145,11207,42069,107500,64843,54783,61724,105891,33165
13,0.0395,0.03949,0.03948,0.03947,0.03946,0.03945,0.03944,0.03943,0.03942,0.03941,0.03951,0.03952,0.03953,0.03954,0.03955,0.03956,0.03957,0.03958,0.03959,0.0396,2700,13671,32464,92800,56315,18384,29170,111166,145361,33424,5041,34880,42241,47042,126327,73384,37034,42401,97737,22091
14,0.03957,0.03956,0.03955,0.03954,0.03953,0.03952,0.03951,0.0395,0.03949,0.03948,0.03958,0.03959,0.0396,0.03961,0.03962,0.03963,0.03964,0.03965,0.03966,0.03967,6443,6884,36086,89253,44717,102131,64976,105056,97247,156262,253,3333,16477,33775,82429,127444,21086,39748,23474,140946
15,0.03956,0.03955,0.03954,0.03953,0.03952,0.03951,0.0395,0.03949,0.03948,0.03947,0.03958,0.03959,0.0396,0.03961,0.03962,0.03963,0.03964,0.03965,0.03966,0.03967,2953,5044,11702,13986,31765,40823,113215,93020,62225,52711,36854,56097,29767,31381,95051,95484,35671,29143,68316,103118
16,0.03955,0.03954,0.03953,0.03952,0.03951,0.0395,0.03949,0.03948,0.03947,0.03946,0.03957,0.03958,0.03959,0.0396,0.03961,0.03962,0.03963,0.03964,0.03965,0.03966,6104,6648,11338,16816,42471,127904,129630,101465,68758,264292,50928,133290,40100,23465,37578,95051,104251,33702,24277,76738
17,0.03964,0.03963,0.03962,0.03961,0.0396,0.03959,0.03958,0.03957,0.03956,0.03955,0.03965,0.03966,0.03967,0.03968,0.03969,0.0397,0.03971,0.03972,0.03973,0.03974,4271,6504,12544,21145,72443,168166,119712,41694,120804,20643,947,54583,137049,26549,41196,41368,165255,32731,62547,18716
18,0.03962,0.03961,0.0396,0.03959,0.03958,0.03957,0.03956,0.03955,0.03954,0.03953,0.03963,0.03964,0.03965,0.03966,0.03967,0.03968,0.03969,0.0397,0.03971,0.03972,5664,6764,19952,57959,91667,50530,144886,72094,87581,127748,253,24462,59808,55805,133541,57909,44885,41368,123468,40909
19,0.03957,0.03956,0.03955,0.03954,0.03953,0.03952,0.03951,0.0395,0.03949,0.03948,0.03959,0.0396,0.03961,0.03962,0.03963,0.03964,0.03965,0.03966,0.03967,0.03968,5454,6938,31733,108540,59370,19680,100805,142182,90447,3144,13175,20024,61341,90532,65409,51327,46527,67658,175555,150449
20,0.03961,0.0396,0.03959,0.03958,0.03957,0.03956,0.03955,0.03954,0.03953,0.03952,0.03962,0.03963,0.03964,0.03965,0.03966,0.03967,0.03968,0.03969,0.0397,0.03971,5424,13732,74558,130742,52313,25416,58711,154408,51718,28880,253,6869,15868,37663,60334,129507,48924,87707,29827,86485
21,0.03967,0.03966,0.03965,0.03964,0.03963,0.03962,0.03961,0.0396,0.03959,0.03958,0.03968,0.03969,0.0397,0.03971,0.03972,0.03973,0.03974,0.03975,0.03976,0.03977,4082,6933,26778,68215,71659,135661,91772,19911,39185,126126,6363,7068,38997,86485,29562,73369,75373,137379,76234,102123
22,0.0397,0.03969,0.03968,0.03967,0.03966,0.03965,0.03964,0.03963,0.03962,0.03961,0.03972,0.03973,0.03974,0.03975,0.03976,0.03977,0.03978,0.03979,0.0398,0.03981,149742,10392,32682,65861,83436,41210,91061,81768,88996,23095,14793,27374,49542,107950,40130,82555,61195,96502,53567,28460
23,0.03973,0.03972,0.03971,0.0397,0.03969,0.03968,0.03967,0.03966,0.03965,0.03964,0.03974,0.03975,0.03976,0.03977,0.03978,0.03979,0.0398,0.03981,0.03982,0.03983,2952,13159,36727,125186,48616,77801,31920,89889,31296,71609,2526,10969,14781,32551,64204,96024,44468,42372,59286,103622
24,0.0398,0.03979,0.03978,0.03977,0.03976,0.03975,0.03974,0.03973,0.03972,0.03971,0.03982,0.03983,0.03984,0.03985,0.03986,0.03987,0.03988,0.03989,0.0399,0.03991,5481,29997,92004,50556,35098,51581,157685,55297,67316,34588,2544,16455,37530,26460,28167,72626,135343,46356,29327,15867
25,0.03982,0.03981,0.0398,0.03979,0.03978,0.03977,0.03976,0.03975,0.03974,0.03973,0.03984,0.03985,0.03986,0.03987,0.03988,0.03989,0.0399,0.03991,0.03992,0.03993,5132,7355,13283,36694,138718,48179,59569,38021,157088,27063,5691,12449,25654,43755,43983,131539,59065,10132,47986,132388
26,0.03983,0.03982,0.03981,0.0398,0.03979,0.03978,0.03977,0.03976,0.03975,0.03974,0.03984,0.03985,0.03986,0.03987,0.03988,0.03989,0.0399,0.03991,0.03992,0.03993,252,5573,11317,15696,53377,156644,63403,52737,71237,116275,11475,11998,21563,21483,103898,90604,25770,48587,66255,119863
27,0.03977,0.03976,0.03975,0.03974,0.03973,0.03972,0.03971,0.0397,0.03969,0.03968,0.03978,0.03979,0.0398,0.03981,0.03982,0.03983,0.03984,0.03985,0.03986,0.03987,5462,14606,64102,92138,18290,42452,87000,185783,19505,53458,4822,5282,5136,12685,25948,58619,130038,64471,43973,39048
28,0.03976,0.03975,0.03974,0.03973,0.03972,0.03971,0.0397,0.03969,0.03968,0.03967,0.03977,0.03978,0.03979,0.0398,0.03981,0.03982,0.03983,0.03984,0.03985,0.03986,252,7510,107455,79937,58934,42209,171284,43297,59841,27196,6874,6362,19209,17654,12685,44555,68202,115592,58271,36481
29,0.03972,0.03971,0.0397,0.03969,0.03968,0.03967,0.03966,0.03965,0.03964,0.03963,0.03973,0.03974,0.03975,0.03976,0.03977,0.03978,0.03979,0.0398,0.03981,0.03982,253,68869,106861,16566,43496,9818,88996,59942,42266,21841,5257,5845,7296,18600,12046,20095,29816,100096,19177,43784
30,0.03971,0.0397,0.03969,0.03968,0.03967,0.03966,0.03965,0.03964,0.03963,0.03962,0.03973,0.03974,0.03975,0.03976,0.03977,0.03978,0.03979,0.0398,0.03981,0.03982,6304,83210,62137,90030,23447,130403,71521,68484,47073,89521,3061,5845,16611,25640,38893,54800,42384,100096,13801,36493
31,0.03969,0.03968,0.03967,0.03966,0.03965,0.03964,0.03963,0.03962,0.03961,0.0396,0.0397,0.03971,0.03972,0.03973,0.03974,0.03975,0.03976,0.03977,0.03978,0.03979,3049,6844,34442,111075,45703,72582,40167,108450,58150,67543,2045,7324,12597,10676,27299,52591,96034,38517,44232,60186
32,0.03964,0.03963,0.03962,0.03961,0.0396,0.03959,0.03958,0.03957,0.03956,0.03955,0.03965,0.03966,0.03967,0.03968,0.03969,0.0397,0.03971,0.03972,0.03973,0.03974,253,8496,77003,27195,92689,55649,152218,34913,28419,53237,8140,6567,22321,45114,37173,33122,42177,115613,28044,21407
33,0.03959,0.03958,0.03957,0.03956,0.03955,0.03954,0.03953,0.03952,0.03951,0.0395,0.03961,0.03962,0.03963,0.03964,0.03965,0.03966,0.03967,0.03968,0.03969,0.0397,6139,10600,9988,24989,95916,161634,41088,4572,224500,118037,5318,6865,38899,97337,35552,48102,84353,118706,34730,42960
34,0.03959,0.03958,0.03957,0.03956,0.03955,0.03954,0.03953,0.03952,0.03951,0.0395,0.0396,0.03961,0.03962,0.03963,0.03964,0.03965,0.03966,0.03967,0.03968,0.03969,253,8406,6234,23365,83490,161634,85463,4572,89865,118037,3921,10579,24435,36372,99863,44129,60713,84353,118706,22236
35,0.03956,0.03955,0.03954,0.03953,0.03952,0.03951,0.0395,0.03949,0.03948,0.03947,0.03957,0.03958,0.03959,0.0396,0.03961,0.03962,0.03963,0.03964,0.03965,0.03966,2953,8225,11386,29331,77095,106272,88938,105374,72485,58609,5748,18282,38595,121069,47435,55281,97400,105762,30152,34578
36,0.03955,0.03954,0.03953,0.03952,0.03951,0.0395,0.03949,0.03948,0.03947,0.03946,0.03956,0.03957,0.03958,0.03959,0.0396,0.03961,0.03962,0.03963,0.03964,0.03965,254,9916,26882,57049,99804,77483,69065,53490,20603,123740,10503,12073,26108,42504,116807,57122,61864,108500,93146,12902
37,0.03954,0.03953,0.03952,0.03951,0.0395,0.03949,0.03948,0.03947,0.03946,0.03945,0.03955,0.03956,0.03957,0.03958,0.03959,0.0396,0.03961,0.03962,0.03963,0.03964,7550,15540,8034,38534,129031,48492,31810,28520,93410,50835,13125,12503,43421,78416,105512,178281,272066,106418,37064,136615
38,0.03956,0.03955,0.03954,0.03953,0.03952,0.03951,0.0395,0.03949,0.03948,0.03947,0.03958,0.03959,0.0396,0.03961,0.03962,0.03963,0.03964,0.03965,0.03966,0.03967,9574,11759,104544,98063,31821,42242,108738,27999,21919,151039,11017,28665,39237,66059,47718,280506,172053,10147,89273,79894
39,0.03956,0.03955,0.03954,0.03953,0.03952,0.03951,0.0395,0.03949,0.03948,0.03947,0.03957,0.03958,0.03959,0.0396,0.03961,0.03962,0.03963,0.03964,0.03965,0.03966,10060,8051,78866,70254,27107,51110,108738,27999,21919,151039,426,5781,26695,19103,62800,23034,118517,172053,10147,60264
40,0.03955,0.03954,0.03953,0.03952,0.03951,0.0395,0.03949,0.03948,0.03947,0.03946,0.03957,0.03958,0.03959,0.0396,0.03961,0.03962,0.03963,0.03964,0.03965,0.03966,9235,5531,29169,36698,46734,76278,26680,33021,164492,95955,9415,8899,68415,197065,93715,113579,258672,102002,48810,59085
41,0.0395,0.03949,0.03948,0.03947,0.03946,0.03945,0.03944,0.03943,0.03942,0.03941,0.03951,0.03952,0.03953,0.03954,0.03955,0.03956,0.03957,0.03958,0.03959,0.0396,14035,10781,21198,49430,130640,44357,24382,33402,111247,3335,519,17562,51840,49572,69133,185236,226324,79411,118759,126048
42,0.0395,0.03949,0.03948,0.03947,0.03946,0.03945,0.03944,0.03943,0.03942,0.03941,0.03951,0.03952,0.03953,0.03954,0.03955,0.03956,0.03957,0.03958,0.03959,0.0396,3827,6731,21295,25800,80670,23845,51296,50743,90725,3335,7813,14076,34112,27973,67440,162824,97287,79555,194316,132529
43,0.03951,0.0395,0.03949,0.03948,0.03947,0.03946,0.03945,0.03944,0.03943,0.03942,0.03952,0.03953,0.03954,0.03955,0.03956,0.03957,0.03958,0.03959,0.0396,0.03961,2777,11949,8202,15437,56123,129928,49635,32537,28534,101771,2954,3588,16165,68859,143646,93141,104310,209327,166330,84316
44,0.03957,0.03956,0.03955,0.03954,0.03953,0.03952,0.03951,0.0395,0.03949,0.03948,0.03958,0.03959,0.0396,0.03961,0.03962,0.03963,0.03964,0.03965,0.03966,0.03967,3799,4040,37606,87263,45424,54247,59226,73779,39616,8008,6623,12269,31507,65260,104388,87449,201243,153986,61649,79662
45,0.03953,0.03952,0.03951,0.0395,0.03949,0.03948,0.03947,0.03946,0.03945,0.03944,0.03954,0.03955,0.03956,0.03957,0.03958,0.03959,0.0396,0.03961,0.03962,0.03963,254,9670,32694,79265,38896,28864,35389,132337,26954,28496,5746,61911,65739,49085,45909,95822,126710,47651,62101,58723
46,0.03952,0.03951,0.0395,0.03949,0.03948,0.03947,0.03946,0.03945,0.03944,0.03943,0.03953,0.03954,0.03955,0.03956,0.03957,0.03958,0.03959,0.0396,0.03961,0.03962,123,7202,4286,28406,19990,52857,126081,59616,8008,41215,5746,26275,89182,172929,52894,83387,228359,126422,64966,67344
47,0.03953,0.03952,0.03951,0.0395,0.03949,0.03948,0.03947,0.03946,0.03945,0.03944,0.03954,0.03955,0.03956,0.03957,0.03958,0.03959,0.0396,0.03961,0.03962,0.03963,9637,10443,50284,143888,23448,31558,48299,244979,20651,48105,254,9534,25851,18253,67977,113809,149140,111377,176935,84573
48,0.03955,0.03954,0.03953,0.03952,0.03951,0.0395,0.03949,0.03948,0.03947,0.03946,0.03956,0.03957,0.03958,0.03959,0.0396,0.03961,0.03962,0.03963,0.03964,0.03965,254,5186,13499,27719,62273,104339,25803,71362,20618,102295,5236,68753,94238,97682,140183,185227,107606,102980,124681,14435
49,0.03957,0.03956,0.03955,0.03954,0.03953,0.03952,0.03951,0.0395,0.03949,0.03948,0.03958,0.03959,0.0396,0.03961,0.03962,0.03963,0.03964,0.03965,0.03966,0.03967,11252,13622,50992,102101,40770,30569,57273,96895,46643,26911,253,3143,19096,28877,143735,113998,96495,84226,211800,67144
50,0.03957,0.03956,0.03955,0.03954,0.03953,0.03952,0.03951,0.0395,0.03949,0.03948,0.03958,0.03959,0.0396,0.03961,0.03962,0.03963,0.03964,0.03965,0.03966,0.03967,4888,16154,47859,104383,43342,26813,41551,89138,37631,26911,253,14192,41592,96490,79865,74535,144651,39316,72506,42479
51,0.03956,0.03955,0.03954,0.03953,0.03952,0.03951,0.0395,0.03949,0.03948,0.03947,0.03957,0.03958,0.03959,0.0396,0.03961,0.03962,0.03963,0.03964,0.03965,0.03966,2633,33666,108123,38249,33632,32848,89138,37631,26911,151135,2700,23084,23339,42403,103776,136631,85326,221020,33373,62306
52,0.0396,0.03959,0.03958,0.03957,0.03956,0.03955,0.03954,0.03953,0.03952,0.03951,0.03962,0.03963,0.03964,0.03965,0.03966,0.03967,0.03968,0.03969,0.0397,0.03971,7705,44477,105505,22853,49665,56770,76479,44483,20138,190194,6311,25280,33358,75247,70433,158906,145468,32057,93129,175185
53,0.03953,0.03952,0.03951,0.0395,0.03949,0.03948,0.03947,0.03946,0.03945,0.03944,0.03954,0.03955,0.03956,0.03957,0.03958,0.03959,0.0396,0.03961,0.03962,0.03963,1541,8217,43144,98574,18378,17977,75467,110422,41201,29091,5887,20860,59399,9328,51644,71217,102813,51319,66381,63416
54,0.03955,0.03954,0.03953,0.03952,0.03951,0.0395,0.03949,0.03948,0.03947,0.03946,0.03956,0.03957,0.03958,0.03959,0.0396,0.03961,0.03962,0.03963,0.03964,0.03965,4515,8361,26607,26505,36138,95569,42616,35556,37639,241074,2953,7065,6875,53025,160521,19171,68460,32844,131388,28558
55,0.03954,0.03953,0.03952,0.03951,0.0395,0.03949,0.03948,0.03947,0.03946,0.03945,0.03955,0.03956,0.03957,0.03958,0.03959,0.0396,0.03961,0.03962,0.03963,0.03964,4572,9622,26386,75235,98424,21496,45052,47845,129319,41201,254,5304,7065,21596,118381,140410,54746,121506,200252,147641
56,0.03954,0.03953,0.03952,0.03951,0.0395,0.03949,0.03948,0.03947,0.03946,0.03945,0.03955,0.03956,0.03957,0.03958,0.03959,0.0396,0.03961,0.03962,0.03963,0.03964,4864,7080,29001,56572,85657,22363,47517,50833,124601,41200,2700,8148,12659,41180,172516,99792,94986,229053,49759,141074
57,0.03947,0.03946,0.03945,0.03944,0.03943,0.03942,0.03941,0.0394,0.03939,0.03938,0.03948,0.03949,0.0395,0.03951,0.03952,0.03953,0.03954,0.03955,0.03956,0.03957,10079,25813,23838,16665,42086,89774,71593,168773,19218,106342,254,5379,32619,111346,140850,158205,119710,197722,59373,20241
58,0.03948,0.03947,0.03946,0.03945,0.03944,0.03943,0.03942,0.03941,0.0394,0.03939,0.0395,0.03951,0.03952,0.03953,0.03954,0.03955,0.03956,0.03957,0.03958,0.03959,7153,34763,121687,40848,17975,61056,74780,29534,33525,39823,18800,21149,13151,32426,99791,198772,64007,199703,90559,66706
59,0.03944,0.03943,0.03942,0.03941,0.0394,0.03939,0.03938,0.03937,0.03936,0.03935,0.03945,0.03946,0.03947,0.03948,0.03949,0.0395,0.03951,0.03952,0.03953,0.03954,254,6499,9792,22959,45433,29126,128229,37483,30099,41267,6713,12299,24439,61175,107039,32428,114682,152603,161664,69490
60,0.03945,0.03944,0.03943,0.03942,0.03941,0.0394,0.03939,0.03938,0.03937,0.03936,0.03946,0.03947,0.03948,0.03949,0.0395,0.03951,0.03952,0.03953,0.03954,0.03955,6314,9221,47872,137142,27626,27121,39717,117589,19228,151095,1270,6421,37169,99151,51430,173132,300502,46980,49294,101959
61,0.03947,0.03946,0.03945,0.03944,0.03943,0.03942,0.03941,0.0394,0.03939,0.03938,0.03948,0.03949,0.0395,0.03951,0.03952,0.03953,0.03954,0.03955,0.03956,0.03957,9049,102560,44474,28001,61236,133011,8890,55455,8121,104390,254,2824,10066,15423,56378,91618,126553,124936,60324,96336
62,0.03949,0.03948,0.03947,0.03946,0.03945,0.03944,0.03943,0.03942,0.03941,0.0394,0.0395,0.03951,0.03952,0.03953,0.03954,0.03955,0.03956,0.03957,0.03958,0.03959,11027,25003,51466,103622,59824,28341,19734,87298,36962,181771,3229,5986,13249,26692,54046,149444,122663,45840,45227,61855
63,0.03947,0.03946,0.03945,0.03944,0.03943,0.03942,0.03941,0.0394,0.03939,0.03938,0.03948,0.03949,0.0395,0.03951,0.03952,0.03953,0.03954,0.03955,0.03956,0.03957,5824,9302,17929,49075,55299,96594,31143,46424,177919,99994,2700,6915,24371,63756,61631,33797,69224,136847,98172,52833
64,0.03948,0.03947,0.03946,0.03945,0.03944,0.03943,0.03942,0.03941,0.0394,0.03939,0.03949,0.0395,0.03951,0.03952,0.03953,0.03954,0.03955,0.03956,0.03957,0.03958,5644,34128,113180,44583,26335,34462,116822,169951,54356,22375,254,5226,23749,43982,33650,172337,194756,202121,38219,66440
65,0.03946,0.03945,0.03944,0.03943,0.03942,0.03941,0.0394,0.03939,0.03938,0.03937,0.03947,0.03948,0.03949,0.0395,0.03951,0.03952,0.03953,0.03954,0.03955,0.03956,2548,8587,33928,48049,104486,16447,52792,20775,87299,28733,5577,9234,24397,31516,66023,146903,78940,190573,100354,130252
66,0.03943,0.03942,0.03941,0.0394,0.03939,0.03938,0.03937,0.03936,0.03935,0.03934,0.03944,0.03945,0.03946,0.03947,0.03948,0.03949,0.0395,0.03951,0.03952,0.03953,5421,99691,36288,41421,38542,103217,31057,43900,20682,101897,3411,6840,10433,46359,153975,51091,44092,74818,141843,16820
67,0.03945,0.03944,0.03943,0.03942,0.03941,0.0394,0.03939,0.03938,0.03937,0.03936,0.03946,0.03947,0.03948,0.03949,0.0395,0.03951,0.03952,0.03953,0.03954,0.03955,5947,13761,54964,117096,32704,44175,27671,99996,8210,14247,1270,6289,11940,22052,53234,106536,120135,57484,57464,55231
68,0.03943,0.03942,0.03941,0.0394,0.03939,0.03938,0.03937,0.03936,0.03935,0.03934,0.03944,0.03945,0.03946,0.03947,0.03948,0.03949,0.0395,0.03951,0.03952,0.03953,9569,9111,28277,63670,50656,107175,28194,169000,46125,101901,2954,11269,56622,100481,93634,93160,254364,88116,100612,29975
69,0.03942,0.03941,0.0394,0.03939,0.03938,0.03937,0.03936,0.03935,0.03934,0.03933,0.03943,0.03944,0.03945,0.03946,0.03947,0.03948,0.03949,0.0395,0.03951,0.03952,1255,8568,26720,49966,112199,28194,47938,50323,80879,42801,5762,5628,30377,100982,132873,139642,238272,50403,67764,101374
70,0.03945,0.03944,0.03943,0.03942,0.03941,0.0394,0.03939,0.03938,0.03937,0.03936,0.03946,0.03947,0.03948,0.03949,0.0395,0.03951,0.03952,0.03953,0.03954,0.03955,5319,8833,40444,118359,44636,60267,21825,91684,46085,157689,254,5285,21894,48697,21461,81120,194588,48421,61072,47658
71,0.03947,0.03946,0.03945,0.03944,0.03943,0.03942,0.03941,0.0394,0.03939,0.03938,0.03948,0.03949,0.0395,0.03951,0.03952,0.03953,0.03954,0.03955,0.03956,0.03957,254,6663,31026,52452,31988,95705,32186,67034,28725,87299,7983,33681,90128,83369,155237,213164,90721,98412,102179,60489
72,0.0394,0.03939,0.03938,0.03937,0.03936,0.03935,0.03934,0.03933,0.03932,0.03931,0.03941,0.03942,0.03943,0.03944,0.03945,0.03946,0.03947,0.03948,0.03949,0.0395,4797,49660,100374,37335,16059,33007,115501,52559,22264,170456,254,5608,10793,10344,47701,61836,57846,150503,68509,43633
73,0.0394,0.03939,0.03938,0.03937,0.03936,0.03935,0.03934,0.03933,0.03932,0.03931,0.03942,0.03943,0.03944,0.03945,0.03946,0.03947,0.03948,0.03949,0.0395,0.03951,5926,31733,99679,30634,13172,47998,119107,26616,29081,176821,6409,8431,22100,56976,84134,66161,147672,182168,81987,66676
74,0.0394,0.03939,0.03938,0.03937,0.03936,0.03935,0.03934,0.03933,0.03932,0.03931,0.03941,0.03942,0.03943,0.03944,0.03945,0.03946,0.03947,0.03948,0.03949,0.0395,1528,29357,80244,40364,44269,38983,89191,56282,24287,175201,5608,10418,12339,23798,70355,127196,67488,107948,66431,84766
75,0.03936,0.03935,0.03934,0.03933,0.03932,0.03931,0.0393,0.03929,0.03928,0.03927,0.03937,0.03938,0.03939,0.0394,0.03941,0.03942,0.03943,0.03944,0.03945,0.03946,3201,28525,89175,47373,18207,63869,119996,52089,18209,105780,1511,5790,11449,15612,60221,77290,106329,129814,154910,62165
76,0.03935,0.03934,0.03933,0.03932,0.03931,0.0393,0.03929,0.03928,0.03927,0.03926,0.03936,0.03937,0.03938,0.03939,0.0394,0.03941,0.03942,0.03943,0.03944,0.03945,10101,88933,28764,24291,86783,109368,34518,41949,235244,87583,255,637,10488,18895,55569,67999,43359,83756,134320,34483
77,0.03935,0.03934,0.03933,0.03932,0.03931,0.0393,0.03929,0.03928,0.03927,0.03926,0.03936,0.03937,0.03938,0.03939,0.0394,0.03941,0.03942,0.03943,0.03944,0.03945,255,92300,38163,18750,71265,95238,20215,38131,235244,101954,6516,11131,31216,52336,108792,84802,74337,49020,116294,63966
78,0.0394,0.03939,0.03938,0.03937,0.03936,0.03935,0.03934,0.03933,0.03932,0.03931,0.03941,0.03942,0.03943,0.03944,0.03945,0.03946,0.03947,0.03948,0.03949,0.0395,19301,18370,32431,30793,15720,61093,136569,40120,9944,168800,2955,5266,13445,43591,73831,52751,54854,140501,35322,95274
79,0.03945,0.03944,0.03943,0.03942,0.03941,0.0394,0.03939,0.03938,0.03937,0.03936,0.03946,0.03947,0.03948,0.03949,0.0395,0.03951,0.03952,0.03953,0.03954,0.03955,1831,12835,50087,114934,41227,29116,41791,212317,58300,3146,134847,3336,26713,68385,28503,69833,167135,82453,68740,31130
80,0.0394,0.03939,0.03938,0.03937,0.03936,0.03935,0.03934,0.03933,0.03932,0.03931,0.03942,0.03943,0.03944,0.03945,0.03946,0.03947,0.03948,0.03949,0.0395,0.03951,5469,33053,91440,19125,27125,46675,100220,44141,23247,51912,15084,36239,33997,51776,94088,56212,120809,29518,21466,52385
81,0.03937,0.03936,0.03935,0.03934,0.03933,0.03932,0.03931,0.0393,0.03929,0.03928,0.03939,0.0394,0.03941,0.03942,0.03943,0.03944,0.03945,0.03946,0.03947,0.03948,23104,30574,61102,86688,52779,59318,156346,102069,29781,67434,7613,18367,41973,5656,51795,190512,51709,51724,116210,98507
82,0.03937,0.03936,0.03935,0.03934,0.03933,0.03932,0.03931,0.0393,0.03929,0.03928,0.03938,0.03939,0.0394,0.03941,0.03942,0.03943,0.03944,0.03945,0.03946,0.03947,2700,17834,42109,112114,34461,25543,67894,76625,34660,71252,2513,3829,23384,39126,36105,60440,191556,37273,72675,109405
83,0.03934,0.03933,0.03932,0.03931,0.0393,0.03929,0.03928,0.03927,0.03926,0.03925,0.03936,0.03937,0.03938,0.03939,0.0394,0.03941,0.03942,0.03943,0.03944,0.03945,19250,47602,29907,62803,93080,40697,56914,215938,102479,57879,6645,5490,21175,60213,92114,29986,72824,59034,126939,31156
84,0.03937,0.03936,0.03935,0.03934,0.03933,0.03932,0.03931,0.0393,0.03929,0.03928,0.03939,0.0394,0.03941,0.03942,0.03943,0.03944,0.03945,0.03946,0.03947,0.03948,30070,29020,97769,34431,50786,14801,39732,82253,28159,77614,7185,13894,35698,40188,58346,121021,18920,66965,72494,114670
85,0.03937,0.03936,0.03935,0.03934,0.03933,0.03932,0.03931,0.0393,0.03929,0.03928,0.03938,0.03939,0.0394,0.03941,0.03942,0.03943,0.03944,0.03945,0.03946,0.03947,8534,34945,113076,26133,30331,17340,39732,110334,32554,77614,1511,7567,18974,41620,37718,55805,141435,41493,66965,72494
86,0.03936,0.03935,0.03934,0.03933,0.03932,0.03931,0.0393,0.03929,0.03928,0.03927,0.03937,0.03938,0.03939,0.0394,0.03941,0.03942,0.03943,0.03944,0.03945,0.03946,5963,29451,88913,44591,13689,44961,111560,38447,73801,97379,5742,4310,35674,97572,70475,36376,68488,126057,38395,52353
87,0.03933,0.03932,0.03931,0.0393,0.03929,0.03928,0.03927,0.03926,0.03925,0.03924,0.03935,0.03936,0.03937,0.03938,0.03939,0.0394,0.03941,0.03942,0.03943,0.03944,13100,24417,65210,98926,22172,50693,125776,101950,57883,13788,5847,6378,26524,64503,60181,113434,45584,62915,70461,110884
88,0.03932,0.03931,0.0393,0.03929,0.03928,0.03927,0.03926,0.03925,0.03924,0.03923,0.03933,0.03934,0.03935,0.03936,0.03937,0.03938,0.03939,0.0394,0.03941,0.03942,10434,53202,77846,21742,38579,117126,81251,15855,55821,41347,1256,3753,11426,10888,36431,17356,65452,122180,49453,33463
89,0.03936,0.03935,0.03934,0.03933,0.03932,0.03931,0.0393,0.03929,0.03928,0.03927,0.03937,0.03938,0.03939,0.0394,0.03941,0.03942,0.03943,0.03944,0.03945,0.03946,4478,27825,30573,23457,44914,48925,117188,23263,24384,93045,446,3278,28853,103132,44972,43266,50846,131020,23206,50269
90,0.03934,0.03933,0.03932,0.03931,0.0393,0.03929,0.03928,0.03927,0.03926,0.03925,0.03936,0.03937,0.03938,0.03939,0.0394,0.03941,0.03942,0.03943,0.03944,0.03945,18984,34910,29447,47687,101866,31057,69471,216112,118496,49830,5717,6680,30285,73271,104616,41812,29867,112735,137712,41671
91,0.03933,0.03932,0.03931,0.0393,0.03929,0.03928,0.03927,0.03926,0.03925,0.03924,0.03934,0.03935,0.03936,0.03937,0.03938,0.03939,0.0394,0.03941,0.03942,0.03943,2955,12633,49319,137999,18825,22114,97830,239979,75311,45184,1927,7069,11165,8826,40101,145254,116804,46506,46723,55664
92,0.0393,0.03929,0.03928,0.03927,0.03926,0.03925,0.03924,0.03923,0.03922,0.03921,0.03931,0.03932,0.03933,0.03934,0.03935,0.03936,0.03937,0.03938,0.03939,0.0394,4494,13889,61802,80312,92582,53255,33158,24506,106405,41362,4279,7962,12328,40712,125215,76130,15855,47981,114396,99977
93,0.03926,0.03925,0.03924,0.03923,0.03922,0.03921,0.0392,0.03919,0.03918,0.03917,0.03928,0.03929,0.0393,0.03931,0.03932,0.03933,0.03934,0.03935,0.03936,0.03937,11915,17464,32082,53498,80245,41413,32212,185944,93058,23313,5627,5617,38216,99791,63670,46304,70180,132774,14285,39660
94,0.03925,0.03924,0.03923,0.03922,0.03921,0.0392,0.03919,0.03918,0.03917,0.03916,0.03926,0.03927,0.03928,0.03929,0.0393,0.03931,0.03932,0.03933,0.03934,0.03935,255,6023,28808,97617,23510,18300,42867,96459,23635,32250,5133,16683,40526,73380,34284,119606,95354,66356,66390,134323
95,0.03932,0.03931,0.0393,0.03929,0.03928,0.03927,0.03926,0.03925,0.03924,0.03923,0.03933,0.03934,0.03935,0.03936,0.03937,0.03938,0.03939,0.0394,0.03941,0.03942,7171,6253,18602,30340,44449,73369,102719,34407,20729,156217,446,5375,21628,101839,77306,52087,92286,104874,59047,79095
96,0.03935,0.03934,0.03933,0.03932,0.03931,0.0393,0.03929,0.03928,0.03927,0.03926,0.03936,0.03937,0.03938,0.03939,0.0394,0.03941,0.03942,0.03943,0.03944,0.03945,2492,8440,18330,34347,49443,89204,16691,19422,189634,113051,5007,19422,41017,49085,128574,124347,40372,115090,87184,39414
97,0.03939,0.03938,0.03937,0.03936,0.03935,0.03934,0.03933,0.03932,0.03931,0.0393,0.0394,0.03941,0.03942,0.03943,0.03944,0.03945,0.03946,0.03947,0.03948,0.03949,4761,24047,29567,23986,44325,92080,168778,50467,31820,93164,255,6022,41826,89607,168142,25573,42472,138233,113311,55426
98,0.03942,0.03941,0.0394,0.03939,0.03938,0.03937,0.03936,0.03935,0.03934,0.03933,0.03943,0.03944,0.03945,0.03946,0.03947,0.03948,0.03949,0.0395,0.03951,0.03952,747,6287,20113,39579,99140,18855,26952,37798,86491,75397,6787,65866,88335,103210,103988,105909,57533,62450,67691,114957
99,0.03943,0.03942,0.03941,0.0394,0.03939,0.03938,0.03937,0.03936,0.03935,0.03934,0.03945,0.03946,0.03947,0.03948,0.03949,0.0395,0.03951,0.03952,0.03953,0.03954,5222,9992,20255,33600,32036,116498,40549,26952,172106,99198,5050,66812,222149,74591,54866,90272,96010,131276,21637,59112
100,0.03941,0.0394,0.03939,0.03938,0.03937,0.03936,0.03935,0.03934,0.03933,0.03932,0.03942,0.03943,0.03944,0.03945,0.03946,0.03947,0.03948,0.03949,0.0395,0.03951,254,8622,35890,94543,19600,23645,48873,94280,57143,3146,3221,25221,74062,20638,92279,188088,145189,64994,64722,97462
101,0.03941,0.0394,0.03939,0.03938,0.03937,0.03936,0.03935,0.03934,0.03933,0.03932,0.03942,0.03943,0.03944,0.03945,0.03946,0.03947,0.03948,0.03949,0.0395,0.03951,2167,5676,41943,91407,42529,18201,17259,118744,48347,157915,2954,30344,94357,45698,65561,135654,209889,65198,50361,77450
102,0.03941,0.0394,0.03939,0.03938,0.03937,0.03936,0.03935,0.03934,0.03933,0.03932,0.03942,0.03943,0.03944,0.03945,0.03946,0.03947,0.03948,0.03949,0.0395,0.03951,426,8679,36944,107011,49682,29203,3337,118744,27255,28582,2530,17434,62043,87857,41093,109841,229127,64700,43473,122689
103,0.03938,0.03937,0.03936,0.03935,0.03934,0.03933,0.03932,0.03931,0.0393,0.03929,0.03939,0.0394,0.03941,0.03942,0.03943,0.03944,0.03945,0.03946,0.03947,0.03948,4832,12062,23963,73772,98118,61880,3146,19670,89346,32288,255,25900,24626,24864,76008,193903,135359,27592,67155,131873
104,0.0394,0.03939,0.03938,0.03937,0.03936,0.03935,0.03934,0.03933,0.03932,0.03931,0.03942,0.03943,0.03944,0.03945,0.03946,0.03947,0.03948,0.03949,0.0395,0.03951,5735,8233,91238,47840,66031,52219,73781,30678,22219,71643,11675,46247,106637,72604,65373,99777,190423,79047,80069,46725
105,0.0394,0.03939,0.03938,0.03937,0.03936,0.03935,0.03934,0.03933,0.03932,0.03931,0.03941,0.03942,0.03943,0.03944,0.03945,0.03946,0.03947,0.03948,0.03949,0.0395,129,5035,8333,23055,58349,34328,109486,61932,22219,24099,5513,11832,56407,114002,79921,77955,124855,128749,126139,66122
106,0.03939,0.03938,0.03937,0.03936,0.03935,0.03934,0.03933,0.03932,0.03931,0.0393,0.0394,0.03941,0.03942,0.03943,0.03944,0.03945,0.03946,0.03947,0.03948,0.03949,4904,11626,18425,38776,59043,86491,72170,24749,175842,102073,255,3450,25050,76755,112341,86011,98344,124855,130694,81815
107,0.03941,0.0394,0.03939,0.03938,0.03937,0.03936,0.03935,0.03934,0.03933,0.03932,0.03942,0.03943,0.03944,0.03945,0.03946,0.03947,0.03948,0.03949,0.0395,0.03951,2954,6412,41103,93852,58109,23871,15855,87325,47758,28575,4730,13616,28544,41910,88019,74953,126394,121164,67987,147648
108,0.03944,0.03943,0.03942,0.03941,0.0394,0.03939,0.03938,0.03937,0.03936,0.03935,0.03946,0.03947,0.03948,0.03949,0.0395,0.03951,0.03952,0.03953,0.03954,0.03955,8552,31196,105394,29188,60904,15855,89110,54492,14997,34913,5445,12894,46985,51099,63718,106900,174240,69799,93445,15567
109,0.03945,0.03944,0.03943,0.03942,0.03941,0.0394,0.03939,0.03938,0.03937,0.03936,0.03946,0.03947,0.03948,0.03949,0.0395,0.03951,0.03952,0.03953,0.03954,0.03955,5693,13396,51691,98610,26185,53013,156381,94203,28555,39571,2700,18402,61200,53505,79727,98419,169375,56303,56065,70021
110,0.03945,0.03944,0.03943,0.03942,0.03941,0.0394,0.03939,0.03938,0.03937,0.03936,0.03946,0.03947,0.03948,0.03949,0.0395,0.03951,0.03952,0.03953,0.03954,0.03955,2700,8854,29008,99586,40118,25825,28549,120183,20725,54945,5969,39502,51559,74650,93328,98419,115362,25721,79076,68284
111,0.03945,0.03944,0.03943,0.03942,0.03941,0.0394,0.03939,0.03938,0.03937,0.03936,0.03946,0.03947,0.03948,0.03949,0.0395,0.03951,0.03952,0.03953,0.03954,0.03955,3503,11574,41111,82413,24195,38331,26710,172326,15855,28466,2900,9659,27367,35794,77344,65487,123774,87240,68184,60416
112,0.03947,0.03946,0.03945,0.03944,0.03943,0.03942,0.03941,0.0394,0.03939,0.03938,0.03948,0.03949,0.0395,0.03951,0.03952,0.03953,0.03954,0.03955,0.03956,0.03957,5099,14843,29545,33337,21480,89610,32285,38500,175215,130210,254,13532,54398,58151,125875,57948,124855,8111,130657,44980
113,0.0395,0.03949,0.03948,0.03947,0.03946,0.03945,0.03944,0.03943,0.03942,0.03941,0.03951,0.03952,0.03953,0.03954,0.03955,0.03956,0.03957,0.03958,0.03959,0.0396,4349,9836,35834,57150,87438,44787,37313,28535,75725,63823,3055,34151,96369,71307,63019,178527,28535,43518,70602,134832
114,0.03951,0.0395,0.03949,0.03948,0.03947,0.03946,0.03945,0.03944,0.03943,0.03942,0.03952,0.03953,0.03954,0.03955,0.03956,0.03957,0.03958,0.03959,0.0396,0.03961,7518,10067,37085,31420,43617,99083,51405,35415,31716,94750,13963,6275,19318,90441,162596,98231,68464,72297,149115,28588
115,0.03957,0.03956,0.03955,0.03954,0.03953,0.03952,0.03951,0.0395,0.03949,0.03948,0.03958,0.03959,0.0396,0.03961,0.03962,0.03963,0.03964,0.03965,0.03966,0.03967,9009,6265,39758,106143,26871,47935,22159,100258,180497,15751,253,5075,24212,59340,33601,107726,135013,52376,104119,56128
116,0.03955,0.03954,0.03953,0.03952,0.03951,0.0395,0.03949,0.03948,0.03947,0.03946,0.03956,0.03957,0.03958,0.03959,0.0396,0.03961,0.03962,0.03963,0.03964,0.03965,4627,12944,23900,17044,53965,123810,44280,143803,34853,100728,2700,6698,11770,40302,77531,41469,67139,164982,92351,48453
117,0.03954,0.03953,0.03952,0.03951,0.0395,0.03949,0.03948,0.03947,0.03946,0.03945,0.03956,0.03957,0.03958,0.03959,0.0396,0.03961,0.03962,0.03963,0.03964,0.03965,2029,14061,30220,40476,86781,55931,8691,66767,100728,15853,4698,5116,44667,148879,90300,59331,62015,107144,117558,40341
118,0.0395,0.03949,0.03948,0.03947,0.03946,0.03945,0.03944,0.03943,0.03942,0.03941,0.03951,0.03952,0.03953,0.03954,0.03955,0.03956,0.03957,0.03958,0.03959,0.0396,2835,5955,8565,42599,93789,17062,26926,48403,100056,41231,4892,19603,67971,120711,68936,54024,68643,107244,100430,50525
119,0.0395,0.03949,0.03948,0.03947,0.03946,0.03945,0.03944,0.03943,0.03942,0.03941,0.03951,0.03952,0.03953,0.03954,0.03955,0.03956,0.03957,0.03958,0.03959,0.0396,2700,7700,27399,55343,108981,17062,15823,44407,228077,41231,4430,5179,38774,113944,51786,39077,39295,65934,166198,56903
120,0.0395,0.03949,0.03948,0.03947,0.03946,0.03945,0.03944,0.03943,0.03942,0.03941,0.03951,0.03952,0.03953,0.03954,0.03955,0.03956,0.03957,0.03958,0.03959,0.0396,1255,4646,18648,40837,94973,44376,3145,40352,113027,57709,4750,7699,14388,51733,190044,65856,49245,53167,141119,23297
121,0.03948,0.03947,0.03946,0.03945,0.03944,0.03943,0.03942,0.03941,0.0394,0.03939,0.03949,0.0395,0.03951,0.03952,0.03953,0.03954,0.03955,0.03956,0.03957,0.03958,3131,31353,75387,19183,6867,21412,94914,96063,28285,15855,498,6276,17935,41262,46112,39670,176034,97212,90059,61059
122,0.03943,0.03942,0.03941,0.0394,0.03939,0.03938,0.03937,0.03936,0.03935,0.03934,0.03944,0.03945,0.03946,0.03947,0.03948,0.03949,0.0395,0.03951,0.03952,0.03953,4446,5191,17475,23893,57800,76413,29752,38886,73426,73781,1086,3651,42230,99038,62843,111545,64518,111818,71421,39605
123,0.03938,0.03937,0.03936,0.03935,0.03934,0.03933,0.03932,0.03931,0.0393,0.03929,0.03939,0.0394,0.03941,0.03942,0.03943,0.03944,0.03945,0.03946,0.03947,0.03948,4503,9389,35498,48557,92042,76295,14248,49868,92093,55031,1429,12005,20809,16185,19312,21174,108103,79745,110536,77227
124,0.03934,0.03933,0.03932,0.03931,0.0393,0.03929,0.03928,0.03927,0.03926,0.03925,0.03936,0.03937,0.03938,0.03939,0.0394,0.03941,0.03942,0.03943,0.03944,0.03945,11357,27303,37897,46723,106119,76641,3146,26825,95585,61236,6355,6313,37439,88392,15069,51234,127740,153498,19601,61643
125,0.03934,0.03933,0.03932,0.03931,0.0393,0.03929,0.03928,0.03927,0.03926,0.03925,0.03936,0.03937,0.03938,0.03939,0.0394,0.03941,0.03942,0.03943,0.03944,0.03945,12761,24629,34864,49861,105728,49923,19173,39567,222968,55070,4743,5781,35649,89504,22573,81727,76240,128286,45080,67077
126,0.03934,0.03933,0.03932,0.03931,0.0393,0.03929,0.03928,0.03927,0.03926,0.03925,0.03935,0.03936,0.03937,0.03938,0.03939,0.0394,0.03941,0.03942,0.03943,0.03944,4934,19166,12320,45999,104764,76325,15876,53780,212418,55070,1474,11794,22981,33820,95835,56067,134325,74656,127650,50865
127,0.03936,0.03935,0.03934,0.03933,0.03932,0.03931,0.0393,0.03929,0.03928,0.03927,0.03937,0.03938,0.03939,0.0394,0.03941,0.03942,0.03943,0.03944,0.03945,0.03946,5163,30093,76481,28631,4359,32390,122432,56668,22239,52164,1511,4900,17573,49411,62619,45418,167244,59376,48286,22158
128,0.03937,0.03936,0.03935,0.03934,0.03933,0.03932,0.03931,0.0393,0.03929,0.03928,0.03938,0.03939,0.0394,0.03941,0.03942,0.03943,0.03944,0.03945,0.03946,0.03947,7259,6104,31751,100630,49338,3146,32390,125927,52826,33340,2700,12838,47397,84075,66753,157154,52415,58665,96467,133651
129,0.0393,0.03929,0.03928,0.03927,0.03926,0.03925,0.03924,0.03923,0.03922,0.03921,0.03931,0.03932,0.03933,0.03934,0.03935,0.03936,0.03937,0.03938,0.03939,0.0394,255,5131,18965,55208,92446,49864,3147,77742,87584,22469,5488,20240,61770,54224,123084,80441,102271,45623,115801,81556
130,0.03932,0.03931,0.0393,0.03929,0.03928,0.03927,0.03926,0.03925,0.03924,0.03923,0.03933,0.03934,0.03935,0.03936,0.03937,0.03938,0.03939,0.0394,0.03941,0.03942,7238,7227,88009,35383,14248,36476,94819,4338,28630,5281,22358,14685,31925,15576,34646,91730,140005,44952,106912,81699
131,0.03933,0.03932,0.03931,0.0393,0.03929,0.03928,0.03927,0.03926,0.03925,0.03924,0.03934,0.03935,0.03936,0.03937,0.03938,0.03939,0.0394,0.03941,0.03942,0.03943,2955,19825,7227,89349,17018,32173,41863,77316,4338,30573,4797,26633,34341,35751,61425,131835,42015,87950,84240,114555
132,0.03932,0.03931,0.0393,0.03929,0.03928,0.03927,0.03926,0.03925,0.03924,0.03923,0.03933,0.03934,0.03935,0.03936,0.03937,0.03938,0.03939,0.0394,0.03941,0.03942,8524,7282,15335,31197,14340,34181,90052,20885,176260,41343,14941,24162,99921,63851,75310,74124,113786,46916,28848,88896
133,0.03933,0.03932,0.03931,0.0393,0.03929,0.03928,0.03927,0.03926,0.03925,0.03924,0.03934,0.03935,0.03936,0.03937,0.03938,0.03939,0.0394,0.03941,0.03942,0.03943,3160,33533,36001,76625,14618,15875,157897,87583,69071,29226,255,4821,20602,39514,44588,112818,109497,69317,66012,101873
134,0.03933,0.03932,0.03931,0.0393,0.03929,0.03928,0.03927,0.03926,0.03925,0.03924,0.03934,0.03935,0.03936,0.03937,0.03938,0.03939,0.0394,0.03941,0.03942,0.03943,2700,16794,32753,92167,6457,15875,21965,225149,77364,29226,2678,5203,20581,23337,46484,123742,85895,46874,64569,89189
135,0.03935,0.03934,0.03933,0.03932,0.03931,0.0393,0.03929,0.03928,0.03927,0.03926,0.03936,0.03937,0.03938,0.03939,0.0394,0.03941,0.03942,0.03943,0.03944,0.03945,2797,29492,22767,10035,21322,104903,1632,3146,223182,91160,5767,5705,16327,40549,78142,56663,56729,110497,43208,52603
136,0.03932,0.03931,0.0393,0.03929,0.03928,0.03927,0.03926,0.03925,0.03924,0.03923,0.03933,0.03934,0.03935,0.03936,0.03937,0.03938,0.03939,0.0394,0.03941,0.03942,2955,22904,108327,1632,15874,20639,89217,82397,30062,47712,2678,15230,37753,26764,70313,106955,46240,24877,28481,33580
137,0.03934,0.03933,0.03932,0.03931,0.0393,0.03929,0.03928,0.03927,0.03926,0.03925,0.03935,0.03936,0.03937,0.03938,0.03939,0.0394,0.03941,0.03942,0.03943,0.03944,4896,22732,28769,38777,80895,6499,15875,21965,231413,93258,2869,10449,37597,36811,49252,44958,79113,60868,145759,33321
138,0.03935,0.03934,0.03933,0.03932,0.03931,0.0393,0.03929,0.03928,0.03927,0.03926,0.03936,0.03937,0.03938,0.03939,0.0394,0.03941,0.03942,0.03943,0.03944,0.03945,2955,7368,25091,11930,23997,79625,19100,3146,185434,97527,7572,18694,28370,82079,41391,86706,74968,118373,15442,35929
139,0.03935,0.03934,0.03933,0.03932,0.03931,0.0393,0.03929,0.03928,0.03927,0.03926,0.03936,0.03937,0.03938,0.03939,0.0394,0.03941,0.03942,0.03943,0.03944,0.03945,2700,9679,11846,15028,44509,94617,19138,3146,198167,103058,4837,18920,45922,162015,56352,99604,34420,114158,15445,41207
140,0.0393,0.03929,0.03928,0.03927,0.03926,0.03925,0.03924,0.03923,0.03922,0.03921,0.03931,0.03932,0.03933,0.03934,0.03935,0.03936,0.03937,0.03938,0.03939,0.0394,399,7351,31705,25180,79024,9941,69612,15857,239547,28843,6736,22218,61893,53077,101687,78162,70076,35922,88937,21433
141,0.03929,0.03928,0.03927,0.03926,0.03925,0.03924,0.03923,0.03922,0.03921,0.0392,0.0393,0.03931,0.03932,0.03933,0.03934,0.03935,0.03936,0.03937,0.03938,0.03939,8672,12532,27650,111207,7719,26992,8097,284087,34963,34940,2423,5536,10711,32538,9189,146201,46910,56745,14596,114329
142,0.03927,0.03926,0.03925,0.03924,0.03923,0.03922,0.03921,0.0392,0.03919,0.03918,0.03928,0.03929,0.0393,0.03931,0.03932,0.03933,0.03934,0.03935,0.03936,0.03937,7991,15907,33738,33454,11884,118298,48981,34940,164965,89107,2700,5451,37861,105359,57249,54492,90170,141182,15115,44955
143,0.03927,0.03926,0.03925,0.03924,0.03923,0.03922,0.03921,0.0392,0.03919,0.03918,0.03928,0.03929,0.0393,0.03931,0.03932,0.03933,0.03934,0.03935,0.03936,0.03937,19461,21319,27590,12969,24630,105549,48981,175475,30802,87164,2700,5131,15928,23999,28924,24255,46787,161027,76599,51182
144,0.03929,0.03928,0.03927,0.03926,0.03925,0.03924,0.03923,0.03922,0.03921,0.0392,0.0393,0.03931,0.03932,0.03933,0.03934,0.03935,0.03936,0.03937,0.03938,0.03939,4765,18134,21746,25553,28421,22456,33408,212588,33830,62601,1479,5204,10368,9180,52040,157144,79824,24260,26990,114330
145,0.03929,0.03928,0.03927,0.03926,0.03925,0.03924,0.03923,0.03922,0.03921,0.0392,0.0393,0.03931,0.03932,0.03933,0.03934,0.03935,0.03936,0.03937,0.03938,0.03939,26850,4034,37493,23776,28421,15889,20663,240510,24409,52422,255,5387,16939,21130,47772,133360,33315,28907,44899,114330
146,0.03929,0.03928,0.03927,0.03926,0.03925,0.03924,0.03923,0.03922,0.03921,0.0392,0.03931,0.03932,0.03933,0.03934,0.03935,0.03936,0.03937,0.03938,0.03939,0.0394,9797,19399,34971,79025,24158,15889,15857,263454,25246,26911,4622,12553,36849,66873,135904,32128,28559,46105,114678,8170
147,0.03929,0.03928,0.03927,0.03926,0.03925,0.03924,0.03923,0.03922,0.03921,0.0392,0.0393,0.03931,0.03932,0.03933,0.03934,0.03935,0.03936,0.03937,0.03938,0.03939,8386,17105,19822,76481,35259,43510,15857,252083,22466,17752,7235,5810,10295,14253,63297,143555,53170,15855,46453,114330
148,0.03927,0.03926,0.03925,0.03924,0.03923,0.03922,0.03921,0.0392,0.03919,0.03918,0.03928,0.03929,0.0393,0.03931,0.03932,0.03933,0.03934,0.03935,0.03936,0.03937,2955,5534,41679,22521,21402,81143,31983,197075,33286,78425,2423,11370,46539,115986,55481,53778,47678,101581,28640,46934
149,0.03927,0.03926,0.03925,0.03924,0.03923,0.03922,0.03921,0.0392,0.03919,0.03918,0.03928,0.03929,0.0393,0.03931,0.03932,0.03933,0.03934,0.03935,0.03936,0.03937,2700,9006,28353,7330,24380,83689,31983,191894,33286,94991,2955,11562,53319,146721,62875,43486,60499,95369,27803,46934
150,0.03928,0.03927,0.03926,0.03925,0.03924,0.03923,0.03922,0.03921,0.0392,0.03919,0.03929,0.0393,0.03931,0.03932,0.03933,0.03934,0.03935,0.03936,0.03937,0.03938,16505,8377,43329,114126,27779,21387,36998,113047,7956,30560,447,25481,90394,73296,58815,48838,152440,37703,47459,32872
151,0.03932,0.03931,0.0393,0.03929,0.03928,0.03927,0.03926,0.03925,0.03924,0.03923,0.03933,0.03934,0.03935,0.03936,0.03937,0.03938,0.03939,0.0394,0.03941,0.03942,16488,12472,21750,22657,29761,34364,39971,108102,27021,70915,2955,29928,102889,33385,74704,193790,114328,40459,53206,63147
152,0.03929,0.03928,0.03927,0.03926,0.03925,0.03924,0.03923,0.03922,0.03921,0.0392,0.0393,0.03931,0.03932,0.03933,0.03934,0.03935,0.03936,0.03937,0.03938,0.03939,255,4147,7546,44182,137143,15837,39706,30081,101945,47304,5364,73168,38113,65964,199265,98816,9470,29248,67921,104365
153,0.03932,0.03931,0.0393,0.03929,0.03928,0.03927,0.03926,0.03925,0.03924,0.03923,0.03933,0.03934,0.03935,0.03936,0.03937,0.03938,0.03939,0.0394,0.03941,0.03942,2600,5538,9364,17057,31897,28710,33236,94824,15891,59332,5130,19478,51016,20647,95618,4362,153482,121477,21135,15832
154,0.03932,0.03931,0.0393,0.03929,0.03928,0.03927,0.03926,0.03925,0.03924,0.03923,0.03933,0.03934,0.03935,0.03936,0.03937,0.03938,0.03939,0.0394,0.03941,0.03942,5251,8341,17749,42474,31389,24356,44187,118501,180061,59332,255,37374,103292,60258,71397,64566,167799,114607,40172,15832
155,0.0393,0.03929,0.03928,0.03927,0.03926,0.03925,0.03924,0.03923,0.03922,0.03921,0.03931,0.03932,0.03933,0.03934,0.03935,0.03936,0.03937,0.03938,0.03939,0.0394,2955,5024,36732,20802,34358,103324,61562,84826,141130,114694,2690,18825,41791,51031,128309,103326,111331,44246,137580,77777
156,0.03929,0.03928,0.03927,0.03926,0.03925,0.03924,0.03923,0.03922,0.03921,0.0392,0.03931,0.03932,0.03933,0.03934,0.03935,0.03936,0.03937,0.03938,0.03939,0.0394,5200,9721,17096,53667,89191,29461,86434,29247,114694,15902,11886,37675,81275,77936,118605,59421,70687,68082,131566,50850
157,0.03928,0.03927,0.03926,0.03925,0.03924,0.03923,0.03922,0.03921,0.0392,0.03919,0.03929,0.0393,0.03931,0.03932,0.03933,0.03934,0.03935,0.03936,0.03937,0.03938,1256,3337,13069,16966,43183,49067,41776,93976,14394,34994,5151,47736,113846,23761,62834,88823,125026,45848,87319,57649
158,0.03929,0.03928,0.03927,0.03926,0.03925,0.03924,0.03923,0.03922,0.03921,0.0392,0.0393,0.03931,0.03932,0.03933,0.03934,0.03935,0.03936,0.03937,0.03938,0.03939,6654,5225,13852,40170,107068,25878,77395,9494,93976,33525,255,9827,26906,33093,74915,146012,106088,40061,41210,141442
159,0.0393,0.03929,0.03928,0.03927,0.03926,0.03925,0.03924,0.03923,0.03922,0.03921,0.03931,0.03932,0.03933,0.03934,0.03935,0.03936,0.03937,0.03938,0.03939,0.0394,3209,13222,36410,28664,39778,104594,182478,53082,15897,91137,2624,13527,24895,33314,147877,45349,73517,66479,156537,33439
160,0.03922,0.03921,0.0392,0.03919,0.03918,0.03917,0.03916,0.03915,0.03914,0.03913,0.03924,0.03925,0.03926,0.03927,0.03928,0.03929,0.0393,0.03931,0.03932,0.03933,5128,10947,15014,24393,37529,89193,39747,175516,9735,121246,5636,35613,127688,91972,83105,78651,120200,47849,12911,28570
161,0.03917,0.03916,0.03915,0.03914,0.03913,0.03912,0.03911,0.0391,0.03909,0.03908,0.03919,0.0392,0.03921,0.03922,0.03923,0.03924,0.03925,0.03926,0.03927,0.03928,4998,6871,35748,46616,76932,24219,20702,25994,53061,112859,4929,15072,68546,100196,52680,84575,58918,133068,71238,52168
162,0.03921,0.0392,0.03919,0.03918,0.03917,0.03916,0.03915,0.03914,0.03913,0.03912,0.03922,0.03923,0.03924,0.03925,0.03926,0.03927,0.03928,0.03929,0.0393,0.03931,1233,8810,15792,46889,85429,22765,26548,48633,76932,18065,5689,11623,33821,61029,108940,127926,59801,79046,145777,46693
163,0.03922,0.03921,0.0392,0.03919,0.03918,0.03917,0.03916,0.03915,0.03914,0.03913,0.03923,0.03924,0.03925,0.03926,0.03927,0.03928,0.03929,0.0393,0.03931,0.03932,1233,5208,19124,30429,61738,85828,28434,29759,171308,113592,1921,12240,47558,120127,86148,68176,90068,138999,72998,11435
164,0.03921,0.0392,0.03919,0.03918,0.03917,0.03916,0.03915,0.03914,0.03913,0.03912,0.03922,0.03923,0.03924,0.03925,0.03926,0.03927,0.03928,0.03929,0.0393,0.03931,1233,6180,16372,49708,85828,15666,20984,63923,76932,24453,2873,14165,59537,94272,97264,116023,68649,62493,123167,51421
165,0.0392,0.03919,0.03918,0.03917,0.03916,0.03915,0.03914,0.03913,0.03912,0.03911,0.03921,0.03922,0.03923,0.03924,0.03925,0.03926,0.03927,0.03928,0.03929,0.0393,11795,16024,50431,98671,20717,16112,41504,105605,10987,35029,256,5294,12466,28966,58789,116429,107233,73912,78841,112309
166,0.03924,0.03923,0.03922,0.03921,0.0392,0.03919,0.03918,0.03917,0.03916,0.03915,0.03925,0.03926,0.03927,0.03928,0.03929,0.0393,0.03931,0.03932,0.03933,0.03934,1000,36406,67304,76675,23810,62252,152779,95821,30378,3340,2700,6545,5799,20044,66346,115065,59807,66096,47655,59690
167,0.03924,0.03923,0.03922,0.03921,0.0392,0.03919,0.03918,0.03917,0.03916,0.03915,0.03925,0.03926,0.03927,0.03928,0.03929,0.0393,0.03931,0.03932,0.03933,0.03934,1975,33852,62331,83607,18554,24584,48053,228870,17608,22496,256,6545,13668,35041,60574,138728,50848,47748,59332,48710
168,0.03925,0.03924,0.03923,0.03922,0.03921,0.0392,0.03919,0.03918,0.03917,0.03916,0.03926,0.03927,0.03928,0.03929,0.0393,0.03931,0.03932,0.03933,0.03934,0.03935,255,2805,13169,43426,76675,15666,16632,62486,94697,17609,2764,17386,59402,75634,95580,37006,41584,40022,47494,119419
169,0.03923,0.03922,0.03921,0.0392,0.03919,0.03918,0.03917,0.03916,0.03915,0.03914,0.03924,0.03925,0.03926,0.03927,0.03928,0.03929,0.0393,0.03931,0.03932,0.03933,256,5698,16671,25349,17750,59914,126130,24288,28885,151940,5062,18622,50067,56216,52248,83138,100032,78915,61736,57161
170,0.0392,0.03919,0.03918,0.03917,0.03916,0.03915,0.03914,0.03913,0.03912,0.03911,0.03921,0.03922,0.03923,0.03924,0.03925,0.03926,0.03927,0.03928,0.03929,0.0393,256,9302,42674,81931,22244,26672,53943,102488,30846,32442,5272,5245,9199,31030,101316,96731,55711,71910,51314,122372
171,0.03919,0.03918,0.03917,0.03916,0.03915,0.03914,0.03913,0.03912,0.03911,0.0391,0.0392,0.03921,0.03922,0.03923,0.03924,0.03925,0.03926,0.03927,0.03928,0.03929,2956,6055,31222,23330,17237,52637,121584,174691,36971,28866,3236,12631,42779,39204,40042,97493,117968,68406,41868,50966
172,0.03916,0.03915,0.03914,0.03913,0.03912,0.03911,0.0391,0.03909,0.03908,0.03907,0.03917,0.03918,0.03919,0.0392,0.03921,0.03922,0.03923,0.03924,0.03925,0.03926,1094,9243,25097,92137,9870,23967,33245,51000,99496,40026,6822,12257,33689,29480,55221,173840,60796,30200,76522,117458
173,0.03914,0.03913,0.03912,0.03911,0.0391,0.03909,0.03908,0.03907,0.03906,0.03905,0.03916,0.03917,0.03918,0.03919,0.0392,0.03921,0.03922,0.03923,0.03924,0.03925,5671,9231,8225,28343,22488,16959,78486,264182,42101,5280,12733,61975,107068,26406,16959,81476,163522,78395,23822,56482
174,0.03918,0.03917,0.03916,0.03915,0.03914,0.03913,0.03912,0.03911,0.0391,0.03909,0.0392,0.03921,0.03922,0.03923,0.03924,0.03925,0.03926,0.03927,0.03928,0.03929,4670,8784,15377,31389,27263,54068,106753,15816,171398,30867,12427,42402,114306,84143,55418,87030,159276,48684,44709,41311
175,0.03916,0.03915,0.03914,0.03913,0.03912,0.03911,0.0391,0.03909,0.03908,0.03907,0.03917,0.03918,0.03919,0.0392,0.03921,0.03922,0.03923,0.03924,0.03925,0.03926,2956,5534,14461,51408,121690,9779,28594,26179,67740,147652,2700,14130,44346,87644,73693,108825,79180,44765,88835,123103
176,0.03913,0.03912,0.03911,0.0391,0.03909,0.03908,0.03907,0.03906,0.03905,0.03904,0.03915,0.03916,0.03917,0.03918,0.03919,0.0392,0.03921,0.03922,0.03923,0.03924,5127,6641,10063,15773,31210,50738,102505,37258,176225,17606,10441,70749,141789,110379,60933,96166,50995,143916,48977,28638
177,0.03916,0.03915,0.03914,0.03913,0.03912,0.03911,0.0391,0.03909,0.03908,0.03907,0.03917,0.03918,0.03919,0.0392,0.03921,0.03922,0.03923,0.03924,0.03925,0.03926,5538,5070,8543,18152,28379,96194,52379,24180,41592,108902,640,17830,46007,12798,67345,189197,33668,26009,90297,154490
178,0.03917,0.03916,0.03915,0.03914,0.03913,0.03912,0.03911,0.0391,0.03909,0.03908,0.03919,0.0392,0.03921,0.03922,0.03923,0.03924,0.03925,0.03926,0.03927,0.03928,5800,5878,14132,16192,27339,46542,107533,25948,45465,170925,22795,29855,46128,137069,53914,69470,121048,211995,56756,72439
179,0.03915,0.03914,0.03913,0.03912,0.03911,0.0391,0.03909,0.03908,0.03907,0.03906,0.03916,0.03917,0.03918,0.03919,0.0392,0.03921,0.03922,0.03923,0.03924,0.03925,2808,8046,17573,67950,105586,15806,22263,44386,231795,51471,768,14069,42932,40558,17281,103119,230925,82787,39663,42324
180,0.03915,0.03914,0.03913,0.03912,0.03911,0.0391,0.03909,0.03908,0.03907,0.03906,0.03916,0.03917,0.03918,0.03919,0.0392,0.03921,0.03922,0.03923,0.03924,0.03925,5191,5968,9216,27492,90559,39954,37592,44435,104113,26764,256,6160,14162,37876,106766,83662,109775,68582,104465,68011
181,0.03914,0.03913,0.03912,0.03911,0.0391,0.03909,0.03908,0.03907,0.03906,0.03905,0.03915,0.03916,0.03917,0.03918,0.03919,0.0392,0.03921,0.03922,0.03923,0.03924,256,3340,5091,25404,27033,13499,54793,100333,69570,182539,4997,27160,60042,117073,44746,66757,99378,158158,101624,74460
182,0.03915,0.03914,0.03913,0.03912,0.03911,0.0391,0.03909,0.03908,0.03907,0.03906,0.03916,0.03917,0.03918,0.03919,0.0392,0.03921,0.03922,0.03923,0.03924,0.03925,4917,31213,57491,89008,25597,21676,20005,165136,111648,69578,2700,5533,4845,18190,84640,72287,110012,126574,15274,79673
183,0.03918,0.03917,0.03916,0.03915,0.03914,0.03913,0.03912,0.03911,0.0391,0.03909,0.03919,0.0392,0.03921,0.03922,0.03923,0.03924,0.03925,0.03926,0.03927,0.03928,5208,18969,32326,31020,26831,36368,118769,68985,139840,5282,256,5546,45919,188794,64680,45386,114578,81681,22498,22247
184,0.03917,0.03916,0.03915,0.03914,0.03913,0.03912,0.03911,0.0391,0.03909,0.03908,0.03918,0.03919,0.0392,0.03921,0.03922,0.03923,0.03924,0.03925,0.03926,0.03927,3957,5402,19564,29720,41701,101652,37045,57199,159073,30529,1763,38106,27076,75224,172620,64680,58131,93323,81333,22498
185,0.03917,0.03916,0.03915,0.03914,0.03913,0.03912,0.03911,0.0391,0.03909,0.03908,0.03919,0.0392,0.03921,0.03922,0.03923,0.03924,0.03925,0.03926,0.03927,0.03928,4362,15143,32323,26781,41873,103422,40250,56766,161018,32392,10991,27471,74896,135558,78160,117176,103683,92168,55043,50236
186,0.03917,0.03916,0.03915,0.03914,0.03913,0.03912,0.03911,0.0391,0.03909,0.03908,0.03918,0.03919,0.0392,0.03921,0.03922,0.03923,0.03924,0.03925,0.03926,0.03927,5777,2106,21094,37289,59221,90104,21203,20922,29602,66825,256,5007,20576,92588,97613,109116,147192,39397,98654,90952
187,0.03916,0.03915,0.03914,0.03913,0.03912,0.03911,0.0391,0.03909,0.03908,0.03907,0.03917,0.03918,0.03919,0.0392,0.03921,0.03922,0.03923,0.03924,0.03925,0.03926,5251,4726,10693,35129,111896,32434,3288,22292,42708,109950,256,10868,44084,47942,124189,96278,111124,105932,84603,76482
188,0.03911,0.0391,0.03909,0.03908,0.03907,0.03906,0.03905,0.03904,0.03903,0.03902,0.03913,0.03914,0.03915,0.03916,0.03917,0.03918,0.03919,0.0392,0.03921,0.03922,2952,9314,21740,46430,96294,26764,28109,54931,108503,17901,33047,117717,112230,346017,111225,190724,57930,16254,39842,89234
189,0.0391,0.03909,0.03908,0.03907,0.03906,0.03905,0.03904,0.03903,0.03902,0.03901,0.03911,0.03912,0.03913,0.03914,0.03915,0.03916,0.03917,0.03918,0.03919,0.0392,256,4891,18120,41697,24849,13465,58870,93192,57569,71163,1921,16461,69179,120379,94444,359937,144726,151393,39257,28807
190,0.03909,0.03908,0.03907,0.03906,0.03905,0.03904,0.03903,0.03902,0.03901,0.039,0.0391,0.03911,0.03912,0.03913,0.03914,0.03915,0.03916,0.03917,0.03918,0.03919,5818,4848,23781,43103,31664,57139,81847,36271,215346,70740,257,4982,17861,48093,93735,91888,372707,126835,172691,19685
191,0.03907,0.03906,0.03905,0.03904,0.03903,0.03902,0.03901,0.039,0.03899,0.03898,0.03908,0.03909,0.0391,0.03911,0.03912,0.03913,0.03914,0.03915,0.03916,0.03917,2700,4753,4947,30367,113940,18516,28670,41729,182185,89524,2301,81264,29954,18561,8629,98689,154869,48254,375308,61711
192,0.03908,0.03907,0.03906,0.03905,0.03904,0.03903,0.03902,0.03901,0.039,0.03899,0.03909,0.0391,0.03911,0.03912,0.03913,0.03914,0.03915,0.03916,0.03917,0.03918,257,5779,15691,12262,39215,98403,20820,44658,240900,34435,4726,87392,32165,24079,49093,145819,186683,369275,62496,156702
193,0.0391,0.03909,0.03908,0.03907,0.03906,0.03905,0.03904,0.03903,0.03902,0.03901,0.03912,0.03913,0.03914,0.03915,0.03916,0.03917,0.03918,0.03919,0.0392,0.03921,4443,29846,24743,13043,18774,37193,73405,247099,15957,72239,4911,34827,114807,128581,387086,104742,115268,41774,33516,41886
194,0.03907,0.03906,0.03905,0.03904,0.03903,0.03902,0.03901,0.039,0.03899,0.03898,0.03908,0.03909,0.0391,0.03911,0.03912,0.03913,0.03914,0.03915,0.03916,0.03917,4953,29179,24289,47988,92965,22122,56679,220286,60081,82704,59071,22952,97634,55735,80216,108058,111948,97018,383042,35012
195,0.03909,0.03908,0.03907,0.03906,0.03905,0.03904,0.03903,0.03902,0.03901,0.039,0.0391,0.03911,0.03912,0.03913,0.03914,0.03915,0.03916,0.03917,0.03918,0.03919,5353,8884,20593,26357,27256,38492,106757,45279,194989,80189,4224,18620,60880,42185,141662,103853,86250,61249,120001,38829
196,0.03915,0.03914,0.03913,0.03912,0.03911,0.0391,0.03909,0.03908,0.03907,0.03906,0.03916,0.03917,0.03918,0.03919,0.0392,0.03921,0.03922,0.03923,0.03924,0.03925,3749,23252,38438,62366,91746,8099,28650,40087,102831,21128,303700,4210,23389,82867,94228,82690,109289,81364,51270,51779
197,0.03912,0.03911,0.0391,0.03909,0.03908,0.03907,0.03906,0.03905,0.03904,0.03903,0.03913,0.03914,0.03915,0.03916,0.03917,0.03918,0.03919,0.0392,0.03921,0.03922,2700,6032,34422,38549,11669,91749,31860,31774,3144,268083,2956,12726,102490,258328,76860,171696,52041,35575,72907,128036
198,0.03919,0.03918,0.03917,0.03916,0.03915,0.03914,0.03913,0.03912,0.03911,0.0391,0.0392,0.03921,0.03922,0.03923,0.03924,0.03925,0.03926,0.03927,0.03928,0.03929,2700,8377,14535,145939,95461,5700,16117,20438,88616,24065,4442,14581,53387,120586,58428,57193,131157,52312,11980,29592
199,0.03916,0.03915,0.03914,0.03913,0.03912,0.03911,0.0391,0.03909,0.03908,0.03907,0.03917,0.03918,0.03919,0.0392,0.03921,0.03922,0.03923,0.03924,0.03925,0.03926,10388,5306,5252,8856,32322,87945,43452,176406,8006,101991,256,97399,73185,61616,74930,113421,16770,14562,68295,112222
200,0.03917,0.03916,0.03915,0.03914,0.03913,0.03912,0.03911,0.0391,0.03909,0.03908,0.03918,0.03919,0.0392,0.03921,0.03922,0.03923,0.03924,0.03925,0.03926,0.03927,6308,7696,12194,33829,28386,29769,132109,167244,53143,22340,552,22725,45132,85636,149798,66382,22976,55902,143416,35287
201,0.03916,0.03915,0.03914,0.03913,0.03912,0.03911,0.0391,0.03909,0.03908,0.03907,0.03917,0.03918,0.03919,0.0392,0.03921,0.03922,0.03923,0.03924,0.03925,0.03926,7519,12194,30274,13071,39670,101978,42413,189797,22340,116738,2700,10325,35382,56818,96953,138347,78995,37850,55902,150181
202,0.03915,0.03914,0.03913,0.03912,0.03911,0.0391,0.03909,0.03908,0.03907,0.03906,0.03916,0.03917,0.03918,0.03919,0.0392,0.03921,0.03922,0.03923,0.03924,0.03925,2700,8288,13521,52762,80439,20476,39753,28276,251308,5095,4815,44559,91729,52366,66956,55049,127472,97152,21240,74669
203,0.03915,0.03914,0.03913,0.03912,0.03911,0.0391,0.03909,0.03908,0.03907,0.03906,0.03917,0.03918,0.03919,0.0392,0.03921,0.03922,0.03923,0.03924,0.03925,0.03926,12954,42356,25725,37118,85610,27258,26961,151808,116739,28751,26467,93528,65673,33388,58185,162425,63291,32342,63567,106631
204,0.03913,0.03912,0.03911,0.0391,0.03909,0.03908,0.03907,0.03906,0.03905,0.03904,0.03914,0.03915,0.03916,0.03917,0.03918,0.03919,0.0392,0.03921,0.03922,0.03923,4492,13139,32572,27407,17761,60348,136288,139665,44577,5090,2700,5080,16627,59939,133997,48819,95106,64562,95727,33655
205,0.03915,0.03914,0.03913,0.03912,0.03911,0.0391,0.03909,0.03908,0.03907,0.03906,0.03917,0.03918,0.03919,0.0392,0.03921,0.03922,0.03923,0.03924,0.03925,0.03926,8748,5002,14992,53300,113723,16565,21072,45413,265066,38957,5422,81615,33322,48399,76161,162288,70033,57981,73785,132112
206,0.03913,0.03912,0.03911,0.0391,0.03909,0.03908,0.03907,0.03906,0.03905,0.03904,0.03914,0.03915,0.03916,0.03917,0.03918,0.03919,0.0392,0.03921,0.03922,0.03923,14801,11461,23920,18019,28696,32390,134336,163037,30072,28755,256,3105,15222,46564,136807,57771,66251,79101,131353,15217
207,0.03915,0.03914,0.03913,0.03912,0.03911,0.0391,0.03909,0.03908,0.03907,0.03906,0.03917,0.03918,0.03919,0.0392,0.03921,0.03922,0.03923,0.03924,0.03925,0.03926,7734,15625,31717,40411,104448,31664,35337,152529,135479,15950,5902,12570,47351,84068,86801,104632,16764,22047,70934,183311
208,0.03917,0.03916,0.03915,0.03914,0.03913,0.03912,0.03911,0.0391,0.03909,0.03908,0.03918,0.03919,0.0392,0.03921,0.03922,0.03923,0.03924,0.03925,0.03926,0.03927,2700,8067,12051,29101,34269,41459,121830,52977,35044,152529,4791,18643,22506,86194,126565,70024,9302,82384,139603,25104
209,0.03914,0.03913,0.03912,0.03911,0.0391,0.03909,0.03908,0.03907,0.03906,0.03905,0.03915,0.03916,0.03917,0.03918,0.03919,0.0392,0.03921,0.03922,0.03923,0.03924,9985,13926,54112,83433,14043,34382,38324,136122,3149,69349,2700,14882,76431,154862,49083,57139,109645,94910,22212,28421
210,0.03915,0.03914,0.03913,0.03912,0.03911,0.0391,0.03909,0.03908,0.03907,0.03906,0.03916,0.03917,0.03918,0.03919,0.0392,0.03921,0.03922,0.03923,0.03924,0.03925,5256,4439,5606,22926,27188,13686,45833,237856,116927,22348,256,13333,92936,54531,52614,96890,113636,59173,81082,60466
211,0.03912,0.03911,0.0391,0.03909,0.03908,0.03907,0.03906,0.03905,0.03904,0.03903,0.03913,0.03914,0.03915,0.03916,0.03917,0.03918,0.03919,0.0392,0.03921,0.03922,6839,5354,22439,26739,40184,95420,51417,60227,165377,133378,3199,13634,30615,48078,112467,107236,73097,112937,94218,106249
212,0.03912,0.03911,0.0391,0.03909,0.03908,0.03907,0.03906,0.03905,0.03904,0.03903,0.03913,0.03914,0.03915,0.03916,0.03917,0.03918,0.03919,0.0392,0.03921,0.03922,1096,8489,15097,24800,31374,82854,33885,61035,45260,107755,4937,11566,37647,27773,89747,136299,66441,62125,103085,105901
213,0.03913,0.03912,0.03911,0.0391,0.03909,0.03908,0.03907,0.03906,0.03905,0.03904,0.03914,0.03915,0.03916,0.03917,0.03918,0.03919,0.0392,0.03921,0.03922,0.03923,7798,5636,5865,17448,33779,47206,89474,13572,43787,170076,2956,21519,42956,96569,122885,77144,105252,121946,89042,42397
214,0.03917,0.03916,0.03915,0.03914,0.03913,0.03912,0.03911,0.0391,0.03909,0.03908,0.03918,0.03919,0.0392,0.03921,0.03922,0.03923,0.03924,0.03925,0.03926,0.03927,2765,11501,10359,15177,56007,114443,16698,36481,176372,28741,4084,7201,21946,137930,138572,71019,61720,80768,141122,56414
215,0.03918,0.03917,0.03916,0.03915,0.03914,0.03913,0.03912,0.03911,0.0391,0.03909,0.03919,0.0392,0.03921,0.03922,0.03923,0.03924,0.03925,0.03926,0.03927,0.03928,5785,40664,90987,41180,27086,56703,94096,181729,24065,26961,2191,4845,12602,41030,70219,113831,83034,108973,76381,79337
216,0.03922,0.03921,0.0392,0.03919,0.03918,0.03917,0.03916,0.03915,0.03914,0.03913,0.03923,0.03924,0.03925,0.03926,0.03927,0.03928,0.03929,0.0393,0.03931,0.03932,5896,34801,93999,35317,36825,42301,93761,17460,170031,41415,448,19872,59682,68494,99029,39317,96282,114101,52280,35007
217,0.03922,0.03921,0.0392,0.03919,0.03918,0.03917,0.03916,0.03915,0.03914,0.03913,0.03923,0.03924,0.03925,0.03926,0.03927,0.03928,0.03929,0.0393,0.03931,0.03932,2956,31175,101271,12987,24375,47042,100448,22362,28700,43358,4310,4797,27694,63810,78547,44730,98520,156579,33952,40660
218,0.03924,0.03923,0.03922,0.03921,0.0392,0.03919,0.03918,0.03917,0.03916,0.03915,0.03925,0.03926,0.03927,0.03928,0.03929,0.0393,0.03931,0.03932,0.03933,0.03934,2700,14178,9745,31808,93998,11326,67846,156981,89001,22362,2994,15096,42160,73970,73936,167943,30655,52110,21305,3147
219,0.03923,0.03922,0.03921,0.0392,0.03919,0.03918,0.03917,0.03916,0.03915,0.03914,0.03924,0.03925,0.03926,0.03927,0.03928,0.03929,0.0393,0.03931,0.03932,0.03933,256,4712,40471,95080,7079,22378,50940,241272,13206,28699,3006,18782,48761,76653,41198,70031,164238,50485,21580,38790
220,0.03925,0.03924,0.03923,0.03922,0.03921,0.0392,0.03919,0.03918,0.03917,0.03916,0.03926,0.03927,0.03928,0.03929,0.0393,0.03931,0.03932,0.03933,0.03934,0.03935,1256,14044,40084,20063,39556,94690,22373,36181,139681,114818,7364,17286,40848,87286,191667,84764,30843,46134,40032,127397
221,0.03923,0.03922,0.03921,0.0392,0.03919,0.03918,0.03917,0.03916,0.03915,0.03914,0.03924,0.03925,0.03926,0.03927,0.03928,0.03929,0.0393,0.03931,0.03932,0.03933,9315,33106,50672,79031,8777,69260,139681,105647,22496,30643,256,5121,19133,63126,33550,71390,127648,123061,27981,43861
222,0.03926,0.03925,0.03924,0.03923,0.03922,0.03921,0.0392,0.03919,0.03918,0.03917,0.03927,0.03928,0.03929,0.0393,0.03931,0.03932,0.03933,0.03934,0.03935,0.03936,9956,49409,107804,10087,25233,92287,217594,3340,56611,30818,628,5525,12052,63979,127486,55218,79871,41464,125575,3147
223,0.03929,0.03928,0.03927,0.03926,0.03925,0.03924,0.03923,0.03922,0.03921,0.0392,0.0393,0.03931,0.03932,0.03933,0.03934,0.03935,0.03936,0.03937,0.03938,0.03939,9056,16258,28110,24683,37999,89226,46809,13197,163198,97562,255,3135,6080,50950,121673,33335,26955,17041,6955,106518
224,0.03931,0.0393,0.03929,0.03928,0.03927,0.03926,0.03925,0.03924,0.03923,0.03922,0.03932,0.03933,0.03934,0.03935,0.03936,0.03937,0.03938,0.03939,0.0394,0.03941,1511,14153,29541,19108,35836,15709,56521,94714,197312,2396,5534,16034,72276,149976,52095,52593,76029,122853,41744,69731
225,0.03936,0.03935,0.03934,0.03933,0.03932,0.03931,0.0393,0.03929,0.03928,0.03927,0.03937,0.03938,0.03939,0.0394,0.03941,0.03942,0.03943,0.03944,0.03945,0.03946,3914,14076,48731,119086,48658,46471,6145,33364,220008,28286,1092,12071,42897,119793,43255,57246,102321,16011,26493,41013
226,0.03936,0.03935,0.03934,0.03933,0.03932,0.03931,0.0393,0.03929,0.03928,0.03927,0.03937,0.03938,0.03939,0.0394,0.03941,0.03942,0.03943,0.03944,0.03945,0.03946,1930,30501,9760,32295,117448,33751,19341,34081,94872,34055,4555,34405,55414,28681,31290,75664,116420,46999,14811,72767
227,0.03933,0.03932,0.03931,0.0393,0.03929,0.03928,0.03927,0.03926,0.03925,0.03924,0.03934,0.03935,0.03936,0.03937,0.03938,0.03939,0.0394,0.03941,0.03942,0.03943,7718,15685,37747,34620,46781,80473,11960,44066,182178,76483,255,23289,38928,89002,67805,120990,55716,74510,100902,128846
228,0.03929,0.03928,0.03927,0.03926,0.03925,0.03924,0.03923,0.03922,0.03921,0.0392,0.0393,0.03931,0.03932,0.03933,0.03934,0.03935,0.03936,0.03937,0.03938,0.03939,8620,4781,9584,26596,64476,85271,29441,34335,181527,78430,1256,15425,20795,30300,62779,92006,57815,104842,90707,82757
229,0.03927,0.03926,0.03925,0.03924,0.03923,0.03922,0.03921,0.0392,0.03919,0.03918,0.03928,0.03929,0.0393,0.03931,0.03932,0.03933,0.03934,0.03935,0.03936,0.03937,4380,16352,54744,44653,25217,40706,61932,248715,26941,47939,255,21069,27328,31756,18608,57540,62760,88128,49644,38426
230,0.03929,0.03928,0.03927,0.03926,0.03925,0.03924,0.03923,0.03922,0.03921,0.0392,0.0393,0.03931,0.03932,0.03933,0.03934,0.03935,0.03936,0.03937,0.03938,0.03939,2700,33747,36591,29625,60029,111436,46851,55221,22996,239560,2423,22072,35268,34464,33599,90655,58486,57807,62454,76672
231,0.03927,0.03926,0.03925,0.03924,0.03923,0.03922,0.03921,0.0392,0.03919,0.03918,0.03928,0.03929,0.0393,0.03931,0.03932,0.03933,0.03934,0.03935,0.03936,0.03937,255,5136,46066,92001,7914,16057,63167,112858,13258,43133,4602,17296,42320,119446,58364,31768,43766,123082,100991,84484
232,0.03929,0.03928,0.03927,0.03926,0.03925,0.03924,0.03923,0.03922,0.03921,0.0392,0.0393,0.03931,0.03932,0.03933,0.03934,0.03935,0.03936,0.03937,0.03938,0.03939,8885,8835,18448,55181,57706,109175,32890,52053,35287,112858,255,6505,33629,22858,54390,116587,49813,2782,38899,102067
233,0.03926,0.03925,0.03924,0.03923,0.03922,0.03921,0.0392,0.03919,0.03918,0.03917,0.03928,0.03929,0.0393,0.03931,0.03932,0.03933,0.03934,0.03935,0.03936,0.03937,13335,44011,98352,12227,31047,67982,236234,27338,43130,8006,4599,20144,80665,100910,3146,14706,57472,99027,39959,21684
234,0.03927,0.03926,0.03925,0.03924,0.03923,0.03922,0.03921,0.0392,0.03919,0.03918,0.03928,0.03929,0.0393,0.03931,0.03932,0.03933,0.03934,0.03935,0.03936,0.03937,2700,21293,46300,7789,16978,29799,88890,225132,41828,44336,2423,11336,68134,96776,20092,18523,92891,88473,42888,27349
235,0.03928,0.03927,0.03926,0.03925,0.03924,0.03923,0.03922,0.03921,0.0392,0.03919,0.03929,0.0393,0.03931,0.03932,0.03933,0.03934,0.03935,0.03936,0.03937,0.03938,5042,15251,31270,66731,83244,26835,56565,176824,139115,44271,447,12682,31800,21388,14081,67787,131276,39779,27697,15664
236,0.03927,0.03926,0.03925,0.03924,0.03923,0.03922,0.03921,0.0392,0.03919,0.03918,0.03928,0.03929,0.0393,0.03931,0.03932,0.03933,0.03934,0.03935,0.03936,0.03937,4745,15199,44215,80699,16634,52501,67301,149084,20764,17609,5123,12911,54886,111733,46918,39847,56285,107839,59188,27349
237,0.03926,0.03925,0.03924,0.03923,0.03922,0.03921,0.0392,0.03919,0.03918,0.03917,0.03927,0.03928,0.03929,0.0393,0.03931,0.03932,0.03933,0.03934,0.03935,0.03936,5337,32354,105776,41480,56866,46117,108087,28039,184778,56857,2934,10297,28900,71918,120557,41350,51347,48361,111372,45827
238,0.03924,0.03923,0.03922,0.03921,0.0392,0.03919,0.03918,0.03917,0.03916,0.03915,0.03925,0.03926,0.03927,0.03928,0.03929,0.0393,0.03931,0.03932,0.03933,0.03934,2956,5564,43436,53908,92759,23395,65831,97339,113021,5283,7303,10208,41852,22550,14027,45711,144235,49419,39817,62644
239,0.03924,0.03923,0.03922,0.03921,0.0392,0.03919,0.03918,0.03917,0.03916,0.03915,0.03925,0.03926,0.03927,0.03928,0.03929,0.0393,0.03931,0.03932,0.03933,0.03934,256,7860,20614,100275,92760,25674,88949,179267,113021,5283,3914,18160,36694,8695,15225,58437,116585,67461,65354,68997
240,0.03922,0.03921,0.0392,0.03919,0.03918,0.03917,0.03916,0.03915,0.03914,0.03913,0.03924,0.03925,0.03926,0.03927,0.03928,0.03929,0.0393,0.03931,0.03932,0.03933,22972,64431,77694,38887,92170,69478,113021,5283,63186,45152,1982,11929,43483,39774,24480,19663,76748,102023,45594,34367
241,0.0392,0.03919,0.03918,0.03917,0.03916,0.03915,0.03914,0.03913,0.03912,0.03911,0.03921,0.03922,0.03923,0.03924,0.03925,0.03926,0.03927,0.03928,0.03929,0.0393,735,10201,45447,32985,120431,9049,55443,103182,128390,34389,5850,11163,35618,39828,78991,106744,56710,34349,28217,58437
242,0.03928,0.03927,0.03926,0.03925,0.03924,0.03923,0.03922,0.03921,0.0392,0.03919,0.03929,0.0393,0.03931,0.03932,0.03933,0.03934,0.03935,0.03936,0.03937,0.03938,5929,8671,21767,78073,106542,28125,90233,10301,89001,62476,2870,3146,24376,54055,29250,65942,122592,23828,27697,15664
243,0.03928,0.03927,0.03926,0.03925,0.03924,0.03923,0.03922,0.03921,0.0392,0.03919,0.03929,0.0393,0.03931,0.03932,0.03933,0.03934,0.03935,0.03936,0.03937,0.03938,12763,13771,55945,47329,92384,24918,37254,37416,89001,39349,2588,8694,35105,22377,34952,101656,122592,15664,13317,53824
244,0.0393,0.03929,0.03928,0.03927,0.03926,0.03925,0.03924,0.03923,0.03922,0.03921,0.03931,0.03932,0.03933,0.03934,0.03935,0.03936,0.03937,0.03938,0.03939,0.0394,255,3499,28171,29239,34384,39487,136926,38384,58282,57907,7424,16349,68724,82778,113207,58519,21763,50907,82765,24547
245,0.03927,0.03926,0.03925,0.03924,0.03923,0.03922,0.03921,0.0392,0.03919,0.03918,0.03928,0.03929,0.0393,0.03931,0.03932,0.03933,0.03934,0.03935,0.03936,0.03937,1666,16031,30043,112779,36015,37799,66784,166404,33579,87726,768,17705,73402,104475,46577,26761,52464,93057,57564,25750
246,0.03928,0.03927,0.03926,0.03925,0.03924,0.03923,0.03922,0.03921,0.0392,0.03919,0.03929,0.0393,0.03931,0.03932,0.03933,0.03934,0.03935,0.03936,0.03937,0.03938,8045,5003,18409,98051,151922,22164,20469,48632,272786,39958,2700,6505,11561,32894,13763,45317,120833,99090,25653,67512
247,0.03927,0.03926,0.03925,0.03924,0.03923,0.03922,0.03921,0.0392,0.03919,0.03918,0.03928,0.03929,0.0393,0.03931,0.03932,0.03933,0.03934,0.03935,0.03936,0.03937,16597,30840,144214,110765,7092,28415,57936,124226,5284,72179,255,638,11327,39347,52818,37301,71233,102506,28649,27701
248,0.03927,0.03926,0.03925,0.03924,0.03923,0.03922,0.03921,0.0392,0.03919,0.03918,0.03928,0.03929,0.0393,0.03931,0.03932,0.03933,0.03934,0.03935,0.03936,0.03937,2700,17240,67217,112919,37079,100271,38011,129448,114143,177282,1890,6035,12204,29614,36852,80221,50843,118298,28648,27699
249,0.03919,0.03918,0.03917,0.03916,0.03915,0.03914,0.03913,0.03912,0.03911,0.0391,0.0392,0.03921,0.03922,0.03923,0.03924,0.03925,0.03926,0.03927,0.03928,0.03929,256,8205,38209,123842,53404,54079,68348,162457,46764,70979,6448,34841,71670,107398,69172,25784,64305,88829,56862,11460
250,0.03921,0.0392,0.03919,0.03918,0.03917,0.03916,0.03915,0.03914,0.03913,0.03912,0.03922,0.03923,0.03924,0.03925,0.03926,0.03927,0.03928,0.03929,0.0393,0.03931,4532,7766,56617,51542,86856,155450,78245,3148,213823,138061,1512,24485,20768,21706,64290,148160,44130,11112,54190,102114
251,0.0392,0.03919,0.03918,0.03917,0.03916,0.03915,0.03914,0.03913,0.03912,0.03911,0.03921,0.03922,0.03923,0.03924,0.03925,0.03926,0.03927,0.03928,0.03929,0.0393,3288,31250,33672,61304,178969,40698,23681,58564,162572,15858,2636,12799,32482,20371,21222,76946,135426,49079,30555,53842
252,0.03913,0.03912,0.03911,0.0391,0.03909,0.03908,0.03907,0.03906,0.03905,0.03904,0.03915,0.03916,0.03917,0.03918,0.03919,0.0392,0.03921,0.03922,0.03923,0.03924,14857,7933,25875,63106,42431,63159,238174,31948,64927,11293,15521,65487,105415,16876,29204,92290,47963,100393,27713,41157
253,0.03909,0.03908,0.03907,0.03906,0.03905,0.03904,0.03903,0.03902,0.03901,0.039,0.0391,0.03911,0.03912,0.03913,0.03914,0.03915,0.03916,0.03917,0.03918,0.03919,257,6149,15496,19361,58591,93101,89188,19059,28972,29450,5884,208787,33844,48509,99632,72313,94789,79957,163876,98807
254,0.0391,0.03909,0.03908,0.03907,0.03906,0.03905,0.03904,0.03903,0.03902,0.03901,0.03911,0.03912,0.03913,0.03914,0.03915,0.03916,0.03917,0.03918,0.03919,0.0392,3052,26483,12216,94577,61427,22029,15952,89188,48026,152747,2123,11498,46016,100129,21329,79187,72924,212900,106501,113531
255,0.0391,0.03909,0.03908,0.03907,0.03906,0.03905,0.03904,0.03903,0.03902,0.03901,0.03911,0.03912,0.03913,0.03914,0.03915,0.03916,0.03917,0.03918,0.03919,0.0392,31205,6197,11388,102771,48099,22029,15952,100290,48026,5274,38307,9394,44385,104288,19295,63802,84026,193249,120451,67690
256,0.03908,0.03907,0.03906,0.03905,0.03904,0.03903,0.03902,0.03901,0.039,0.03899,0.03909,0.0391,0.03911,0.03912,0.03913,0.03914,0.03915,0.03916,0.03917,0.03918,3306,11338,23567,41924,12333,89188,31873,29561,37965,183947,149418,14283,56452,55769,91718,153354,28399,115782,84576,102628
257,0.03909,0.03908,0.03907,0.03906,0.03905,0.03904,0.03903,0.03902,0.03901,0.039,0.0391,0.03911,0.03912,0.03913,0.03914,0.03915,0.03916,0.03917,0.03918,0.03919,4219,85573,22203,32276,21779,18699,225307,48641,50472,44127,2444,36973,5057,30865,112670,41206,117326,87106,134310,22576
258,0.03908,0.03907,0.03906,0.03905,0.03904,0.03903,0.03902,0.03901,0.039,0.03899,0.03909,0.0391,0.03911,0.03912,0.03913,0.03914,0.03915,0.03916,0.03917,0.03918,2700,8144,17330,32580,44127,88936,2892,27002,35606,141810,2700,30642,78184,36702,122363,103831,41799,44500,67051,103675
259,0.03896,0.03895,0.03894,0.03893,0.03892,0.03891,0.0389,0.03889,0.03888,0.03887,0.03897,0.03898,0.03899,0.039,0.03901,0.03902,0.03903,0.03904,0.03905,0.03906,5011,15411,13682,21968,31730,52550,103854,175101,38880,19461,32,11982,41220,112527,85109,84227,44797,105020,8278,28504
260,0.03896,0.03895,0.03894,0.03893,0.03892,0.03891,0.0389,0.03889,0.03888,0.03887,0.03898,0.03899,0.039,0.03901,0.03902,0.03903,0.03904,0.03905,0.03906,0.03907,11040,12711,21560,35244,15446,44580,107617,75675,181478,21341,10907,39758,137620,47014,82966,73701,95092,42889,41022,41246
261,0.03902,0.03901,0.039,0.03899,0.03898,0.03897,0.03896,0.03895,0.03894,0.03893,0.03903,0.03904,0.03905,0.03906,0.03907,0.03908,0.03909,0.0391,0.03911,0.03912,73335,8583,15411,29531,116360,22462,15411,66341,221353,49507,2893,2893,13065,47510,60864,112242,118039,35969,41879,30148
262,0.03903,0.03902,0.03901,0.039,0.03899,0.03898,0.03897,0.03896,0.03895,0.03894,0.03905,0.03906,0.03907,0.03908,0.03909,0.0391,0.03911,0.03912,0.03913,0.03914,73335,4173,8272,43791,50664,88746,17133,54377,185675,104945,2893,33965,42628,51065,100066,59408,28251,64864,74377,58037
263,0.03895,0.03894,0.03893,0.03892,0.03891,0.0389,0.03889,0.03888,0.03887,0.03886,0.03897,0.03898,0.03899,0.039,0.03901,0.03902,0.03903,0.03904,0.03905,0.03906,24175,59555,16887,15399,53234,103642,94212,54104,70882,93760,2843,5823,19787,64772,81682,52998,80191,57107,125669,66002
264,0.03901,0.039,0.03899,0.03898,0.03897,0.03896,0.03895,0.03894,0.03893,0.03892,0.03902,0.03903,0.03904,0.03905,0.03906,0.03907,0.03908,0.03909,0.0391,0.03911,5244,4853,12569,30852,18062,13230,51452,89872,57362,153931,2494,6031,24604,96833,69472,58496,90609,146387,51674,54445
265,0.03904,0.03903,0.03902,0.03901,0.039,0.03899,0.03898,0.03897,0.03896,0.03895,0.03906,0.03907,0.03908,0.03909,0.0391,0.03911,0.03912,0.03913,0.03914,0.03915,9442,28738,101965,19676,22142,74080,218938,20425,18574,56596,2893,12288,55404,113452,45316,46628,50623,125638,87558,19251
266,0.03908,0.03907,0.03906,0.03905,0.03904,0.03903,0.03902,0.03901,0.039,0.03899,0.03909,0.0391,0.03911,0.03912,0.03913,0.03914,0.03915,0.03916,0.03917,0.03918,589,5834,14154,42127,26964,40724,81394,26833,157100,38575,19922,31267,49168,79362,182072,50800,26312,30560,44634,88745
267,0.03907,0.03906,0.03905,0.03904,0.03903,0.03902,0.03901,0.039,0.03899,0.03898,0.03909,0.0391,0.03911,0.03912,0.03913,0.03914,0.03915,0.03916,0.03917,0.03918,2522,14155,42127,40308,61833,86854,81278,191832,43712,76228,12464,19480,68846,43207,122159,50997,27557,29290,44634,88745
268,0.03909,0.03908,0.03907,0.03906,0.03905,0.03904,0.03903,0.03902,0.03901,0.039,0.03911,0.03912,0.03913,0.03914,0.03915,0.03916,0.03917,0.03918,0.03919,0.0392,3076,12915,59723,102100,27743,48737,85452,78694,48222,175570,2046,10297,74949,121569,53592,17586,38072,89864,384,15823
269,0.03908,0.03907,0.03906,0.03905,0.03904,0.03903,0.03902,0.03901,0.039,0.03899,0.0391,0.03911,0.03912,0.03913,0.03914,0.03915,0.03916,0.03917,0.03918,0.03919,2613,38649,105349,32055,17927,84898,80694,67082,192768,17680,2368,8486,28097,55027,117779,66472,28675,26969,86045,384
270,0.03908,0.03907,0.03906,0.03905,0.03904,0.03903,0.03902,0.03901,0.039,0.03899,0.0391,0.03911,0.03912,0.03913,0.03914,0.03915,0.03916,0.03917,0.03918,0.03919,11349,60385,136995,12902,20295,84898,110023,61732,192768,17680,4028,8486,28097,53082,120831,48041,34404,51362,86045,384
271,0.03907,0.03906,0.03905,0.03904,0.03903,0.03902,0.03901,0.039,0.03899,0.03898,0.03909,0.0391,0.03911,0.03912,0.03913,0.03914,0.03915,0.03916,0.03917,0.03918,29506,84979,38417,38067,101465,119740,44165,76631,180112,101223,8700,9534,34058,60233,81812,19977,36659,40906,57218,116292
272,0.03907,0.03906,0.03905,0.03904,0.03903,0.03902,0.03901,0.039,0.03899,0.03898,0.03909,0.0391,0.03911,0.03912,0.03913,0.03914,0.03915,0.03916,0.03917,0.03918,3017,11011,40825,21270,45843,130940,86463,7873,67229,121149,192,15776,34629,66767,80596,35483,23885,32675,74396,111578
273,0.03908,0.03907,0.03906,0.03905,0.03904,0.03903,0.03902,0.03901,0.039,0.03899,0.03909,0.0391,0.03911,0.03912,0.03913,0.03914,0.03915,0.03916,0.03917,0.03918,988,192,14308,36659,3242,43988,157307,78252,64528,216418,3049,143440,6671,58269,88177,17953,45286,75663,70317,86045
274,0.03908,0.03907,0.03906,0.03905,0.03904,0.03903,0.03902,0.03901,0.039,0.03899,0.03909,0.0391,0.03911,0.03912,0.03913,0.03914,0.03915,0.03916,0.03917,0.03918,36811,23967,86584,56975,9721,56799,144493,78252,64528,216418,134530,2152,6671,44976,81811,12711,17899,97461,72742,105193
275,0.03908,0.03907,0.03906,0.03905,0.03904,0.03903,0.03902,0.03901,0.039,0.03899,0.03909,0.0391,0.03911,0.03912,0.03913,0.03914,0.03915,0.03916,0.03917,0.03918,36811,20423,87863,40857,6666,56799,136898,59647,90817,191237,134530,192,9288,23007,103696,12711,24334,90704,52082,105193
276,0.03898,0.03897,0.03896,0.03895,0.03894,0.03893,0.03892,0.03891,0.0389,0.03889,0.039,0.03901,0.03902,0.03903,0.03904,0.03905,0.03906,0.03907,0.03908,0.03909,12841,8202,13844,70901,130633,25748,42353,200807,150867,68091,8404,28141,26858,20441,32413,102184,68673,25704,27859,86516
277,0.03886,0.03885,0.03884,0.03883,0.03882,0.03881,0.0388,0.03879,0.03878,0.03877,0.03887,0.03888,0.03889,0.0389,0.03891,0.03892,0.03893,0.03894,0.03895,0.03896,6784,12025,46575,44337,61193,72456,127514,64522,117386,51228,73335,46332,33248,1408,40589,87591,79131,41553,37155,98883
278,0.03885,0.03884,0.03883,0.03882,0.03881,0.0388,0.03879,0.03878,0.03877,0.03876,0.03887,0.03888,0.03889,0.0389,0.03891,0.03892,0.03893,0.03894,0.03895,0.03896,3142,57179,82920,143138,80605,79476,63170,125991,47230,52820,2478,9154,22742,13396,44170,93022,25506,43326,67939,134889
279,0.03883,0.03882,0.03881,0.0388,0.03879,0.03878,0.03877,0.03876,0.03875,0.03874,0.03885,0.03886,0.03887,0.03888,0.03889,0.0389,0.03891,0.03892,0.03893,0.03894,194,2864,16068,17929,66024,109241,65153,85593,41499,91140,3222,8996,36531,126689,57630,26723,59657,94697,61698,25879
280,0.03869,0.03868,0.03867,0.03866,0.03865,0.03864,0.03863,0.03862,0.03861,0.0386,0.03871,0.03872,0.03873,0.03874,0.03875,0.03876,0.03877,0.03878,0.03879,0.0388,3164,10081,48729,54568,61290,67851,50021,110005,116206,228656,3024,3044,5097,13170,49602,98391,84666,24330,25800,103182
281,0.03865,0.03864,0.03863,0.03862,0.03861,0.0386,0.03859,0.03858,0.03857,0.03856,0.03867,0.03868,0.03869,0.0387,0.03871,0.03872,0.03873,0.03874,0.03875,0.03876,194,3638,35933,105479,98433,165104,64289,113788,80636,80139,5789,986,6814,194,24936,118990,32916,34138,19749,107086
282,0.03868,0.03867,0.03866,0.03865,0.03864,0.03863,0.03862,0.03861,0.0386,0.03859,0.03869,0.0387,0.03871,0.03872,0.03873,0.03874,0.03875,0.03876,0.03877,0.03878,13300,2877,14031,25591,112130,116205,169445,96207,92569,40720,1560,194,10237,89923,10055,30964,13294,125310,14804,41559
283,0.03856,0.03855,0.03854,0.03853,0.03852,0.03851,0.0385,0.03849,0.03848,0.03847,0.03858,0.03859,0.0386,0.03861,0.03862,0.03863,0.03864,0.03865,0.03866,0.03867,14328,13895,43357,136296,108759,107170,131490,102758,160957,37782,2476,3337,9269,9636,34447,390,149502,88869,25648,28139
284,0.03849,0.03848,0.03847,0.03846,0.03845,0.03844,0.03843,0.03842,0.03841,0.0384,0.03852,0.03853,0.03854,0.03855,0.03856,0.03857,0.03858,0.03859,0.0386,0.03861,22433,53678,101219,29066,44102,59922,54367,96842,31923,16275,6073,20735,6629,30775,119981,75921,117913,57479,132325,44941
285,0.03846,0.03845,0.03844,0.03843,0.03842,0.03841,0.0384,0.03839,0.03838,0.03837,0.0385,0.03851,0.03852,0.03853,0.03854,0.03855,0.03856,0.03857,0.03858,0.03859,26373,3730,16210,14360,62032,113879,6807,33108,64212,94918,3140,48152,82668,12908,5029,78757,118115,63954,25171,116519
286,0.03847,0.03846,0.03845,0.03844,0.03843,0.03842,0.03841,0.0384,0.03839,0.03838,0.03849,0.0385,0.03851,0.03852,0.03853,0.03854,0.03855,0.03856,0.03857,0.03858,9332,28226,87489,40333,54004,59261,78822,15976,83555,65248,195,8303,19319,26380,390,69627,122724,82210,38845,26943
287,0.0383,0.03829,0.03828,0.03827,0.03826,0.03825,0.03824,0.03823,0.03822,0.03821,0.03833,0.03834,0.03835,0.03836,0.03837,0.03838,0.03839,0.0384,0.03841,0.03842,32906,85884,196,12910,42322,118670,104329,254920,78192,273478,914,13167,392,130528,13427,29993,151265,40045,111923,25179
288,0.03829,0.03828,0.03827,0.03826,0.03825,0.03824,0.03823,0.03822,0.03821,0.0382,0.03831,0.03832,0.03833,0.03834,0.03835,0.03836,0.03837,0.03838,0.03839,0.0384,12518,3936,24598,59357,106134,81278,264705,93962,104160,65609,7768,12524,23095,22758,66110,25381,202493,60090,26451,25737
289,0.03827,0.03826,0.03825,0.03824,0.03823,0.03822,0.03821,0.0382,0.03819,0.03818,0.0383,0.03831,0.03832,0.03833,0.03834,0.03835,0.03836,0.03837,0.03838,0.03839,3910,11012,43883,110343,76020,92788,99063,147777,50193,5000,12708,30211,28980,74560,120659,26390,103170,92210,51663,68679
290,0.03829,0.03828,0.03827,0.03826,0.03825,0.03824,0.03823,0.03822,0.03821,0.0382,0.03831,0.03832,0.03833,0.03834,0.03835,0.03836,0.03837,0.03838,0.03839,0.0384,196,3824,4981,10001,40244,99895,79146,42240,85593,126332,29709,32562,26503,12808,54968,62072,92953,82556,86656,52943
291,0.03842,0.03841,0.0384,0.03839,0.03838,0.03837,0.03836,0.03835,0.03834,0.03833,0.03843,0.03844,0.03845,0.03846,0.03847,0.03848,0.03849,0.0385,0.03851,0.03852,3662,3504,3756,16270,23455,99314,119566,73100,78966,203680,5883,14581,65796,79471,10385,62526,188127,24288,15460,31999
292,0.03844,0.03843,0.03842,0.03841,0.0384,0.03839,0.03838,0.03837,0.03836,0.03835,0.03846,0.03847,0.03848,0.03849,0.0385,0.03851,0.03852,0.03853,0.03854,0.03855,52519,230375,347,22233,78596,44769,38549,58011,105535,41558,40561,22254,82326,133029,20668,32672,28748,78786,138955,25497
293,0.03846,0.03845,0.03844,0.03843,0.03842,0.03841,0.0384,0.03839,0.03838,0.03837,0.03847,0.03848,0.03849,0.0385,0.03851,0.03852,0.03853,0.03854,0.03855,0.03856,90184,34554,73169,21798,28666,63475,148465,29903,36372,81080,28829,32868,91622,27085,2299,9000,85125,113047,26339,26147
294,0.0385,0.03849,0.03848,0.03847,0.03846,0.03845,0.03844,0.03843,0.03842,0.03841,0.03852,0.03853,0.03854,0.03855,0.03856,0.03857,0.03858,0.03859,0.0386,0.03861,55877,34749,79127,25763,70786,97125,81541,24010,28263,65571,28435,50728,12513,38834,33771,143538,40105,105324,37274,53176
295,0.0385,0.03849,0.03848,0.03847,0.03846,0.03845,0.03844,0.03843,0.03842,0.03841,0.03851,0.03852,0.03853,0.03854,0.03855,0.03856,0.03857,0.03858,0.03859,0.0386,692,22135,15246,31475,55023,93073,89735,54735,13957,70245,757151,35463,26862,40459,73666,8540,195546,29317,85882,120573
296,0.03851,0.0385,0.03849,0.03848,0.03847,0.03846,0.03845,0.03844,0.03843,0.03842,0.03853,0.03854,0.03855,0.03856,0.03857,0.03858,0.03859,0.0386,0.03861,0.03862,10263,37007,69950,130893,11267,24983,51047,93276,61154,37324,4880,40418,23689,57211,59072,37451,129746,64876,57713,39605
297,0.03855,0.03854,0.03853,0.03852,0.03851,0.0385,0.03849,0.03848,0.03847,0.03846,0.03857,0.03858,0.03859,0.0386,0.03861,0.03862,0.03863,0.03864,0.03865,0.03866,4319,18914,67843,126312,10908,25028,76775,112219,13386,23211,17680,40656,67002,57996,34671,42151,175463,3406,50431,71871
298,0.03859,0.03858,0.03857,0.03856,0.03855,0.03854,0.03853,0.03852,0.03851,0.0385,0.03861,0.03862,0.03863,0.03864,0.03865,0.03866,0.03867,0.03868,0.03869,0.0387,3355,8580,32173,85678,28505,74039,80361,99405,32851,86755,5735,25833,39347,57727,64122,98762,123758,52029,39172,18552
299,0.03859,0.03858,0.03857,0.03856,0.03855,0.03854,0.03853,0.03852,0.03851,0.0385,0.03861,0.03862,0.03863,0.03864,0.03865,0.03866,0.03867,0.03868,0.03869,0.0387,19037,10385,45173,126434,33947,25904,95502,124329,63382,96798,4024,47679,39347,57371,71297,94126,78128,77078,19781,44400
300,0.03864,0.03863,0.03862,0.03861,0.0386,0.03859,0.03858,0.03857,0.03856,0.03855,0.03865,0.03866,0.03867,0.03868,0.03869,0.0387,0.03871,0.03872,0.03873,0.03874,4432,5610,20351,68446,112506,43644,110552,89199,137153,95255,195,21954,20113,52574,34965,63296,91156,13909,38734,4066
301,0.03864,0.03863,0.03862,0.03861,0.0386,0.03859,0.03858,0.03857,0.03856,0.03855,0.03865,0.03866,0.03867,0.03868,0.03869,0.0387,0.03871,0.03872,0.03873,0.03874,2223,9043,25448,62745,94879,101158,122568,84148,171692,64809,5211,5600,4892,13723,40507,118966,82386,37866,30493,16975
302,0.03866,0.03865,0.03864,0.03863,0.03862,0.03861,0.0386,0.03859,0.03858,0.03857,0.03867,0.03868,0.03869,0.0387,0.03871,0.03872,0.03873,0.03874,0.03875,0.03876,3467,41854,98929,51656,54365,44730,147175,154379,120571,82224,195,5134,13986,55704,84309,25535,35172,32286,75337,19556
303,0.03866,0.03865,0.03864,0.03863,0.03862,0.03861,0.0386,0.03859,0.03858,0.03857,0.03868,0.03869,0.0387,0.03871,0.03872,0.03873,0.03874,0.03875,0.03876,0.03877,6111,43984,109308,26529,60564,74548,147183,138594,95317,115433,4868,14420,31012,91688,70596,67847,47459,105799,19550,12906
304,0.03867,0.03866,0.03865,0.03864,0.03863,0.03862,0.03861,0.0386,0.03859,0.03858,0.0387,0.03871,0.03872,0.03873,0.03874,0.03875,0.03876,0.03877,0.03878,0.03879,4645,24093,86359,142122,56626,64041,118782,159869,76309,64581,10245,35811,37905,54764,52707,129933,7598,34234,25990,16069
305,0.03869,0.03868,0.03867,0.03866,0.03865,0.03864,0.03863,0.03862,0.03861,0.0386,0.03871,0.03872,0.03873,0.03874,0.03875,0.03876,0.03877,0.03878,0.03879,0.0388,22978,83725,31899,36737,54135,129362,88622,67726,94233,101475,7139,4903,8959,23258,83160,84004,35815,35342,61767,75675
306,0.03865,0.03864,0.03863,0.03862,0.03861,0.0386,0.03859,0.03858,0.03857,0.03856,0.03867,0.03868,0.03869,0.0387,0.03871,0.03872,0.03873,0.03874,0.03875,0.03876,5579,27375,38387,57499,44730,104405,115916,68670,78111,131122,5095,5517,19470,54942,58627,96389,30524,30119,49626,98978
307,0.0386,0.03859,0.03858,0.03857,0.03856,0.03855,0.03854,0.03853,0.03852,0.03851,0.03862,0.03863,0.03864,0.03865,0.03866,0.03867,0.03868,0.03869,0.0387,0.03871,195,13471,44474,70171,123189,112382,13718,91566,177811,38871,4954,5773,12926,36283,59207,67749,108709,67185,12967,41808
308,0.0386,0.03859,0.03858,0.03857,0.03856,0.03855,0.03854,0.03853,0.03852,0.03851,0.03862,0.03863,0.03864,0.03865,0.03866,0.03867,0.03868,0.03869,0.0387,0.03871,19011,38005,50870,101436,124927,110891,19940,114804,109281,38871,3886,4867,5872,17988,36204,61653,133467,76926,36776,61797
309,0.03864,0.03863,0.03862,0.03861,0.0386,0.03859,0.03858,0.03857,0.03856,0.03855,0.03865,0.03866,0.03867,0.03868,0.03869,0.0387,0.03871,0.03872,0.03873,0.03874,9671,14686,19010,48431,130265,136938,96405,63137,162774,98205,195,7608,24834,18692,49422,36271,75732,117763,14863,13106
310,0.03869,0.03868,0.03867,0.03866,0.03865,0.03864,0.03863,0.03862,0.03861,0.0386,0.03871,0.03872,0.03873,0.03874,0.03875,0.03876,0.03877,0.03878,0.03879,0.0388,4591,91398,67364,94438,73357,131312,60937,86499,47451,99269,3212,15605,30705,27494,98726,112396,61204,9556,36878,86578
311,0.03878,0.03877,0.03876,0.03875,0.03874,0.03873,0.03872,0.03871,0.0387,0.03869,0.03881,0.03882,0.03883,0.03884,0.03885,0.03886,0.03887,0.03888,0.03889,0.0389,16136,49572,113025,41346,20442,103739,103568,73226,118630,65847,23838,54245,15443,72426,104040,40295,16185,13393,36777,105688
312,0.03883,0.03882,0.03881,0.0388,0.03879,0.03878,0.03877,0.03876,0.03875,0.03874,0.03884,0.03885,0.03886,0.03887,0.03888,0.03889,0.0389,0.03891,0.03892,0.03893,5684,18951,49697,109510,55753,56527,67281,145302,56280,72480,3334,4366,23878,22114,21351,58109,123209,10537,45899,42353
313,0.03876,0.03875,0.03874,0.03873,0.03872,0.03871,0.0387,0.03869,0.03868,0.03867,0.03877,0.03878,0.03879,0.0388,0.03881,0.03882,0.03883,0.03884,0.03885,0.03886,70416,29467,44673,59442,73168,33500,194,65236,149485,40154,4572,6124,29169,18108,31666,10344,28759,49646,66880,103897
314,0.03873,0.03872,0.03871,0.0387,0.03869,0.03868,0.03867,0.03866,0.03865,0.03864,0.03874,0.03875,0.03876,0.03877,0.03878,0.03879,0.0388,0.03881,0.03882,0.03883,194,92548,65034,63101,55092,100441,12906,48158,66975,101364,6124,7382,14242,37906,35853,19598,40628,107889,90101,43412
315,0.03864,0.03863,0.03862,0.03861,0.0386,0.03859,0.03858,0.03857,0.03856,0.03855,0.03866,0.03867,0.03868,0.03869,0.0387,0.03871,0.03872,0.03873,0.03874,0.03875,12210,37860,43874,75352,128659,10149,80088,25564,131719,85949,6257,13557,23889,16755,37937,88154,61243,32265,79170,98793
316,0.03871,0.0387,0.03869,0.03868,0.03867,0.03866,0.03865,0.03864,0.03863,0.03862,0.03873,0.03874,0.03875,0.03876,0.03877,0.03878,0.03879,0.0388,0.03881,0.03882,6093,6732,44286,117147,17225,42370,40820,134939,27064,195,21242,41382,85882,18636,69480,33109,48426,40023,47063,111823
317,0.03872,0.03871,0.0387,0.03869,0.03868,0.03867,0.03866,0.03865,0.03864,0.03863,0.03873,0.03874,0.03875,0.03876,0.03877,0.03878,0.03879,0.0388,0.03881,0.03882,5282,28971,74406,73785,179276,6717,40477,52554,138545,71441,4067,6723,29111,29539,43437,84718,47156,23349,71397,114842
318,0.0387,0.03869,0.03868,0.03867,0.03866,0.03865,0.03864,0.03863,0.03862,0.03861,0.03872,0.03873,0.03874,0.03875,0.03876,0.03877,0.03878,0.03879,0.0388,0.03881,20481,84646,128207,14326,56571,47097,101382,69466,24659,39066,4291,21759,55495,58666,10731,46248,116440,47319,49385,63717
319,0.03873,0.03872,0.03871,0.0387,0.03869,0.03868,0.03867,0.03866,0.03865,0.03864,0.03874,0.03875,0.03876,0.03877,0.03878,0.03879,0.0388,0.03881,0.03882,0.03883,53567,453,16947,35682,45411,108054,34963,77593,25070,116272,259,40455,25622,58587,103542,26057,27473,63717,85047,38928
320,0.03877,0.03876,0.03875,0.03874,0.03873,0.03872,0.03871,0.0387,0.03869,0.03868,0.03878,0.03879,0.0388,0.03881,0.03882,0.03883,0.03884,0.03885,0.03886,0.03887,1036,4653,31620,63919,132811,86698,40626,19237,48969,132786,259,23585,46836,55508,104799,41249,25426,46409,104687,13165
321,0.03872,0.03871,0.0387,0.03869,0.03868,0.03867,0.03866,0.03865,0.03864,0.03863,0.03873,0.03874,0.03875,0.03876,0.03877,0.03878,0.03879,0.0388,0.03881,0.03882,6751,21675,51471,68042,103633,67852,65505,27309,128441,68396,2959,16273,38714,55300,53810,101875,41984,16759,61737,103053
322,0.03873,0.03872,0.03871,0.0387,0.03869,0.03868,0.03867,0.03866,0.03865,0.03864,0.03875,0.03876,0.03877,0.03878,0.03879,0.0388,0.03881,0.03882,0.03883,0.03884,9563,22915,63507,71018,50219,90088,72463,49755,26102,78293,15402,52207,78423,106359,43020,27151,47066,113598,41622,1448
323,0.03872,0.03871,0.0387,0.03869,0.03868,0.03867,0.03866,0.03865,0.03864,0.03863,0.03873,0.03874,0.03875,0.03876,0.03877,0.03878,0.03879,0.0388,0.03881,0.03882,259,12282,26167,67735,115049,73716,33355,49013,84529,80796,4975,18819,48375,20622,81020,89291,71801,55376,37944,91640
324,0.03875,0.03874,0.03873,0.03872,0.03871,0.0387,0.03869,0.03868,0.03867,0.03866,0.03876,0.03877,0.03878,0.03879,0.0388,0.03881,0.03882,0.03883,0.03884,0.03885,2700,16584,43504,92930,52056,98619,57572,84529,53535,85850,2959,11990,21086,53781,33831,50481,124207,25939,33930,41613
325,0.03867,0.03866,0.03865,0.03864,0.03863,0.03862,0.03861,0.0386,0.03859,0.03858,0.03869,0.0387,0.03871,0.03872,0.03873,0.03874,0.03875,0.03876,0.03877,0.03878,43490,64588,105329,26790,67426,102985,150669,38067,46108,61988,6027,16366,36273,39684,43778,87026,58445,43040,63869,20718
326,0.03872,0.03871,0.0387,0.03869,0.03868,0.03867,0.03866,0.03865,0.03864,0.03863,0.03873,0.03874,0.03875,0.03876,0.03877,0.03878,0.03879,0.0388,0.03881,0.03882,453,28251,86667,49222,16268,80030,142298,32314,60074,22157,3867,7764,12241,19501,39810,35871,106330,56763,41482,63419
327,0.03874,0.03873,0.03872,0.03871,0.0387,0.03869,0.03868,0.03867,0.03866,0.03865,0.03875,0.03876,0.03877,0.03878,0.03879,0.0388,0.03881,0.03882,0.03883,0.03884,58481,3153,13315,41525,135465,20865,22736,115876,163267,36214,12714,42135,42918,30991,104236,42627,55022,16742,68810,101592
328,0.03869,0.03868,0.03867,0.03866,0.03865,0.03864,0.03863,0.03862,0.03861,0.0386,0.0387,0.03871,0.03872,0.03873,0.03874,0.03875,0.03876,0.03877,0.03878,0.03879,259,3153,14884,18888,22402,27514,53070,84833,197854,33980,8415,24099,27532,82094,76731,90985,34680,51773,34260,81659
329,0.03867,0.03866,0.03865,0.03864,0.03863,0.03862,0.03861,0.0386,0.03859,0.03858,0.03868,0.03869,0.0387,0.03871,0.03872,0.03873,0.03874,0.03875,0.03876,0.03877,8470,18883,27073,89993,164723,55429,63486,114696,83302,65794,109,14405,66401,83075,15848,57714,76329,111592,28438,15865
330,0.0387,0.03869,0.03868,0.03867,0.03866,0.03865,0.03864,0.03863,0.03862,0.03861,0.03871,0.03872,0.03873,0.03874,0.03875,0.03876,0.03877,0.03878,0.03879,0.0388,453,42356,56275,132696,63079,35237,65515,123707,23851,27401,3240,14494,30050,54135,80375,26103,61645,48674,114834,49423
331,0.03868,0.03867,0.03866,0.03865,0.03864,0.03863,0.03862,0.03861,0.0386,0.03859,0.03869,0.0387,0.03871,0.03872,0.03873,0.03874,0.03875,0.03876,0.03877,0.03878,3153,8693,40370,98394,68816,102358,50029,105242,66420,71406,1418,45592,40218,16941,37397,41906,98592,49645,65629,21640
332,0.03866,0.03865,0.03864,0.03863,0.03862,0.03861,0.0386,0.03859,0.03858,0.03857,0.03867,0.03868,0.03869,0.0387,0.03871,0.03872,0.03873,0.03874,0.03875,0.03876,3153,22978,62309,97876,37082,87830,56301,147217,150263,56478,1200,39022,136671,43070,78576,45004,65131,34060,82337,20028
333,0.03862,0.03861,0.0386,0.03859,0.03858,0.03857,0.03856,0.03855,0.03854,0.03853,0.03863,0.03864,0.03865,0.03866,0.03867,0.03868,0.03869,0.0387,0.03871,0.03872,259,649,36440,103766,103332,24435,46302,123187,33574,100531,8186,86633,43803,61086,67963,21603,46591,38763,115662,58831
334,0.03864,0.03863,0.03862,0.03861,0.0386,0.03859,0.03858,0.03857,0.03856,0.03855,0.03865,0.03866,0.03867,0.03868,0.03869,0.0387,0.03871,0.03872,0.03873,0.03874,2700,28859,70684,54384,104607,91481,59359,47989,54007,127311,5656,13628,14797,9251,16028,41919,95961,15088,41933,3153
335,0.03864,0.03863,0.03862,0.03861,0.0386,0.03859,0.03858,0.03857,0.03856,0.03855,0.03865,0.03866,0.03867,0.03868,0.03869,0.0387,0.03871,0.03872,0.03873,0.03874,3993,15772,36342,74044,120496,107253,43996,61271,181598,114763,1733,17902,40806,15672,12998,77868,141183,15678,41914,3153
336,0.03864,0.03863,0.03862,0.03861,0.0386,0.03859,0.03858,0.03857,0.03856,0.03855,0.03866,0.03867,0.03868,0.03869,0.0387,0.03871,0.03872,0.03873,0.03874,0.03875,7998,31828,90941,66947,90075,90546,64187,70866,198991,90011,8990,30421,28951,10635,80231,139912,14405,41914,36006,110059
337,0.03864,0.03863,0.03862,0.03861,0.0386,0.03859,0.03858,0.03857,0.03856,0.03855,0.03865,0.03866,0.03867,0.03868,0.03869,0.0387,0.03871,0.03872,0.03873,0.03874,8791,16883,22664,39703,145012,96390,33631,19728,111554,256007,848,17662,58828,22609,39557,59347,99062,14405,41918,3153
338,0.03862,0.03861,0.0386,0.03859,0.03858,0.03857,0.03856,0.03855,0.03854,0.03853,0.03863,0.03864,0.03865,0.03866,0.03867,0.03868,0.03869,0.0387,0.03871,0.03872,20988,38965,100714,69703,38517,26526,124305,164317,44966,76972,1582,12242,38481,52298,82088,55318,61652,46092,89908,15082
339,0.03865,0.03864,0.03863,0.03862,0.03861,0.0386,0.03859,0.03858,0.03857,0.03856,0.03866,0.03867,0.03868,0.03869,0.0387,0.03871,0.03872,0.03873,0.03874,0.03875,453,9972,36441,91995,92067,95714,81890,75586,74900,33517,9396,18620,36180,13363,69587,102082,46774,41221,55380,106189
340,0.03867,0.03866,0.03865,0.03864,0.03863,0.03862,0.03861,0.0386,0.03859,0.03858,0.03868,0.03869,0.0387,0.03871,0.03872,0.03873,0.03874,0.03875,0.03876,0.03877,7426,31539,96871,90535,31984,77777,75632,108152,40974,211474,648,8330,24537,56503,30758,26421,67101,104382,15540,45529
341,0.03873,0.03872,0.03871,0.0387,0.03869,0.03868,0.03867,0.03866,0.03865,0.03864,0.03874,0.03875,0.03876,0.03877,0.03878,0.03879,0.0388,0.03881,0.03882,0.03883,2552,21304,39421,27805,103970,106353,27677,52803,111896,119656,14620,6851,51637,43942,58265,97537,48131,15865,9636,35196
342,0.03871,0.0387,0.03869,0.03868,0.03867,0.03866,0.03865,0.03864,0.03863,0.03862,0.03872,0.03873,0.03874,0.03875,0.03876,0.03877,0.03878,0.03879,0.0388,0.03881,259,453,31576,93763,13899,31051,56560,89338,49264,103683,12624,8153,36516,135724,55763,25250,48914,98126,40873,48124
343,0.03873,0.03872,0.03871,0.0387,0.03869,0.03868,0.03867,0.03866,0.03865,0.03864,0.03874,0.03875,0.03876,0.03877,0.03878,0.03879,0.0388,0.03881,0.03882,0.03883,2959,4301,21033,74381,64302,115392,19026,31082,65507,141398,6562,21396,59957,63313,33514,121488,11203,41837,3153,42478
344,0.03876,0.03875,0.03874,0.03873,0.03872,0.03871,0.0387,0.03869,0.03868,0.03867,0.03877,0.03878,0.03879,0.0388,0.03881,0.03882,0.03883,0.03884,0.03885,0.03886,8324,9240,15111,49134,131964,92764,63934,29019,172179,36508,601,6936,23042,26433,33928,27170,72295,84714,43606,9263
345,0.03878,0.03877,0.03876,0.03875,0.03874,0.03873,0.03872,0.03871,0.0387,0.03869,0.03879,0.0388,0.03881,0.03882,0.03883,0.03884,0.03885,0.03886,0.03887,0.03888,11098,38480,105532,59170,95308,28060,104060,53807,63814,27678,421,11125,23458,51895,26146,44004,43507,113613,29646,39447
346,0.03879,0.03878,0.03877,0.03876,0.03875,0.03874,0.03873,0.03872,0.03871,0.0387,0.0388,0.03881,0.03882,0.03883,0.03884,0.03885,0.03886,0.03887,0.03888,0.03889,6896,20231,49981,130538,58960,87272,70573,107725,46085,63413,850,3347,9580,23051,34766,60218,102609,45293,44782,17874
347,0.0388,0.03879,0.03878,0.03877,0.03876,0.03875,0.03874,0.03873,0.03872,0.03871,0.03882,0.03883,0.03884,0.03885,0.03886,0.03887,0.03888,0.03889,0.0389,0.03891,3152,22595,61380,84297,102354,27463,61988,76623,112075,20020,11251,10696,25153,71814,130941,44768,43109,29421,54851,89836
348,0.03879,0.03878,0.03877,0.03876,0.03875,0.03874,0.03873,0.03872,0.03871,0.0387,0.0388,0.03881,0.03882,0.03883,0.03884,0.03885,0.03886,0.03887,0.03888,0.03889,258,3713,34456,106817,25653,62248,60094,111434,58581,45750,12262,33603,124677,79645,24407,56979,116179,40146,26704,22563
349,0.03882,0.03881,0.0388,0.03879,0.03878,0.03877,0.03876,0.03875,0.03874,0.03873,0.03883,0.03884,0.03885,0.03886,0.03887,0.03888,0.03889,0.0389,0.03891,0.03892,11220,11710,86764,41646,17351,64499,137856,3347,86031,81156,3943,9826,21764,75457,129894,60202,39201,70478,80842,51060
350,0.03883,0.03882,0.03881,0.0388,0.03879,0.03878,0.03877,0.03876,0.03875,0.03874,0.03884,0.03885,0.03886,0.03887,0.03888,0.03889,0.0389,0.03891,0.03892,0.03893,285841,14766,28689,116882,36646,3153,72395,141304,33803,86031,3097,14792,66856,108968,50019,34128,70478,78820,51060,51211
351,0.03884,0.03883,0.03882,0.03881,0.0388,0.03879,0.03878,0.03877,0.03876,0.03875,0.03886,0.03887,0.03888,0.03889,0.0389,0.03891,0.03892,0.03893,0.03894,0.03895,8157,96781,11904,36061,102866,37573,20552,58289,193235,14449,7556,20864,33635,22349,43143,98584,20463,12234,44516,45756
352,0.03881,0.0388,0.03879,0.03878,0.03877,0.03876,0.03875,0.03874,0.03873,0.03872,0.03882,0.03883,0.03884,0.03885,0.03886,0.03887,0.03888,0.03889,0.0389,0.03891,7495,9281,35659,48469,77884,171546,17436,36981,50317,138269,2803,8372,16182,30723,99251,94266,52599,12951,53444,81148
