timestamp,bid_price_0,bid_price_1,bid_price_2,bid_price_3,bid_price_4,bid_price_5,bid_price_6,bid_price_7,bid_price_8,bid_price_9,ask_price_0,ask_price_1,ask_price_2,ask_price_3,ask_price_4,ask_price_5,ask_price_6,ask_price_7,ask_price_8,ask_price_9,bid_size_0,bid_size_1,bid_size_2,bid_size_3,bid_size_4,bid_size_5,bid_size_6,bid_size_7,bid_size_8,bid_size_9,ask_size_0,ask_size_1,ask_size_2,ask_size_3,ask_size_4,ask_size_5,ask_size_6,ask_size_7,ask_size_8,ask_size_9
0,30.28,30.27,30.26,30.25,30.24,30.23,30.22,30.21,30.2,30.19,30.29,30.3,30.31,30.32,30.33,30.34,30.35,30.36,30.37,30.38,50.061,18.298,129.804,285.143,124.765,413.763,614.945,372.512,104.41,476.313,9.381,25.149,89.259,393.573,503.172,127.287,102.904,277.382,295.393,39.641
1,30.27,30.26,30.25,30.24,30.23,30.22,30.21,30.2,30.19,30.18,30.28,30.29,30.3,30.31,30.32,30.33,30.34,30.35,30.36,30.37,3.375,45.651,28.93,99.398,304.377,586.172,521.087,213.856,476.313,37.177,3.375,100.605,284.877,55.157,349.206,573.247,63.016,102.904,576.253,295.393
2,30.25,30.24,30.23,30.22,30.21,30.2,30.19,30.18,30.17,30.16,30.26,30.27,30.28,30.29,30.3,30.31,30.32,30.33,30.34,30.35,20.05,18.371,180.247,502.871,335.289,370.632,470.572,242.799,503.707,335.305,0.496,49.166,42.933,184.236,360.095,289.066,262.307,277.382,45.517,493.16
3,30.26,30.25,30.24,30.23,30.22,30.21,30.2,30.19,30.18,30.17,30.27,30.28,30.29,30.3,30.31,30.32,30.33,30.34,30.35,30.36,3.375,22.52,60.017,180.247,455.209,400.869,391.868,432.733,80.809,494.324,21.99,23.188,129.904,346.77,179.974,309.152,277.382,236.205,102.904,614.661
4,30.23,30.22,30.21,30.2,30.19,30.18,30.17,30.16,30.15,30.14,30.25,30.26,30.27,30.28,30.29,30.3,30.31,30.32,30.33,30.34,40.06,88.804,44.513,211.144,537.644,276.231,457.526,432.38,232.526,358.976,16.99,98.448,282.919,18.341,129.722,358.978,184.789,254.924,277.382,236.205
5,30.27,30.26,30.25,30.24,30.23,30.22,30.21,30.2,30.19,30.18,30.28,30.29,30.3,30.31,30.32,30.33,30.34,30.35,30.36,30.37,17.723,49.461,7.522,41.483,212.162,371.721,317.676,163.708,331.006,300.985,3.871,138.597,408.748,64.709,351.143,477.453,45.517,104.582,670.455,595.352
6,30.26,30.25,30.24,30.23,30.22,30.21,30.2,30.19,30.18,30.17,30.27,30.28,30.29,30.3,30.31,30.32,30.33,30.34,30.35,30.36,1.548,7.522,55.526,217.734,414.487,383.474,284.312,339.031,206.525,363.939,3.375,43.682,97.538,402.31,115.741,325.341,626.312,3.871,5.549,277.382
7,30.25,30.24,30.23,30.22,30.21,30.2,30.19,30.18,30.17,30.16,30.26,30.27,30.28,30.29,30.3,30.31,30.32,30.33,30.34,30.35,3.375,31.325,168.137,384.612,326.463,164.908,393.537,431.259,490.434,534.235,24.438,315.311,177.977,377.824,494.737,43.767,380.996,626.312,3.871,5.549
8,30.23,30.22,30.21,30.2,30.19,30.18,30.17,30.16,30.15,30.14,30.24,30.25,30.26,30.27,30.28,30.29,30.3,30.31,30.32,30.33,4.641,20.562,49.166,172.424,414.278,370.06,609.774,394.939,199.78,47.131,14,18.484,92.52,314.376,183.737,285.054,304.346,352.021,272.813,626.312
9,30.23,30.22,30.21,30.2,30.19,30.18,30.17,30.16,30.15,30.14,30.24,30.25,30.26,30.27,30.28,30.29,30.3,30.31,30.32,30.33,3.375,24.103,23.015,130.778,357.88,208.746,541.068,515.384,199.78,45.518,24.662,12.587,92.52,370.469,385.466,295.393,277.561,343.727,82.125,626.312
10,30.2,30.19,30.18,30.17,30.16,30.15,30.14,30.13,30.12,30.11,30.22,30.23,30.24,30.25,30.26,30.27,30.28,30.29,30.3,30.31,104.714,318.271,133.138,541.164,448.441,96.279,246.645,728.655,286.223,348.753,13.783,98.069,313.279,106.759,110.53,299.893,203.942,295.393,278.65,342.638
11,30.24,30.23,30.22,30.21,30.2,30.19,30.18,30.17,30.16,30.15,30.25,30.26,30.27,30.28,30.29,30.3,30.31,30.32,30.33,30.34,8.685,119.676,394.966,263.443,140.917,373.514,227.926,616.497,368.414,80.966,6.235,12.07,12.749,90.925,344.986,304.597,45.517,99.033,671.125,147.034
12,30.25,30.24,30.23,30.22,30.21,30.2,30.19,30.18,30.17,30.16,30.26,30.27,30.28,30.29,30.3,30.31,30.32,30.33,30.34,30.35,11.375,11.272,136.197,420.66,330.273,140.848,444.524,130.214,316.608,517.123,14.425,18.473,119.782,509.095,1126.57,45.517,5.048,756.325,445.905,503.356
13,30.26,30.25,30.24,30.23,30.22,30.21,30.2,30.19,30.18,30.17,30.27,30.28,30.29,30.3,30.31,30.32,30.33,30.34,30.35,30.36,19.394,55.472,39.565,226.117,413.732,398.083,141.937,318.271,37.177,295.394,3.375,12.684,253.593,1118.737,99.665,14.742,756.325,98.747,113.1,579.07
14,30.2,30.19,30.18,30.17,30.16,30.15,30.14,30.13,30.12,30.11,30.22,30.23,30.24,30.25,30.26,30.27,30.28,30.29,30.3,30.31,23.926,61.054,112.446,415.676,416.955,140.523,241.273,478.331,286.223,260.855,20.834,97.931,361.783,279.636,105.687,373.176,194.559,295.393,1109.043,302.742
15,30.17,30.16,30.15,30.14,30.13,30.12,30.11,30.1,30.09,30.08,30.18,30.19,30.2,30.21,30.22,30.23,30.24,30.25,30.26,30.27,13.375,13.345,10.322,120.719,497.122,455.507,271.447,469.763,123.351,383.158,21.226,28.334,175.249,637.412,200.56,88.31,287.078,252.221,78.6,468.07
16,30.13,30.12,30.11,30.1,30.09,30.08,30.07,30.06,30.05,30.04,30.14,30.15,30.16,30.17,30.18,30.19,30.2,30.21,30.22,30.23,32.655,12.651,114.825,401.682,316.212,550.272,448.073,196.874,49.799,540.845,21.223,27.276,91.679,344.535,306.568,118.509,89.416,580.649,64.912,78.795
17,30.13,30.12,30.11,30.1,30.09,30.08,30.07,30.06,30.05,30.04,30.14,30.15,30.16,30.17,30.18,30.19,30.2,30.21,30.22,30.23,13.031,19.399,24.276,60.259,272.128,903.185,237.073,170.881,466.695,827.965,9.96,16.498,88.071,433.149,291.563,20.762,107.439,761.643,64.912,78.795
18,30.16,30.15,30.14,30.13,30.12,30.11,30.1,30.09,30.08,30.07,30.17,30.18,30.19,30.2,30.21,30.22,30.23,30.24,30.25,30.26,10.557,139.674,283.852,93.125,449.169,395.325,208.947,215.223,747.158,268.147,3.375,12.638,15.484,170.845,691.404,106.116,113.241,277.384,515.867,377.471
19,30.15,30.14,30.13,30.12,30.11,30.1,30.09,30.08,30.07,30.06,30.17,30.18,30.19,30.2,30.21,30.22,30.23,30.24,30.25,30.26,95.675,300.539,92.987,395.981,442.652,212.676,360.486,714.019,170.222,331.984,82.96,12.947,115.903,477.415,343.238,92.601,78.795,277.384,442.909,377.471
20,30.21,30.2,30.19,30.18,30.17,30.16,30.15,30.14,30.13,30.12,30.22,30.23,30.24,30.25,30.26,30.27,30.28,30.29,30.3,30.31,42.844,11.882,42.258,215.546,402.614,303.547,273.198,326.858,115.34,297.444,61.039,52.171,287.323,92.825,228.998,277.382,25.246,295.393,1302.548,394.127
21,30.22,30.21,30.2,30.19,30.18,30.17,30.16,30.15,30.14,30.13,30.23,30.24,30.25,30.26,30.27,30.28,30.29,30.3,30.31,30.32,10,10.857,12.505,44.463,214.881,397.645,268.215,187.229,355.158,124.383,6.388,38.822,124.097,137.642,439.361,125.325,496.02,1111.86,394.127,12.931
22,30.21,30.2,30.19,30.18,30.17,30.16,30.15,30.14,30.13,30.12,30.23,30.24,30.25,30.26,30.27,30.28,30.29,30.3,30.31,30.32,51.177,286.016,30.082,205.887,415.211,374.819,215.547,319.03,3.873,297.675,12.237,37.35,100.95,170.781,439.361,125.325,486.081,1111.86,394.127,12.931
23,30.26,30.25,30.24,30.23,30.22,30.21,30.2,30.19,30.18,30.17,30.28,30.29,30.3,30.31,30.32,30.33,30.34,30.35,30.36,30.37,46.72,26.953,142.17,303.32,145.749,438.547,336.472,120.804,47.568,320.122,10.051,296.553,901.605,72.669,110.781,529.578,253.573,80.1,576.253,298.21
24,30.25,30.24,30.23,30.22,30.21,30.2,30.19,30.18,30.17,30.16,30.26,30.27,30.28,30.29,30.3,30.31,30.32,30.33,30.34,30.35,2.896,131.756,299.316,150.914,421.091,306.569,144.017,234.707,618.966,264.192,15.718,11.262,186.958,705.803,900.919,296.376,55.586,529.578,103.158,80.1
25,30.26,30.25,30.24,30.23,30.22,30.21,30.2,30.19,30.18,30.17,30.27,30.28,30.29,30.3,30.31,30.32,30.33,30.34,30.35,30.36,3.375,26.525,139.722,291.984,141.424,514.685,375.541,28.328,86.184,341.584,13.039,99.064,449.662,984.96,72.668,279.459,529.578,45.518,134.51,576.253
26,30.27,30.26,30.25,30.24,30.23,30.22,30.21,30.2,30.19,30.18,30.28,30.29,30.3,30.31,30.32,30.33,30.34,30.35,30.36,30.37,3.375,12.884,38.924,228.848,296.284,126.2,491.255,383.356,26.181,86.184,4.623,254.572,889.348,72.668,71.105,624.283,63.098,270.788,576.253,299.298
27,30.29,30.28,30.27,30.26,30.25,30.24,30.23,30.22,30.21,30.2,30.3,30.31,30.32,30.33,30.34,30.35,30.36,30.37,30.38,30.39,42.857,59.567,231.381,411.539,484.82,285.613,412.975,190.827,345.654,277.384,296.137,44.191,99.086,340.866,153.022,257.214,294.99,299.298,584.994,314.034
28,30.33,30.32,30.31,30.3,30.29,30.28,30.27,30.26,30.25,30.24,30.34,30.35,30.36,30.37,30.38,30.39,30.4,30.41,30.42,30.43,36.707,286.332,20.756,137.676,294.363,87.697,193.227,433.094,554.438,237.441,7.812,131.812,203.647,677.306,183.363,63.58,851.147,254.412,3.87,48.333
29,30.35,30.34,30.33,30.32,30.31,30.3,30.29,30.28,30.27,30.26,30.36,30.37,30.38,30.39,30.4,30.41,30.42,30.43,30.44,30.45,16.469,19.319,135.819,289.236,113.613,472.137,322.135,56.328,226.545,277.382,11.635,24.613,67.518,170.174,537.225,350.206,92.53,320.812,305.649,252.2
30,30.4,30.39,30.38,30.37,30.36,30.35,30.34,30.33,30.32,30.31,30.42,30.43,30.44,30.45,30.46,30.47,30.48,30.49,30.5,30.51,22.962,138.59,277.38,43.339,182.719,369.39,279.369,209.135,325.044,29.036,12.765,12.838,105.945,328.043,70.791,173.053,533.355,419.52,523.081,3.87
31,30.38,30.37,30.36,30.35,30.34,30.33,30.32,30.31,30.3,30.29,30.39,30.4,30.41,30.42,30.43,30.44,30.45,30.46,30.47,30.48,38.861,20.224,143.936,349.93,289.2,208.325,326.442,440.397,691.036,278.191,14,12.742,111.272,294.951,20.996,181.594,822.81,57.568,53.107,386.379
32,30.4,30.39,30.38,30.37,30.36,30.35,30.34,30.33,30.32,30.31,30.42,30.43,30.44,30.45,30.46,30.47,30.48,30.49,30.5,30.51,48.294,286.739,31.109,167.794,367.26,235.953,482.855,385.702,277.612,393.441,12.563,44.073,119.481,570.679,101.098,332.391,453.804,401.18,823.035,3.87
33,30.39,30.38,30.37,30.36,30.35,30.34,30.33,30.32,30.31,30.3,30.4,30.41,30.42,30.43,30.44,30.45,30.46,30.47,30.48,30.49,45.382,13.487,89.131,324.765,93.84,283.925,199.047,303.702,3.871,335.053,3.375,52.092,11.746,11.096,188.62,546.974,64.478,124.389,425.86,390.562
34,30.42,30.41,30.4,30.39,30.38,30.37,30.36,30.35,30.34,30.33,30.43,30.44,30.45,30.46,30.47,30.48,30.49,30.5,30.51,30.52,11.756,12.572,120.194,421.447,312.025,222.57,648.343,143.413,565.069,84.998,1.988,86.219,308.21,101.098,123.641,583.819,581.25,1213.291,3.87,318.469
35,30.42,30.41,30.4,30.39,30.38,30.37,30.36,30.35,30.34,30.33,30.43,30.44,30.45,30.46,30.47,30.48,30.49,30.5,30.51,30.52,7.895,18.255,115.835,468.928,378.786,460.277,441.974,322.536,253.747,84.998,6.483,11.338,14.615,14.038,192.794,635.824,591.868,541.511,3.87,617.34
36,30.42,30.41,30.4,30.39,30.38,30.37,30.36,30.35,30.34,30.33,30.43,30.44,30.45,30.46,30.47,30.48,30.49,30.5,30.51,30.52,3.375,18.146,118.185,455.715,281.92,123.58,493.351,675.107,253.747,84.998,8.899,19.079,15.305,13.203,129.287,556.967,547.15,714.852,3.87,318.469
37,30.42,30.41,30.4,30.39,30.38,30.37,30.36,30.35,30.34,30.33,30.43,30.44,30.45,30.46,30.47,30.48,30.49,30.5,30.51,30.52,8.306,10.978,118.185,511.103,376.41,316.352,670.283,202.047,295.543,385.702,3.869,12.777,47.66,107.028,156.671,750.119,483.769,523.081,302.741,318.469
38,30.41,30.4,30.39,30.38,30.37,30.36,30.35,30.34,30.33,30.32,30.42,30.43,30.44,30.45,30.46,30.47,30.48,30.49,30.5,30.51,3.375,118.185,463.441,424.072,316.352,526.754,374.403,279.134,385.702,667.182,13.374,8.898,8.907,15.124,11.234,213.684,630.554,674.457,523.081,302.741
39,30.4,30.39,30.38,30.37,30.36,30.35,30.34,30.33,30.32,30.31,30.41,30.42,30.43,30.44,30.45,30.46,30.47,30.48,30.49,30.5,9.871,60.338,56.137,309.007,543.317,473.074,358.582,396.358,667.182,3.871,8.7,10.204,87.585,369.302,402.304,125.544,223.584,425.86,772.022,523.081
40,30.4,30.39,30.38,30.37,30.36,30.35,30.34,30.33,30.32,30.31,30.41,30.42,30.43,30.44,30.45,30.46,30.47,30.48,30.49,30.5,84.612,333.849,47.607,309.007,528.85,336.512,591.284,451.057,667.182,3.871,8.468,8.585,10.338,195.696,718.642,200.693,210.718,407.615,673.476,523.081
41,30.45,30.44,30.43,30.42,30.41,30.4,30.39,30.38,30.37,30.36,30.46,30.47,30.48,30.49,30.5,30.51,30.52,30.53,30.54,30.55,2.628,11.994,109.399,348.925,87.831,202.603,726.701,758.092,151.153,442.055,6.762,163.243,513.206,332.959,540.791,99.664,506.34,4.049,253.936,350.126
42,30.44,30.43,30.42,30.41,30.4,30.39,30.38,30.37,30.36,30.35,30.46,30.47,30.48,30.49,30.5,30.51,30.52,30.53,30.54,30.55,4.267,109.399,348.925,73.375,149.33,499.462,724.01,451.857,442.055,92.896,16.031,176.998,499.531,428.753,540.791,3.87,506.34,302.92,253.936,51.255
43,30.44,30.43,30.42,30.41,30.4,30.39,30.38,30.37,30.36,30.35,30.45,30.46,30.47,30.48,30.49,30.5,30.51,30.52,30.53,30.54,14.326,12.04,57.429,32.444,164.013,509.738,532.793,210.659,678.725,393.6,16.791,23.177,184.755,488.875,470.399,731.479,3.87,315.652,302.92,253.936
44,30.43,30.42,30.41,30.4,30.39,30.38,30.37,30.36,30.35,30.34,30.44,30.45,30.46,30.47,30.48,30.49,30.5,30.51,30.52,30.53,6.138,11.717,12.536,116.532,454.87,352.922,348.789,544.805,407.647,653.122,12.014,40.724,118.006,141.983,506.098,565.293,523.081,302.741,705.908,4.049
45,30.4,30.39,30.38,30.37,30.36,30.35,30.34,30.33,30.32,30.31,30.41,30.42,30.43,30.44,30.45,30.46,30.47,30.48,30.49,30.5,9.871,55.656,12.836,158.466,576.845,198.093,486.405,207.464,476.542,304.575,32.206,18.645,40.012,189.88,536.614,212.18,48.552,787.565,374.605,523.081
46,30.36,30.35,30.34,30.33,30.32,30.31,30.3,30.29,30.28,30.27,30.37,30.38,30.39,30.4,30.41,30.42,30.43,30.44,30.45,30.46,3.375,8.878,93.455,445.999,537.644,254.08,743.442,375.539,3.871,124.094,33.151,108.3,326.319,146.567,262.302,294.806,4.369,236.203,527.435,3.869
47,30.29,30.28,30.27,30.26,30.25,30.24,30.23,30.22,30.21,30.2,30.3,30.31,30.32,30.33,30.34,30.35,30.36,30.37,30.38,30.39,3.623,32.431,187.938,563.901,362.877,317.569,424.303,78.423,531.234,299.686,3.375,12.339,27.756,59.997,43.275,207.548,327.056,261.504,45.694,277.38
48,30.27,30.26,30.25,30.24,30.23,30.22,30.21,30.2,30.19,30.18,30.28,30.29,30.3,30.31,30.32,30.33,30.34,30.35,30.36,30.37,9.288,352.141,340.57,338.396,309.645,194.952,499.645,375.54,18.923,276.445,3.375,12.997,40.437,90.814,361.669,428.896,21.207,45.517,277.382,253.747
49,30.32,30.31,30.3,30.29,30.28,30.27,30.26,30.25,30.24,30.23,30.33,30.34,30.35,30.36,30.37,30.38,30.39,30.4,30.41,30.42,3.375,29.072,174.742,283.157,34.695,233.401,373.696,343.449,358.517,444.692,51.821,12.493,115.533,353.125,253.747,158.911,277.38,49.592,298.208,277.38
50,30.35,30.34,30.33,30.32,30.31,30.3,30.29,30.28,30.27,30.26,30.36,30.37,30.38,30.39,30.4,30.41,30.42,30.43,30.44,30.45,3.375,31.979,153.306,315.38,155.234,448.557,285.526,88.542,276.419,277.382,12.931,11.663,150.957,399.106,94.869,486.079,277.38,302.74,435.771,527.435
51,30.34,30.33,30.32,30.31,30.3,30.29,30.28,30.27,30.26,30.25,30.35,30.36,30.37,30.38,30.39,30.4,30.41,30.42,30.43,30.44,3.617,99.559,315.38,155.234,448.557,398.957,32.778,179.641,277.382,254.83,8.877,42.328,112.142,342.716,466.986,67.131,295.391,277.38,302.74,45.515
52,30.29,30.28,30.27,30.26,30.25,30.24,30.23,30.22,30.21,30.2,30.31,30.32,30.33,30.34,30.35,30.36,30.37,30.38,30.39,30.4,67.412,41.123,185.454,418.401,294.101,361.769,776.503,249.255,430.61,578.087,11.653,39.713,75.358,75.369,189.721,316.064,477.389,95.973,651.401,49.592
53,30.3,30.29,30.28,30.27,30.26,30.25,30.24,30.23,30.22,30.21,30.31,30.32,30.33,30.34,30.35,30.36,30.37,30.38,30.39,30.4,3.375,3.871,22.999,143.808,370.739,294.101,276.265,479.416,249.255,528.767,9.745,32.626,59.939,22.997,135.573,357.861,308.796,78.639,352.53,49.592
54,30.28,30.27,30.26,30.25,30.24,30.23,30.22,30.21,30.2,30.19,30.29,30.3,30.31,30.32,30.33,30.34,30.35,30.36,30.37,30.38,0.772,62.036,353.449,289.052,256.528,540.722,494.98,637.34,277.383,18.915,19.092,20.342,122.728,441.218,336.501,212.278,56.3,576.253,286.701,78.639
55,30.26,30.25,30.24,30.23,30.22,30.21,30.2,30.19,30.18,30.17,30.27,30.28,30.29,30.3,30.31,30.32,30.33,30.34,30.35,30.36,89.853,34.642,172.326,386.417,365.979,587.373,631.286,114.042,55.197,320.304,10.282,11.925,89.538,389.647,83.537,511.297,328.707,3.871,45.517,576.253
56,30.24,30.23,30.22,30.21,30.2,30.19,30.18,30.17,30.16,30.15,30.25,30.26,30.27,30.28,30.29,30.3,30.31,30.32,30.33,30.34,3.375,34.555,93.824,191.943,677.245,290.467,413.313,527.441,362.688,56.913,10,96.561,288.165,349.723,45.517,294.666,4.871,295.393,519.395,3.871
57,30.23,30.22,30.21,30.2,30.19,30.18,30.17,30.16,30.15,30.14,30.25,30.26,30.27,30.28,30.29,30.3,30.31,30.32,30.33,30.34,9.79,94.006,214.778,605.795,123.585,162.104,418.176,275.425,56.913,319.029,19.011,62.527,277.382,253.747,45.517,390.46,3.871,295.393,328.707,3.871
58,30.25,30.24,30.23,30.22,30.21,30.2,30.19,30.18,30.17,30.16,30.26,30.27,30.28,30.29,30.3,30.31,30.32,30.33,30.34,30.35,29.251,148.067,308.639,104.874,262.44,657.823,291.799,324.399,730.812,288.38,52.579,3.871,19.596,200.282,373.176,8.599,313.072,328.707,3.871,128.106
59,30.25,30.24,30.23,30.22,30.21,30.2,30.19,30.18,30.17,30.16,30.26,30.27,30.28,30.29,30.3,30.31,30.32,30.33,30.34,30.35,19.331,63.479,35.128,115.989,271.926,623.319,196.397,444.231,533.214,487.31,27.522,12.154,19.717,207.678,395.089,8.599,295.393,277.382,3.871,128.106
60,30.25,30.24,30.23,30.22,30.21,30.2,30.19,30.18,30.17,30.16,30.26,30.27,30.28,30.29,30.3,30.31,30.32,30.33,30.34,30.35,8.625,67.997,38.171,112.428,285.267,704,467.76,303.056,504.257,253.748,1.391,69.023,12.366,112.784,295.13,194.559,295.393,277.382,3.871,426.977
61,30.23,30.22,30.21,30.2,30.19,30.18,30.17,30.16,30.15,30.14,30.24,30.25,30.26,30.27,30.28,30.29,30.3,30.31,30.32,30.33,10.129,97.237,127.886,287.561,99.852,285.187,532.33,483.006,56.913,517.959,3.375,23.079,78.663,471.391,444.435,52.913,295.13,3.871,295.393,277.382
62,30.2,30.19,30.18,30.17,30.16,30.15,30.14,30.13,30.12,30.11,30.21,30.22,30.23,30.24,30.25,30.26,30.27,30.28,30.29,30.3,8.392,31.253,200.387,490.347,388.219,301.266,538.129,225.157,267.81,673.637,3.375,9.733,9.776,282.012,10.306,106.271,527.565,370.21,52.913,576.432
63,30.05,30.04,30.03,30.02,30.01,30,29.99,29.98,29.97,29.96,30.07,30.08,30.09,30.1,30.11,30.12,30.13,30.14,30.15,30.16,18.951,8.865,27.549,143.301,384.461,469.427,392.727,405.771,567.13,647.031,8.66,86.198,274.011,361.757,141.315,277.386,3.875,292.02,277.563,3.873
64,30.09,30.08,30.07,30.06,30.05,30.04,30.03,30.02,30.01,30,30.1,30.11,30.12,30.13,30.14,30.15,30.16,30.17,30.18,30.19,5.268,256.329,12.518,18.905,151.684,282.376,35.938,271.269,583.391,495.093,3.375,11.805,382.746,35.214,309.734,373.357,3.873,90.017,280.201,255.803
65,30.16,30.15,30.14,30.13,30.12,30.11,30.1,30.09,30.08,30.07,30.17,30.18,30.19,30.2,30.21,30.22,30.23,30.24,30.25,30.26,10.191,10.921,100.688,399.046,315.312,94.548,357.838,593.451,4.054,17.729,3.375,7.247,114.784,405.274,90.843,194.753,377.075,272.744,194.561,142.207
66,30.18,30.17,30.16,30.15,30.14,30.13,30.12,30.11,30.1,30.09,30.19,30.2,30.21,30.22,30.23,30.24,30.25,30.26,30.27,30.28,13.896,23.583,131.076,282.705,92.077,505.922,353.644,108.903,298.542,568.906,3.872,14.234,88.756,239.268,484.159,255.146,32.054,254.816,277.383,942.875
67,30.2,30.19,30.18,30.17,30.16,30.15,30.14,30.13,30.12,30.11,30.22,30.23,30.24,30.25,30.26,30.27,30.28,30.29,30.3,30.31,0.955,160.54,360.899,329.988,165.906,304.863,122.031,430.037,435.898,95.804,188.6,394.425,565.534,174.087,426.782,297.508,271.273,45.518,277.562,406.131
68,30.21,30.2,30.19,30.18,30.17,30.16,30.15,30.14,30.13,30.12,30.22,30.23,30.24,30.25,30.26,30.27,30.28,30.29,30.3,30.31,45.004,23.129,151.431,403.338,299.307,165.906,383.797,115.862,347.316,337.741,74.551,54.757,39.458,139.545,414.393,435.218,580.248,111.499,277.562,394.951
69,30.17,30.16,30.15,30.14,30.13,30.12,30.11,30.1,30.09,30.08,30.18,30.19,30.2,30.21,30.22,30.23,30.24,30.25,30.26,30.27,3.375,133.191,295.385,143.055,463.674,453.243,81.453,145.401,568.906,100.997,11.831,13.431,70.266,13.445,115.522,630.688,374.476,348.25,161.997,339.496
70,30.18,30.17,30.16,30.15,30.14,30.13,30.12,30.11,30.1,30.09,30.19,30.2,30.21,30.22,30.23,30.24,30.25,30.26,30.27,30.28,60.621,36.797,180.845,277.746,103.685,438.319,385.117,188.585,121.586,607.638,3.693,10.614,66.766,305.61,434.252,361.963,356.287,132.366,329.318,253.748
71,30.17,30.16,30.15,30.14,30.13,30.12,30.11,30.1,30.09,30.08,30.18,30.19,30.2,30.21,30.22,30.23,30.24,30.25,30.26,30.27,29.342,134.335,298.343,165.905,445.383,437.699,114.245,137.41,607.638,277.535,10,21.911,37.583,11.504,165.575,730.505,585.998,57.486,176.11,329.318
72,30.15,30.14,30.13,30.12,30.11,30.1,30.09,30.08,30.07,30.06,30.17,30.18,30.19,30.2,30.21,30.22,30.23,30.24,30.25,30.26,20.954,108.568,383.411,333.584,77.329,372.02,658.91,371.544,304.579,47.098,8.971,9.516,12.168,146.235,573.609,178.953,714.45,287.127,39.636,49.23
73,30.14,30.13,30.12,30.11,30.1,30.09,30.08,30.07,30.06,30.05,30.16,30.17,30.18,30.19,30.2,30.21,30.22,30.23,30.24,30.25,3.375,129.628,333.584,79.804,317.975,594.459,332.772,42.63,47.098,596.333,8.629,114.058,361.247,410.087,299.504,287.127,178.953,714.45,277.384,39.636
74,30.18,30.17,30.16,30.15,30.14,30.13,30.12,30.11,30.1,30.09,30.19,30.2,30.21,30.22,30.23,30.24,30.25,30.26,30.27,30.28,13.375,19.102,141.319,314.525,135.329,403.418,348.442,26.324,95.789,568.906,10.069,12.246,31.643,49.933,180.265,537.003,49.379,133.583,395.814,265.063
75,30.17,30.16,30.15,30.14,30.13,30.12,30.11,30.1,30.09,30.08,30.18,30.19,30.2,30.21,30.22,30.23,30.24,30.25,30.26,30.27,3.375,143.411,300.891,142.412,391.353,440.134,105.256,107.486,592.318,146.668,8.648,67.223,291.025,426.539,138.522,478.754,537.003,66.877,49.23,672.847
76,30.15,30.14,30.13,30.12,30.11,30.1,30.09,30.08,30.07,30.06,30.17,30.18,30.19,30.2,30.21,30.22,30.23,30.24,30.25,30.26,3.375,42.334,203.766,311.163,159.641,277.865,690.486,110.428,42.63,269.525,8.204,68.837,335.162,673.86,725.164,56.951,209.119,527.26,39.636,49.23
77,30.14,30.13,30.12,30.11,30.1,30.09,30.08,30.07,30.06,30.05,30.15,30.16,30.17,30.18,30.19,30.2,30.21,30.22,30.23,30.24,5.773,119.843,331.993,69.754,357.135,738.983,143.521,42.63,269.525,310.326,15.581,10.567,39.388,164.631,333.524,642.199,330.499,168.3,451.292,527.26
78,30.15,30.14,30.13,30.12,30.11,30.1,30.09,30.08,30.07,30.06,30.17,30.18,30.19,30.2,30.21,30.22,30.23,30.24,30.25,30.26,40.14,113.837,435.155,284.345,33.063,173.44,781.141,192.231,35.713,70.595,11.334,68.837,333.524,600.553,514.292,355.749,196.031,527.26,40.728,49.23
79,30.16,30.15,30.14,30.13,30.12,30.11,30.1,30.09,30.08,30.07,30.17,30.18,30.19,30.2,30.21,30.22,30.23,30.24,30.25,30.26,3.375,288.919,156.537,441.287,277.384,55.672,235.795,717.041,192.59,35.713,19.486,68.801,267.533,259.795,107.647,34.402,397.335,895.681,58.359,46.413
80,30.15,30.14,30.13,30.12,30.11,30.1,30.09,30.08,30.07,30.06,30.16,30.17,30.18,30.19,30.2,30.21,30.22,30.23,30.24,30.25,0.355,41.188,189.573,287.356,39.846,231.093,891.703,299.335,73.8,407.639,13.293,10.167,39.169,297.857,700.996,468.072,125.99,466.727,588.158,39.636
81,30.13,30.12,30.11,30.1,30.09,30.08,30.07,30.06,30.05,30.04,30.14,30.15,30.16,30.17,30.18,30.19,30.2,30.21,30.22,30.23,3.375,287.173,63.443,215.464,744.716,169.967,373.71,106.935,607.289,291.273,7.125,20.177,29.782,139.144,444.39,343.188,638.173,580.413,3.873,506.041
82,30.12,30.11,30.1,30.09,30.08,30.07,30.06,30.05,30.04,30.03,30.13,30.14,30.15,30.16,30.17,30.18,30.19,30.2,30.21,30.22,12.825,100.8,373.012,392.194,98.897,387.988,78.154,336.442,428.219,305.01,53.501,8.336,12.563,18.666,186.03,446.285,375.877,688.234,578.666,3.873
83,30.13,30.12,30.11,30.1,30.09,30.08,30.07,30.06,30.05,30.04,30.14,30.15,30.16,30.17,30.18,30.19,30.2,30.21,30.22,30.23,3.375,76.145,160.688,381.492,352.36,221.41,277.386,133.129,351.813,650.865,11.559,58.327,83.743,385.153,664.944,157.424,628.913,414.864,401.225,105.659
84,30.16,30.15,30.14,30.13,30.12,30.11,30.1,30.09,30.08,30.07,30.17,30.18,30.19,30.2,30.21,30.22,30.23,30.24,30.25,30.26,48.199,99.15,437.146,324.828,35.15,222.458,277.386,253.751,121.342,277.618,3.375,73.44,268.598,305.528,397.15,428.149,279.647,688.74,422.154,46.413
85,30.19,30.18,30.17,30.16,30.15,30.14,30.13,30.12,30.11,30.1,30.2,30.21,30.22,30.23,30.24,30.25,30.26,30.27,30.28,30.29,48.37,20.906,134.708,349.99,110.295,397.646,377.452,13.662,88.393,277.386,200.618,3.873,19.846,218.048,896.067,398.087,134.099,373.691,253.748,45.518
86,30.17,30.16,30.15,30.14,30.13,30.12,30.11,30.1,30.09,30.08,30.18,30.19,30.2,30.21,30.22,30.23,30.24,30.25,30.26,30.27,60.012,302.995,157.56,377.115,295.042,28.764,197.161,302.688,267.623,142.643,1.53,12.357,69.933,212.415,271.131,1033.627,80.689,95.204,46.413,277.383
87,30.13,30.12,30.11,30.1,30.09,30.08,30.07,30.06,30.05,30.04,30.14,30.15,30.16,30.17,30.18,30.19,30.2,30.21,30.22,30.23,319.053,28.764,202.582,384.381,363.608,120.251,303.186,90.772,552.037,715.868,15.317,10.908,12.856,13.185,140.474,632.944,671.358,12.119,150.936,588.066
88,30.14,30.13,30.12,30.11,30.1,30.09,30.08,30.07,30.06,30.05,30.15,30.16,30.17,30.18,30.19,30.2,30.21,30.22,30.23,30.24,54.173,310.192,109.717,116.198,484.449,303.923,146.058,278.478,325.074,351.813,0.498,4.056,17.216,180.96,670.151,671.358,12.119,174.246,588.217,61.655
89,30.15,30.14,30.13,30.12,30.11,30.1,30.09,30.08,30.07,30.06,30.16,30.17,30.18,30.19,30.2,30.21,30.22,30.23,30.24,30.25,3.375,93.751,371.04,54.13,115.895,399.13,332.483,154.987,277.386,290.996,8.277,13.516,139.435,589.561,345.565,191.23,461.287,598.006,33.614,67.957
90,30.18,30.17,30.16,30.15,30.14,30.13,30.12,30.11,30.1,30.09,30.19,30.2,30.21,30.22,30.23,30.24,30.25,30.26,30.27,30.28,30.681,92.949,302.681,153.948,391.506,296.767,145.726,71.305,277.386,296.627,13.707,21.449,8.924,180.501,681.905,345.488,183.899,416.253,277.383,256.565
91,30.16,30.15,30.14,30.13,30.12,30.11,30.1,30.09,30.08,30.07,30.17,30.18,30.19,30.2,30.21,30.22,30.23,30.24,30.25,30.26,3.375,63.399,136.401,337.483,155.783,128.319,305.32,321.343,158.327,500.241,18.288,76.565,301.646,327.446,189.944,502.933,568.315,53.899,85.649,46.413
92,30.18,30.17,30.16,30.15,30.14,30.13,30.12,30.11,30.1,30.09,30.19,30.2,30.21,30.22,30.23,30.24,30.25,30.26,30.27,30.28,40.572,94.761,377,200.053,524.05,381.092,45.658,83.549,277.386,317.92,14.205,19.244,70.798,455.568,668.834,125.533,365.055,129.212,294.754,256.565
93,30.16,30.15,30.14,30.13,30.12,30.11,30.1,30.09,30.08,30.07,30.17,30.18,30.19,30.2,30.21,30.22,30.23,30.24,30.25,30.26,13.375,46.748,169.274,564.383,93.913,214.218,559.544,351.977,120.251,277.618,13.159,19.667,111.832,292.755,54.332,317.501,567.225,125.772,259.027,333.454
94,30.16,30.15,30.14,30.13,30.12,30.11,30.1,30.09,30.08,30.07,30.17,30.18,30.19,30.2,30.21,30.22,30.23,30.24,30.25,30.26,10,73.215,159.625,314.507,131.067,223.969,497.53,352.645,120.251,277.618,25.442,10.134,73.517,210.314,133.06,604.542,567.225,71.331,78.014,46.413
95,30.16,30.15,30.14,30.13,30.12,30.11,30.1,30.09,30.08,30.07,30.17,30.18,30.19,30.2,30.21,30.22,30.23,30.24,30.25,30.26,55.926,69.29,159.625,314.507,131.067,250.064,506.154,352.645,120.251,277.618,7.007,8.782,73.517,210.314,51.176,317.501,657.103,358.372,78.014,46.413
96,30.14,30.13,30.12,30.11,30.1,30.09,30.08,30.07,30.06,30.05,30.16,30.17,30.18,30.19,30.2,30.21,30.22,30.23,30.24,30.25,133.185,297.075,119.882,247.329,477.621,415.704,120.251,537.417,47.098,350.227,16.51,8.294,139.981,585.712,33.162,116.761,233.242,657.103,290.914,3.873
97,30.16,30.15,30.14,30.13,30.12,30.11,30.1,30.09,30.08,30.07,30.17,30.18,30.19,30.2,30.21,30.22,30.23,30.24,30.25,30.26,44.439,54.498,91.724,359.211,89.446,212.371,487.437,415.703,144.854,500.009,0.498,4.056,146.671,224.232,208.441,174.246,698.749,308.682,3.873,46.413
98,30.15,30.14,30.13,30.12,30.11,30.1,30.09,30.08,30.07,30.06,30.16,30.17,30.18,30.19,30.2,30.21,30.22,30.23,30.24,30.25,1.091,87.07,337.729,123.221,300.945,367.496,435.598,120.251,477.842,47.098,22.215,35.197,89.283,399.636,505.873,95.359,307.137,599.082,21.336,3.873
99,30.1,30.09,30.08,30.07,30.06,30.05,30.04,30.03,30.02,30.01,30.11,30.12,30.13,30.14,30.15,30.16,30.17,30.18,30.19,30.2,47.449,90.77,218.449,375.721,241.918,729.598,299.808,365.695,45.519,669.435,3.875,21.315,114.903,364.682,296.056,230.232,277.384,144.539,503.773,285.465
100,30.08,30.07,30.06,30.05,30.04,30.03,30.02,30.01,30,29.99,30.09,30.1,30.11,30.12,30.13,30.14,30.15,30.16,30.17,30.18,74.73,11.994,64.941,173.013,404.754,249.765,750.362,277.832,295.543,103.09,3.375,36.037,34.631,19.034,114.72,361.204,313.651,230.232,286.925,481.984
101,30.1,30.09,30.08,30.07,30.06,30.05,30.04,30.03,30.02,30.01,30.11,30.12,30.13,30.14,30.15,30.16,30.17,30.18,30.19,30.2,54.057,50.608,107.299,350.235,87.708,305.313,557.884,413.224,46.611,372.123,3.875,14.542,121.65,400.213,455.055,230.266,682.456,92.048,295.395,293.348
102,30.06,30.05,30.04,30.03,30.02,30.01,30,29.99,29.98,29.97,30.08,30.09,30.1,30.11,30.12,30.13,30.14,30.15,30.16,30.17,68.459,93.123,353.666,216.427,411.604,472.191,583.194,126.795,682.335,4.391,18.676,12.551,168.162,566.392,113.935,131.312,407.885,500.759,129.713,277.384
103,30.03,30.02,30.01,30,29.99,29.98,29.97,29.96,29.95,29.94,30.04,30.05,30.06,30.07,30.08,30.09,30.1,30.11,30.12,30.13,7.9,132.925,292.727,68.327,233.086,414.665,90.267,727.725,656.981,3.874,14,17.7,111.882,374.664,312.111,50.514,323.58,527.262,3.875,45.521
104,30.06,30.05,30.04,30.03,30.02,30.01,30,29.99,29.98,29.97,30.07,30.08,30.09,30.1,30.11,30.12,30.13,30.14,30.15,30.16,10.802,54.308,29.257,68.413,132.578,406.508,325.159,403.382,397.137,345.831,12.386,26.278,85.307,334.543,718.332,30.846,127.1,439.704,543.786,45.519
105,30.02,30.01,30,29.99,29.98,29.97,29.96,29.95,29.94,29.93,30.03,30.04,30.05,30.06,30.07,30.08,30.09,30.1,30.11,30.12,44.012,28.876,105.525,192.812,455.593,324.172,543.243,655.886,3.874,120.154,3.375,11.456,17.438,109.627,391.297,461.907,225.012,263.941,615.194,290.916
106,30.03,30.02,30.01,30,29.99,29.98,29.97,29.96,29.95,29.94,30.05,30.06,30.07,30.08,30.09,30.1,30.11,30.12,30.13,30.14,47.564,146.207,360.565,297.443,110.293,437.344,80.74,443.175,369.09,3.874,8.286,21.173,136.203,302.963,64.091,313.535,528.356,13.416,45.521,277.384
107,30.04,30.03,30.02,30.01,30,29.99,29.98,29.97,29.96,29.95,30.05,30.06,30.07,30.08,30.09,30.1,30.11,30.12,30.13,30.14,49.106,36.969,189.607,372.771,325.579,103.09,519.67,80.75,605.175,655.886,6.668,17.523,136.203,342.617,249.297,477.236,815.397,13.416,55.062,674.736
108,30.06,30.05,30.04,30.03,30.02,30.01,30,29.99,29.98,29.97,30.07,30.08,30.09,30.1,30.11,30.12,30.13,30.14,30.15,30.16,3.375,50.918,30.3,83.809,180.781,372.771,416.455,128.037,433.327,59.035,3.375,38.23,102.998,540.999,628.875,119.563,539.033,703.379,256.745,45.519
109,30.06,30.05,30.04,30.03,30.02,30.01,30,29.99,29.98,29.97,30.07,30.08,30.09,30.1,30.11,30.12,30.13,30.14,30.15,30.16,10.572,134.006,354.099,34.051,170.543,304.444,406.594,128.03,433.327,59.267,10,17.851,38.589,322.448,788.348,131.573,122.194,436.042,553.327,45.519
110,30.06,30.05,30.04,30.03,30.02,30.01,30,29.99,29.98,29.97,30.07,30.08,30.09,30.1,30.11,30.12,30.13,30.14,30.15,30.16,43.854,149.127,336.382,36.178,220.126,418.884,276.601,143.278,397.137,37.149,10,4.054,36.379,296.557,755.553,221.767,127.1,440.798,553.959,45.519
111,30.07,30.06,30.05,30.04,30.03,30.02,30.01,30,29.99,29.98,30.08,30.09,30.1,30.11,30.12,30.13,30.14,30.15,30.16,30.17,55.256,40.788,199.415,318.576,141.732,215.879,343.331,275.506,143.278,397.137,22.137,8.854,177.979,584.064,196.563,418.689,458.463,553.959,132.276,674.736
112,30.07,30.06,30.05,30.04,30.03,30.02,30.01,30,29.99,29.98,30.08,30.09,30.1,30.11,30.12,30.13,30.14,30.15,30.16,30.17,17.815,44.752,199.415,286.094,42.964,217.953,408.58,333.948,143.278,397.137,22.137,9.037,251.145,875.47,124.208,127.1,440.798,553.959,45.519,674.736
113,30.07,30.06,30.05,30.04,30.03,30.02,30.01,30,29.99,29.98,30.09,30.1,30.11,30.12,30.13,30.14,30.15,30.16,30.17,30.18,60.129,44.807,199.598,354.647,288.988,233.506,298.971,308.996,143.278,277.888,7.464,165.507,560.634,222.299,418.689,458.264,553.959,159.684,674.736,3.873
114,30.12,30.11,30.1,30.09,30.08,30.07,30.06,30.05,30.04,30.03,30.13,30.14,30.15,30.16,30.17,30.18,30.19,30.2,30.21,30.22,17.339,12.573,31.759,148.059,382.271,314.722,157.971,117.709,531.22,123.754,3.875,87.545,345.355,293.683,568.973,184.305,757.066,674.736,3.873,86.269
115,30.14,30.13,30.12,30.11,30.1,30.09,30.08,30.07,30.06,30.05,30.15,30.16,30.17,30.18,30.19,30.2,30.21,30.22,30.23,30.24,3.375,303.135,35.933,184.115,324.709,170.365,337.361,809.688,7.163,477.817,21.211,7.862,12.284,112.499,509.703,564.237,128.642,304.296,570.763,3.873
116,30.12,30.11,30.1,30.09,30.08,30.07,30.06,30.05,30.04,30.03,30.14,30.15,30.16,30.17,30.18,30.19,30.2,30.21,30.22,30.23,65.378,136.47,339.137,109.554,488.193,277.386,245.485,126.374,530.979,429.926,9.919,11.737,93.355,321.376,210.395,510.925,670.933,508.308,365.465,570.763
117,30.11,30.1,30.09,30.08,30.07,30.06,30.05,30.04,30.03,30.02,30.12,30.13,30.14,30.15,30.16,30.17,30.18,30.19,30.2,30.21,3.375,8.099,117.315,423.684,314.38,141.817,149.668,571.609,142.628,206.785,11.468,8.174,12.429,50.67,280.358,512.446,122.146,424.772,342.006,3.873
118,30.15,30.14,30.13,30.12,30.11,30.1,30.09,30.08,30.07,30.06,30.16,30.17,30.18,30.19,30.2,30.21,30.22,30.23,30.24,30.25,17.444,153.596,409.986,297.431,145.726,295.033,3.875,394.039,299.784,7.163,4.71,8.034,84.862,315.911,342.006,194.943,382.882,570.763,401.225,6.088
119,30.15,30.14,30.13,30.12,30.11,30.1,30.09,30.08,30.07,30.06,30.17,30.18,30.19,30.2,30.21,30.22,30.23,30.24,30.25,30.26,51.325,149.274,410.169,315.929,141.441,400.719,3.875,370.761,300.016,9.748,19.552,11.273,74.438,356.857,252.869,487.992,570.763,4.963,6.088,54.296
120,30.16,30.15,30.14,30.13,30.12,30.11,30.1,30.09,30.08,30.07,30.17,30.18,30.19,30.2,30.21,30.22,30.23,30.24,30.25,30.26,42.615,33.434,208.542,384.925,315.929,164.712,377.454,59.648,370.761,277.618,14.498,11.456,74.438,356.674,252.869,487.992,570.763,4.963,6.088,54.296
121,30.18,30.17,30.16,30.15,30.14,30.13,30.12,30.11,30.1,30.09,30.19,30.2,30.21,30.22,30.23,30.24,30.25,30.26,30.27,30.28,13.375,137.051,337.859,31.494,173.183,366.93,377.077,143.709,277.386,3.875,9.378,11.693,29.515,166.371,465.33,525.942,214.993,237.236,674.735,256.565
122,30.18,30.17,30.16,30.15,30.14,30.13,30.12,30.11,30.1,30.09,30.2,30.21,30.22,30.23,30.24,30.25,30.26,30.27,30.28,30.29,19.919,132.753,338.951,31.494,172.091,414.767,364.004,87.304,301.495,4.376,3.375,33.269,139.81,373.132,379.355,124.442,193.473,545.038,256.565,45.518
123,30.15,30.14,30.13,30.12,30.11,30.1,30.09,30.08,30.07,30.06,30.16,30.17,30.18,30.19,30.2,30.21,30.22,30.23,30.24,30.25,1.779,132.445,360.392,306.657,241.145,368.471,132.151,437.429,300.461,8.393,18.02,11.298,30.489,163.777,282.578,60.494,254.441,460.958,626.314,293.129
124,30.16,30.15,30.14,30.13,30.12,30.11,30.1,30.09,30.08,30.07,30.17,30.18,30.19,30.2,30.21,30.22,30.23,30.24,30.25,30.26,13.075,35.268,182.733,360.392,306.657,262.217,369.561,131.06,372.086,277.618,24,18.286,122.131,282.578,57.299,254.441,460.958,626.314,293.129,46.413
125,30.16,30.15,30.14,30.13,30.12,30.11,30.1,30.09,30.08,30.07,30.17,30.18,30.19,30.2,30.21,30.22,30.23,30.24,30.25,30.26,10.573,38.774,216.325,374.626,306.02,226.633,330.463,146.568,431.515,277.888,14.498,21.774,124.174,436.093,217.778,152.569,541.996,832.596,293.129,46.413
126,30.16,30.15,30.14,30.13,30.12,30.11,30.1,30.09,30.08,30.07,30.17,30.18,30.19,30.2,30.21,30.22,30.23,30.24,30.25,30.26,52.621,21.611,141.438,394.91,314.407,354.503,303.064,125.037,370.013,277.386,19,9.098,101.011,334.096,114.228,286.039,485.649,582.198,303.316,46.413
127,30.2,30.19,30.18,30.17,30.16,30.15,30.14,30.13,30.12,30.11,30.21,30.22,30.23,30.24,30.25,30.26,30.27,30.28,30.29,30.3,36.32,277.384,100.517,406.843,318.989,170.468,142.787,303.319,253.749,149.852,3.248,3.375,94.59,292.967,74.377,269.95,534.333,627.892,321.793,277.562
128,30.2,30.19,30.18,30.17,30.16,30.15,30.14,30.13,30.12,30.11,30.21,30.22,30.23,30.24,30.25,30.26,30.27,30.28,30.29,30.3,33.366,300.121,94.562,435.831,287.571,43.676,211.583,280.5,289.756,159.666,3.375,9.143,101.813,287.571,135.262,388.162,549.044,263.935,203.159,565.691
129,30.18,30.17,30.16,30.15,30.14,30.13,30.12,30.11,30.1,30.09,30.19,30.2,30.21,30.22,30.23,30.24,30.25,30.26,30.27,30.28,4.465,135.667,327.855,28.631,175.569,490.375,253.749,221.925,316.978,124.185,13.011,21.786,43.333,105.507,156.943,728.517,74.38,238.83,357.974,254.838
130,30.16,30.15,30.14,30.13,30.12,30.11,30.1,30.09,30.08,30.07,30.17,30.18,30.19,30.2,30.21,30.22,30.23,30.24,30.25,30.26,47.233,38.504,189.202,489.144,338.516,299.531,341.287,33.886,463.911,277.386,6.82,3.873,8.206,93.727,385.686,76.173,390.748,639.962,361.421,139.641
131,30.16,30.15,30.14,30.13,30.12,30.11,30.1,30.09,30.08,30.07,30.17,30.18,30.19,30.2,30.21,30.22,30.23,30.24,30.25,30.26,3.375,27.268,141.704,398.365,342.914,237.862,439.665,73.286,444.333,496.971,11.049,12.181,17.823,170.642,444.401,201.516,195.532,555.049,74.38,139.641
132,30.16,30.15,30.14,30.13,30.12,30.11,30.1,30.09,30.08,30.07,30.18,30.19,30.2,30.21,30.22,30.23,30.24,30.25,30.26,30.27,41.126,51.13,233.654,319.274,383.372,228.249,374.979,73.286,444.333,497.203,8.026,17.823,134.055,314.192,110.965,195.532,745.545,77.597,139.641,564.424
133,30.17,30.16,30.15,30.14,30.13,30.12,30.11,30.1,30.09,30.08,30.18,30.19,30.2,30.21,30.22,30.23,30.24,30.25,30.26,30.27,33.64,30.172,76.567,139.224,419.342,300.915,145.334,309.726,72.618,411.912,0.498,17.823,134.055,308.533,119.817,213.042,718.33,47.771,107.299,564.424
134,30.18,30.17,30.16,30.15,30.14,30.13,30.12,30.11,30.1,30.09,30.19,30.2,30.21,30.22,30.23,30.24,30.25,30.26,30.27,30.28,3.375,28.592,62.728,37.729,139.041,419.342,330.772,120.338,349.102,72.618,8.598,131.999,308.716,119.817,213.189,718.33,47.771,275.78,564.424,253.748
135,30.18,30.17,30.16,30.15,30.14,30.13,30.12,30.11,30.1,30.09,30.19,30.2,30.21,30.22,30.23,30.24,30.25,30.26,30.27,30.28,47.397,141.158,332.278,48.871,140.742,377.452,403.775,175.221,309.726,42.607,3.375,12.257,28.33,76.756,281.853,825.913,55.694,188.869,286.996,253.748
136,30.18,30.17,30.16,30.15,30.14,30.13,30.12,30.11,30.1,30.09,30.19,30.2,30.21,30.22,30.23,30.24,30.25,30.26,30.27,30.28,49.61,141.409,327.855,35.189,130.057,434.823,402.685,151.894,309.726,56.517,3.375,11.137,12.147,21.872,223.216,684.49,109.564,379.939,351.898,253.748
137,30.22,30.21,30.2,30.19,30.18,30.17,30.16,30.15,30.14,30.13,30.23,30.24,30.25,30.26,30.27,30.28,30.29,30.3,30.31,30.32,24,8.861,104.721,375.625,173.072,350.839,337.304,188.354,123.179,277.384,0.568,161.99,6.271,89.884,518.594,454.431,131.187,277.562,18.112,295.394
138,30.2,30.19,30.18,30.17,30.16,30.15,30.14,30.13,30.12,30.11,30.21,30.22,30.23,30.24,30.25,30.26,30.27,30.28,30.29,30.3,3.375,13.815,113.45,451.004,330.22,163.382,144.851,319.584,470.425,151.894,8.716,12.445,160.136,613.081,206.771,127.088,370.725,357.873,713.862,277.562
139,30.21,30.2,30.19,30.18,30.17,30.16,30.15,30.14,30.13,30.12,30.22,30.23,30.24,30.25,30.26,30.27,30.28,30.29,30.3,30.31,13.134,7.987,301.574,155.789,400.533,338.675,163.382,127.228,309.049,435.064,7.629,39.465,148.81,60.171,315.701,561.795,438.083,720.499,283.924,11.755
140,30.2,30.19,30.18,30.17,30.16,30.15,30.14,30.13,30.12,30.11,30.21,30.22,30.23,30.24,30.25,30.26,30.27,30.28,30.29,30.3,21.293,303.795,197.435,401.621,337.587,163.382,159.643,408.737,435.295,151.894,4.493,9.921,52.897,146.355,102.969,413.269,370.725,319.914,303.044,283.924
141,30.22,30.21,30.2,30.19,30.18,30.17,30.16,30.15,30.14,30.13,30.23,30.24,30.25,30.26,30.27,30.28,30.29,30.3,30.31,30.32,4.158,36.793,145.213,344.096,124.724,518.256,328.164,85.37,137.578,277.384,9.36,44.214,134.427,201.083,492.454,353.584,249.414,572.053,3.872,295.394
142,30.2,30.19,30.18,30.17,30.16,30.15,30.14,30.13,30.12,30.11,30.21,30.22,30.23,30.24,30.25,30.26,30.27,30.28,30.29,30.3,3.375,14.374,102.605,458.808,299.287,109.636,201.864,518.445,439.959,151.894,11.132,10.38,158.875,668.12,220.203,384.06,305.682,295.394,3.872,943.089
143,30.21,30.2,30.19,30.18,30.17,30.16,30.15,30.14,30.13,30.12,30.22,30.23,30.24,30.25,30.26,30.27,30.28,30.29,30.3,30.31,11.022,160.699,300.478,144.729,418.048,331.922,204.293,170.484,309.2,440.19,13.48,12.621,44.171,135.651,202.101,441.482,586.983,67.65,943.089,3.872
144,30.25,30.24,30.23,30.22,30.21,30.2,30.19,30.18,30.17,30.16,30.26,30.27,30.28,30.29,30.3,30.31,30.32,30.33,30.34,30.35,34.892,26.143,168.332,412.243,343.885,253.513,302.221,157.738,337.855,277.384,1.089,53.748,21.208,173.194,381.265,221.425,422.986,476.037,290.913,274.287
145,30.27,30.26,30.25,30.24,30.23,30.22,30.21,30.2,30.19,30.18,30.28,30.29,30.3,30.31,30.32,30.33,30.34,30.35,30.36,30.37,10,144.995,301.607,72.45,166.094,418.162,452.529,304.96,324.658,45.519,7.894,88.04,95.814,174.863,420.249,454.773,240.627,273.464,945.726,260.086
146,30.24,30.23,30.22,30.21,30.2,30.19,30.18,30.17,30.16,30.15,30.25,30.26,30.27,30.28,30.29,30.3,30.31,30.32,30.33,30.34,48.002,169.112,439.398,451.442,283.889,326.068,141.986,302.668,277.384,88.317,3.375,26.012,8.764,29.781,215.141,574.804,185.109,380.61,469.683,13.186
147,30.23,30.22,30.21,30.2,30.19,30.18,30.17,30.16,30.15,30.14,30.24,30.25,30.26,30.27,30.28,30.29,30.3,30.31,30.32,30.33,3.375,372.613,329.094,198.861,506.764,504.785,330.051,623.168,88.317,45.658,7.88,10.539,21.809,8.946,100.28,457.686,579.067,176.415,582.435,278.613
148,30.22,30.21,30.2,30.19,30.18,30.17,30.16,30.15,30.14,30.13,30.23,30.24,30.25,30.26,30.27,30.28,30.29,30.3,30.31,30.32,4.463,76.802,138.708,313.693,267.087,736.816,397.452,216.803,340.363,700.562,13.748,9.091,32.065,155.816,361.827,387.359,196.572,664.39,67.913,582.435
149,30.21,30.2,30.19,30.18,30.17,30.16,30.15,30.14,30.13,30.12,30.22,30.23,30.24,30.25,30.26,30.27,30.28,30.29,30.3,30.31,10,60.876,303.592,166.309,411.802,328.643,267.093,304.976,407.927,510.193,6.497,9.404,9.273,60.507,347.125,563.875,351.747,332.559,831.534,67.913
150,30.19,30.18,30.17,30.16,30.15,30.14,30.13,30.12,30.11,30.1,30.2,30.21,30.22,30.23,30.24,30.25,30.26,30.27,30.28,30.29,3.375,41.321,212.214,578.702,243.195,288.776,533.511,510.193,397.582,277.386,10.966,8.843,13.224,42.123,109.61,42.707,239.165,563.875,362.88,332.559
151,30.19,30.18,30.17,30.16,30.15,30.14,30.13,30.12,30.11,30.1,30.2,30.21,30.22,30.23,30.24,30.25,30.26,30.27,30.28,30.29,45.179,41.931,266.409,578.519,243.195,313.088,445.363,487.833,397.582,299.761,3.882,22.647,13.224,93.761,316.155,68.395,339.684,557.971,264.881,332.559
152,30.2,30.19,30.18,30.17,30.16,30.15,30.14,30.13,30.12,30.11,30.21,30.22,30.23,30.24,30.25,30.26,30.27,30.28,30.29,30.3,13.375,31.356,92.219,245.145,578.519,246.277,288.776,450.887,510.193,397.582,6.666,8.868,93.761,316.155,68.395,339.684,557.971,253.748,338.925,831.534
153,30.22,30.21,30.2,30.19,30.18,30.17,30.16,30.15,30.14,30.13,30.24,30.25,30.26,30.27,30.28,30.29,30.3,30.31,30.32,30.33,7.736,41.945,194.746,316.143,175.514,258.014,602.343,239.778,84.054,340.5,8.597,33.191,160.262,400.557,455.436,301.201,453.048,67.913,582.435,657.099
154,30.21,30.2,30.19,30.18,30.17,30.16,30.15,30.14,30.13,30.12,30.22,30.23,30.24,30.25,30.26,30.27,30.28,30.29,30.3,30.31,21.065,148.509,332.092,21.909,204.684,625.747,278.508,213.596,374.467,501.724,2.773,9.397,10.257,103.912,407.004,364.2,281.619,95.954,679.972,97.71
155,30.18,30.17,30.16,30.15,30.14,30.13,30.12,30.11,30.1,30.09,30.2,30.21,30.22,30.23,30.24,30.25,30.26,30.27,30.28,30.29,72.175,254.972,608.125,369.81,452.592,374.479,574.405,96.891,299.761,17.777,12.033,9.126,8.342,187.811,693.584,204.872,116.503,364.2,253.747,92.389
156,30.22,30.21,30.2,30.19,30.18,30.17,30.16,30.15,30.14,30.13,30.23,30.24,30.25,30.26,30.27,30.28,30.29,30.3,30.31,30.32,13.375,40.743,198.951,301.046,96.578,464.109,627.328,94.566,293.979,420.296,8.358,11.346,21.711,189.534,660.254,285.793,86.025,679.972,97.71,325.904
157,30.25,30.24,30.23,30.22,30.21,30.2,30.19,30.18,30.17,30.16,30.26,30.27,30.28,30.29,30.3,30.31,30.32,30.33,30.34,30.35,10,38.216,213.064,284.354,108.599,433.295,453.829,235.21,161.098,814.056,20.809,11.681,21.792,172.07,453.133,368.935,539.788,278.613,297.263,265.581
158,30.23,30.22,30.21,30.2,30.19,30.18,30.17,30.16,30.15,30.14,30.24,30.25,30.26,30.27,30.28,30.29,30.3,30.31,30.32,30.33,3.375,277.976,108.599,483.765,413.581,95.166,511.236,850.03,394.563,259.038,12.894,36.27,117.015,440.506,577.555,113.313,427.187,97.71,325.904,278.613
159,30.25,30.24,30.23,30.22,30.21,30.2,30.19,30.18,30.17,30.16,30.27,30.28,30.29,30.3,30.31,30.32,30.33,30.34,30.35,30.36,17.479,30.541,128.711,340.056,131.943,533.363,326.364,85.38,94.438,763.458,8.906,18.888,167.174,427.192,167.066,442.945,396.609,27.162,456.651,288.082
160,30.26,30.25,30.24,30.23,30.22,30.21,30.2,30.19,30.18,30.17,30.27,30.28,30.29,30.3,30.31,30.32,30.33,30.34,30.35,30.36,17.616,27.922,80.783,167.191,283.371,201.86,758.072,364.303,138.387,381.234,5.092,22.993,86.996,187.106,267.585,412.924,398.159,492.516,265.581,288.082
161,30.25,30.24,30.23,30.22,30.21,30.2,30.19,30.18,30.17,30.16,30.26,30.27,30.28,30.29,30.3,30.31,30.32,30.33,30.34,30.35,8.899,31.585,155.721,327.672,126.19,589.899,536.16,183.226,381.234,563.234,4.792,10.952,17.344,166.698,427.192,216.13,513.443,318.651,488.326,265.581
162,30.24,30.23,30.22,30.21,30.2,30.19,30.18,30.17,30.16,30.15,30.26,30.27,30.28,30.29,30.3,30.31,30.32,30.33,30.34,30.35,26.935,155.721,327.854,108.599,589.899,544.131,147.939,422.458,563.234,394.563,11.305,10.952,17.526,166.516,576.498,424.89,368.4,295.493,290.913,265.581
163,30.24,30.23,30.22,30.21,30.2,30.19,30.18,30.17,30.16,30.15,30.25,30.26,30.27,30.28,30.29,30.3,30.31,30.32,30.33,30.34,17.639,149.124,329.577,120.369,496.156,564.132,146.858,232.538,593.108,4.052,492.742,3.495,3.871,43.411,306.01,617.174,211.287,380.877,284.96,290.913
164,30.23,30.22,30.21,30.2,30.19,30.18,30.17,30.16,30.15,30.14,30.24,30.25,30.26,30.27,30.28,30.29,30.3,30.31,30.32,30.33,12.947,4.93,116.894,450.888,346.365,196.066,479.832,615.339,14.585,515.347,11.234,483.997,32.698,180.819,325.128,366.977,584.001,72.448,301.747,278.613
165,30.24,30.23,30.22,30.21,30.2,30.19,30.18,30.17,30.16,30.15,30.25,30.26,30.27,30.28,30.29,30.3,30.31,30.32,30.33,30.34,13.375,146.844,342.147,124.564,442.624,360.955,134.872,294.662,589.493,4.052,484.361,33.786,180.819,324.04,349.689,584.001,111.32,384.913,278.613,290.913
166,30.13,30.12,30.11,30.1,30.09,30.08,30.07,30.06,30.05,30.04,30.14,30.15,30.16,30.17,30.18,30.19,30.2,30.21,30.22,30.23,4.465,29.277,100.269,246.715,559.464,549.906,323.517,187.002,571.197,277.301,5.99,92.455,286.113,57.62,123.205,369.627,402.582,14.406,56.052,238.017
167,30.1,30.09,30.08,30.07,30.06,30.05,30.04,30.03,30.02,30.01,30.11,30.12,30.13,30.14,30.15,30.16,30.17,30.18,30.19,30.2,3.375,55.237,182.974,84.613,365.649,461.325,350.72,204.098,441.215,597.547,26.343,115.139,245.188,84.869,383.977,317.788,114.925,40.425,282.593,768.143
168,30.13,30.12,30.11,30.1,30.09,30.08,30.07,30.06,30.05,30.04,30.14,30.15,30.16,30.17,30.18,30.19,30.2,30.21,30.22,30.23,14.084,42.505,122.855,85.754,432.45,701.694,69.191,442.641,665.347,267.464,47.41,90.053,282.074,28.482,163.506,413.936,768.143,111.055,45.519,238.605
169,30.11,30.1,30.09,30.08,30.07,30.06,30.05,30.04,30.03,30.02,30.12,30.13,30.14,30.15,30.16,30.17,30.18,30.19,30.2,30.21,3.375,7.979,119.668,470.109,94.951,453.306,556.315,550.627,290.67,442.306,6.745,19.492,12.491,93.073,290.576,46.748,258.626,413.936,768.143,194.943
170,30.09,30.08,30.07,30.06,30.05,30.04,30.03,30.02,30.01,30,30.11,30.12,30.13,30.14,30.15,30.16,30.17,30.18,30.19,30.2,32.669,105.607,84.347,202.984,439.199,456.135,27.138,250.696,310.751,558.883,12.462,82.313,251.762,107.566,378.652,318.08,114.925,148.805,431.422,284.644
171,30.07,30.06,30.05,30.04,30.03,30.02,30.01,30,29.99,29.98,30.08,30.09,30.1,30.11,30.12,30.13,30.14,30.15,30.16,30.17,7.646,23.794,120.152,408.634,218.046,351.372,382.857,309.262,85.161,290.259,21.502,100.957,324.621,269.726,136.073,344.764,107.566,376.904,269.363,194.943
172,30.09,30.08,30.07,30.06,30.05,30.04,30.03,30.02,30.01,30,30.1,30.11,30.12,30.13,30.14,30.15,30.16,30.17,30.18,30.19,18.976,34.365,90.143,98.524,295.146,556.768,230.685,485.515,382.857,312.164,3.751,11.087,84.876,244.245,112.986,477.423,327.553,203.866,29.892,346.456
173,30.11,30.1,30.09,30.08,30.07,30.06,30.05,30.04,30.03,30.02,30.12,30.13,30.14,30.15,30.16,30.17,30.18,30.19,30.2,30.21,5.572,31.928,59.947,101.19,314.793,135.229,413.824,546.128,7.182,524.34,35.435,10.378,97.689,335.258,316.605,113.315,240.464,712.646,950.171,11.756
174,30.13,30.12,30.11,30.1,30.09,30.08,30.07,30.06,30.05,30.04,30.14,30.15,30.16,30.17,30.18,30.19,30.2,30.21,30.22,30.23,1.717,26.187,146.232,333.892,222.239,517.077,319.633,6.197,62.175,546.128,14.675,20.348,41.313,45.814,215.97,621.132,302.075,38.354,191.294,238.605
175,30.11,30.1,30.09,30.08,30.07,30.06,30.05,30.04,30.03,30.02,30.12,30.13,30.14,30.15,30.16,30.17,30.18,30.19,30.2,30.21,9.389,111.237,136.964,343.942,296.462,24.678,190.429,569.319,30.115,398.943,1.327,4.058,11.849,90.247,286.859,45.67,331.702,909.533,284.644,3.873
176,30.15,30.14,30.13,30.12,30.11,30.1,30.09,30.08,30.07,30.06,30.16,30.17,30.18,30.19,30.2,30.21,30.22,30.23,30.24,30.25,7.002,36.253,70.805,31.068,148.599,418.589,80.945,374.198,296.462,5.105,35.99,9.443,111.539,398.679,396.751,140.233,130.71,238.605,253.191,570.054
177,30.2,30.19,30.18,30.17,30.16,30.15,30.14,30.13,30.12,30.11,30.21,30.22,30.23,30.24,30.25,30.26,30.27,30.28,30.29,30.3,8.251,10.918,96.261,430.771,272.392,108.414,304.032,127.075,253.749,45.519,13.402,97.958,65.442,6.106,31.425,134.592,316.803,422.524,326.586,301.501
178,30.18,30.17,30.16,30.15,30.14,30.13,30.12,30.11,30.1,30.09,30.2,30.21,30.22,30.23,30.24,30.25,30.26,30.27,30.28,30.29,102.274,380.483,272.392,66.768,304.032,149.275,317.297,46.611,296.462,4.106,8.27,35.567,106.025,146.982,255.8,22.324,130.545,310.424,251.383,45.518
179,30.19,30.18,30.17,30.16,30.15,30.14,30.13,30.12,30.11,30.1,30.2,30.21,30.22,30.23,30.24,30.25,30.26,30.27,30.28,30.29,8.528,98.43,380.3,272.575,108.414,296.46,14.513,317.297,46.611,296.462,7.33,25.265,87.011,146.982,256.553,22.324,130.545,310.424,252.199,45.518
180,30.19,30.18,30.17,30.16,30.15,30.14,30.13,30.12,30.11,30.1,30.2,30.21,30.22,30.23,30.24,30.25,30.26,30.27,30.28,30.29,3.375,98.43,380.3,272.575,108.414,296.46,47.853,317.301,46.611,296.462,10,28.507,83.969,70.809,6.677,30.185,135.103,310.424,261.66,45.518
181,30.19,30.18,30.17,30.16,30.15,30.14,30.13,30.12,30.11,30.1,30.2,30.21,30.22,30.23,30.24,30.25,30.26,30.27,30.28,30.29,3.375,98.43,380.3,321.974,198.842,390.632,28.012,293.125,46.611,296.462,108.641,22.645,83.969,78.016,24.145,30.185,117.41,310.424,261.66,45.518
182,30.18,30.17,30.16,30.15,30.14,30.13,30.12,30.11,30.1,30.09,30.19,30.2,30.21,30.22,30.23,30.24,30.25,30.26,30.27,30.28,3.375,380.483,272.392,153.515,416.2,123.806,318.368,45.519,296.462,4.106,10,11.765,29.846,107.538,289.999,274.021,21.233,112.791,310.424,252.199
183,30.19,30.18,30.17,30.16,30.15,30.14,30.13,30.12,30.11,30.1,30.21,30.22,30.23,30.24,30.25,30.26,30.27,30.28,30.29,30.3,21.881,100.733,313.551,52.966,112.619,335.078,183.119,376.609,139.791,330.509,23.399,107.721,224.454,298.026,14.087,175.441,236.746,252.199,45.518,380.323
184,30.22,30.21,30.2,30.19,30.18,30.17,30.16,30.15,30.14,30.13,30.23,30.24,30.25,30.26,30.27,30.28,30.29,30.3,30.31,30.32,49.093,103.629,324.162,112.961,101.416,355.387,277.695,5.144,338.106,33.8,3.375,38.118,104.498,105.469,416.964,311.646,145.017,142.167,525.303,295.394
185,30.22,30.21,30.2,30.19,30.18,30.17,30.16,30.15,30.14,30.13,30.23,30.24,30.25,30.26,30.27,30.28,30.29,30.3,30.31,30.32,64.934,109.541,304.839,34.768,201.043,319.522,253.749,45.128,374.113,33.8,7.16,39.054,122.635,146.933,409.262,311.819,145.017,135.8,437.128,295.394
186,30.22,30.21,30.2,30.19,30.18,30.17,30.16,30.15,30.14,30.13,30.24,30.25,30.26,30.27,30.28,30.29,30.3,30.31,30.32,30.33,49.093,100.864,300.757,34.768,204.395,392.986,308.716,4.052,374.113,30.454,32.7,81.391,122.763,409.262,261.66,45.518,135.8,536.627,295.394,6.191
187,30.19,30.18,30.17,30.16,30.15,30.14,30.13,30.12,30.11,30.1,30.2,30.21,30.22,30.23,30.24,30.25,30.26,30.27,30.28,30.29,3.375,103.721,393.342,255.024,46.936,399.906,54.437,375.517,79.618,344.387,8.825,8.941,5.84,90.019,310.572,112.09,100.689,409.262,252.199,45.518
188,30.21,30.2,30.19,30.18,30.17,30.16,30.15,30.14,30.13,30.12,30.22,30.23,30.24,30.25,30.26,30.27,30.28,30.29,30.3,30.31,126.916,296.642,3.873,92.366,386.358,254.841,40.928,439.235,30.454,573.032,13.375,12.363,11.229,33.368,171.396,441.071,279.125,79.535,184.953,237.836
189,30.22,30.21,30.2,30.19,30.18,30.17,30.16,30.15,30.14,30.13,30.23,30.24,30.25,30.26,30.27,30.28,30.29,30.3,30.31,30.32,52.468,117.418,396.269,3.873,92.366,361.168,311.774,7.412,399.906,30.454,19.583,10.402,12.372,116.595,447.627,292.475,79.535,235.69,527.233,298.211
190,30.21,30.2,30.19,30.18,30.17,30.16,30.15,30.14,30.13,30.12,30.22,30.23,30.24,30.25,30.26,30.27,30.28,30.29,30.3,30.31,29.947,163.394,16.505,128.677,518.637,261.763,77.765,423.978,3.873,285.22,22.463,5.003,11.218,32.539,175.826,439.175,260.844,79.535,235.69,438.217
191,30.2,30.19,30.18,30.17,30.16,30.15,30.14,30.13,30.12,30.11,30.21,30.22,30.23,30.24,30.25,30.26,30.27,30.28,30.29,30.3,3.375,56.761,99.34,486.203,282.961,132.614,399.906,63.969,284.989,79.618,16.35,12.587,8.378,11.036,32.539,171.572,581.456,459.778,45.518,305.833
192,30.17,30.16,30.15,30.14,30.13,30.12,30.11,30.1,30.09,30.08,30.18,30.19,30.2,30.21,30.22,30.23,30.24,30.25,30.26,30.27,58.379,43.405,200.752,296.643,110.36,413.721,165.589,533.146,320.241,441.991,3.873,8.849,13.158,16.35,115.998,356.276,337.945,323.515,62.549,357.542
193,30.2,30.19,30.18,30.17,30.16,30.15,30.14,30.13,30.12,30.11,30.21,30.22,30.23,30.24,30.25,30.26,30.27,30.28,30.29,30.3,8.477,22.453,117.99,427.912,287.241,111.693,327.888,35.896,293.027,84.582,7.248,12.587,80.043,254.565,32.2,169.275,444.684,424.283,245.899,305.833
194,30.17,30.16,30.15,30.14,30.13,30.12,30.11,30.1,30.09,30.08,30.19,30.2,30.21,30.22,30.23,30.24,30.25,30.26,30.27,30.28,280.829,33.797,200.712,346.806,157.704,283.922,108.606,346.161,201.159,440.9,12.225,20.647,33.877,96.501,399.446,285.747,180.561,270.944,296.458,251.383
195,30.17,30.16,30.15,30.14,30.13,30.12,30.11,30.1,30.09,30.08,30.18,30.19,30.2,30.21,30.22,30.23,30.24,30.25,30.26,30.27,53.543,9.095,109.086,456.032,186.431,345.782,108.616,346.161,201.159,440.9,9.248,10.294,20.647,42.746,96.501,392.862,341.574,323.515,151.042,296.458
196,30.12,30.11,30.1,30.09,30.08,30.07,30.06,30.05,30.04,30.03,30.13,30.14,30.15,30.16,30.17,30.18,30.19,30.2,30.21,30.22,48.531,91.555,345.683,288.062,760.416,390.868,324.009,62.175,940.553,45.702,4.329,62.077,85.485,245.392,9.946,85.037,356.698,362.354,179.327,495.627
197,30.11,30.1,30.09,30.08,30.07,30.06,30.05,30.04,30.03,30.02,30.12,30.13,30.14,30.15,30.16,30.17,30.18,30.19,30.2,30.21,3.375,355.852,120.414,442.918,463.729,136.334,188.779,743.913,340.774,50.704,11.117,27.421,62.329,86.984,242.593,8.451,137.507,503.44,454.13,32.407
198,30.11,30.1,30.09,30.08,30.07,30.06,30.05,30.04,30.03,30.02,30.12,30.13,30.14,30.15,30.16,30.17,30.18,30.19,30.2,30.21,52.468,306.759,120.414,493.034,631.748,162.084,194.786,546.629,340.774,50.704,2.431,24.046,70.343,106.649,242.593,12.589,137.507,503.44,454.13,32.407
199,30.13,30.12,30.11,30.1,30.09,30.08,30.07,30.06,30.05,30.04,30.14,30.15,30.16,30.17,30.18,30.19,30.2,30.21,30.22,30.23,3.375,34.937,100.436,337.654,207.244,424.153,326.823,359.363,194.786,547.721,53.377,86.984,265.504,12.589,85.199,403.941,588.585,120.538,295.246,325.133
200,30.11,30.1,30.09,30.08,30.07,30.06,30.05,30.04,30.03,30.02,30.12,30.13,30.14,30.15,30.16,30.17,30.18,30.19,30.2,30.21,60.482,337.654,207.427,414.526,326.823,199.795,218.294,743.913,317.251,47.329,3.375,12.531,17.878,37.389,12.613,52.157,208.811,356.698,261.763,32.407
201,30.13,30.12,30.11,30.1,30.09,30.08,30.07,30.06,30.05,30.04,30.14,30.15,30.16,30.17,30.18,30.19,30.2,30.21,30.22,30.23,50.334,41.409,101.531,337.654,207.244,370.127,549.641,127.467,451.748,546.629,7.964,37.213,12.796,12.589,116.208,389.418,421.62,232.788,130.626,616.506
202,30.18,30.17,30.16,30.15,30.14,30.13,30.12,30.11,30.1,30.09,30.2,30.21,30.22,30.23,30.24,30.25,30.26,30.27,30.28,30.29,64.077,84.465,264.274,59.549,96.704,299.24,328.951,109.209,247.047,26.261,8.492,12.373,139.576,429.694,286.432,46.72,217.944,311.784,251.383,45.518
203,30.16,30.15,30.14,30.13,30.12,30.11,30.1,30.09,30.08,30.07,30.17,30.18,30.19,30.2,30.21,30.22,30.23,30.24,30.25,30.26,61.189,99.32,181.196,312.012,309.003,101.195,236.748,26.261,425.803,307.267,10.003,12.275,11.712,12.798,12.482,104.51,387.661,402.25,206.054,44.959
204,30.19,30.18,30.17,30.16,30.15,30.14,30.13,30.12,30.11,30.1,30.2,30.21,30.22,30.23,30.24,30.25,30.26,30.27,30.28,30.29,49.093,63.743,87.953,355.588,77.888,110.87,280.132,284.869,101.195,236.748,18.775,8.503,9.279,90.384,263.01,21.845,115.628,411.608,252.473,245.899
205,30.16,30.15,30.14,30.13,30.12,30.11,30.1,30.09,30.08,30.07,30.17,30.18,30.19,30.2,30.21,30.22,30.23,30.24,30.25,30.26,304.556,99.456,168.851,320.666,315.076,173.686,236.748,3.875,448.175,307.267,10,10.183,8.851,17.475,40.05,120.108,473.236,254.565,77.792,245.34
206,30.17,30.16,30.15,30.14,30.13,30.12,30.11,30.1,30.09,30.08,30.18,30.19,30.2,30.21,30.22,30.23,30.24,30.25,30.26,30.27,3.375,475.339,99.456,168.851,320.666,315.076,216.482,271.463,3.875,448.175,5.701,9.461,17.475,52.172,137.834,473.236,254.565,75.992,245.34,237.834
207,30.18,30.17,30.16,30.15,30.14,30.13,30.12,30.11,30.1,30.09,30.19,30.2,30.21,30.22,30.23,30.24,30.25,30.26,30.27,30.28,8.739,197.145,426.429,132.701,307.081,362.737,327.339,101.195,236.748,3.875,3.375,20.039,44.349,120.108,391.138,254.565,75.992,415.832,237.834,251.383
208,30.15,30.14,30.13,30.12,30.11,30.1,30.09,30.08,30.07,30.06,30.16,30.17,30.18,30.19,30.2,30.21,30.22,30.23,30.24,30.25,235.22,141.073,348.466,589.142,208.072,322.385,3.875,448.175,434.767,19.022,3.902,15.171,32.724,97.622,20.039,44.166,173.267,691.018,255.655,3.873
209,30.19,30.18,30.17,30.16,30.15,30.14,30.13,30.12,30.11,30.1,30.2,30.21,30.22,30.23,30.24,30.25,30.26,30.27,30.28,30.29,10,75.951,155.252,288.038,179.98,315.643,277.613,406.107,200.748,298.685,14.668,12.648,121.158,374.937,286.512,112.093,166.407,512.165,251.383,336.891
210,30.19,30.18,30.17,30.16,30.15,30.14,30.13,30.12,30.11,30.1,30.2,30.21,30.22,30.23,30.24,30.25,30.26,30.27,30.28,30.29,10,76.841,147.026,294.619,198.333,314.55,268.893,406.107,165.366,298.685,410.118,4.056,82.907,374.937,285.696,111.832,175.441,512.165,251.383,336.891
211,30.22,30.21,30.2,30.19,30.18,30.17,30.16,30.15,30.14,30.13,30.23,30.24,30.25,30.26,30.27,30.28,30.29,30.3,30.31,30.32,15.998,44.213,199.946,284.273,131.644,260.043,505.215,13.144,274.855,236.748,24.623,14.017,13.026,83.233,317.06,264.646,45.518,73.638,336.246,295.394
212,30.21,30.2,30.19,30.18,30.17,30.16,30.15,30.14,30.13,30.12,30.22,30.23,30.24,30.25,30.26,30.27,30.28,30.29,30.3,30.31,11.693,189.591,285.366,123.045,204.821,512.582,61.893,317.311,236.748,394.185,3.873,77.714,14.017,28.942,121.129,320.775,293.589,301.706,528.546,236.747
213,30.25,30.24,30.23,30.22,30.21,30.2,30.19,30.18,30.17,30.16,30.26,30.27,30.28,30.29,30.3,30.31,30.32,30.33,30.34,30.35,49.093,32.249,159.509,293.154,206.261,398.628,262.706,30.317,101.195,538.098,9.41,12.582,9.94,21.335,108.196,367.023,456.23,276.993,239.564,556.954
214,30.24,30.23,30.22,30.21,30.2,30.19,30.18,30.17,30.16,30.15,30.25,30.26,30.27,30.28,30.29,30.3,30.31,30.32,30.33,30.34,49.093,138.653,287.741,214.753,356.982,262.706,62.534,101.195,538.098,14.232,3.873,14.8,21.042,58.774,54.521,74.144,361.797,455.473,205.483,239.564
215,30.23,30.22,30.21,30.2,30.19,30.18,30.17,30.16,30.15,30.14,30.24,30.25,30.26,30.27,30.28,30.29,30.3,30.31,30.32,30.33,49.093,254.246,22.995,133.445,362.333,40.892,307.192,538.098,14.232,297.182,10.488,11.868,10.088,163.573,559.023,45.518,155.907,623.721,295.394,5.102
216,30.21,30.2,30.19,30.18,30.17,30.16,30.15,30.14,30.13,30.12,30.22,30.23,30.24,30.25,30.26,30.27,30.28,30.29,30.3,30.31,3.375,147.551,314.582,40.892,247.439,664.188,14.232,274.855,236.748,591.469,7.905,21.989,28.26,27.256,51.552,159.565,550.772,45.518,4.051,536.627
217,30.23,30.22,30.21,30.2,30.19,30.18,30.17,30.16,30.15,30.14,30.24,30.25,30.26,30.27,30.28,30.29,30.3,30.31,30.32,30.33,5.913,256.595,35.834,196.644,353.873,49.448,291.405,538.098,13.144,274.855,8.152,24.114,11.726,90.363,275.555,50.276,77.151,423.664,357.819,205.483
218,30.22,30.21,30.2,30.19,30.18,30.17,30.16,30.15,30.14,30.13,30.24,30.25,30.26,30.27,30.28,30.29,30.3,30.31,30.32,30.33,310.963,82.099,213.408,493.197,184.482,155.027,538.098,13.144,274.855,236.748,13.825,24.114,11.726,152.847,673.891,245.899,77.151,324.165,296.482,5.102
219,30.28,30.27,30.26,30.25,30.24,30.23,30.22,30.21,30.2,30.19,30.29,30.3,30.31,30.32,30.33,30.34,30.35,30.36,30.37,30.38,24,47.837,200.514,280.982,60.061,222.556,259.3,253.749,152.84,348.221,3.375,13.935,100.376,295.394,76.612,465.2,465.962,159.454,545.121,278.57
220,30.27,30.26,30.25,30.24,30.23,30.22,30.21,30.2,30.19,30.18,30.28,30.29,30.3,30.31,30.32,30.33,30.34,30.35,30.36,30.37,12.247,225.641,271.721,51.203,227.286,276.092,262.18,129.607,348.221,130.162,3.375,12.321,12.115,100.194,386.431,376.492,316.023,266.668,3.871,545.121
221,30.32,30.31,30.3,30.29,30.28,30.27,30.26,30.25,30.24,30.23,30.33,30.34,30.35,30.36,30.37,30.38,30.39,30.4,30.41,30.42,19.378,46.392,114.078,103.206,290.973,155.129,394.279,292.103,4.956,135.266,6.445,88.004,266.85,129.883,536.204,378.069,3.87,272.794,695.472,528.936
222,30.36,30.35,30.34,30.33,30.32,30.31,30.3,30.29,30.28,30.27,30.37,30.38,30.39,30.4,30.41,30.42,30.43,30.44,30.45,30.46,84.435,151.111,271.121,80.372,146.243,355.703,310.509,45.517,303.892,59.547,5.325,9.678,12.787,102.054,375.609,437.126,47.16,298.449,546.116,237.976
223,30.39,30.38,30.37,30.36,30.35,30.34,30.33,30.32,30.31,30.3,30.4,30.41,30.42,30.43,30.44,30.45,30.46,30.47,30.48,30.49,83.051,95.731,280.684,155.72,464.676,262.673,97.99,45.517,254.244,309.832,10,11.229,8.955,12.58,87.543,371.813,237.976,58.039,317.506,498.59
224,30.39,30.38,30.37,30.36,30.35,30.34,30.33,30.32,30.31,30.3,30.4,30.41,30.42,30.43,30.44,30.45,30.46,30.47,30.48,30.49,88.531,95.731,291.396,204.813,401.972,285.346,59.547,45.517,254.244,309.832,9.188,13.337,72.524,212.961,169.491,657.981,337.475,34.543,169.573,298.209
225,30.39,30.38,30.37,30.36,30.35,30.34,30.33,30.32,30.31,30.3,30.4,30.41,30.42,30.43,30.44,30.45,30.46,30.47,30.48,30.49,297.908,86.947,284.39,212.863,401.972,315.331,59.547,45.517,254.244,309.832,13.085,53.45,72.524,221.392,169.491,657.981,337.475,34.543,169.573,298.209
226,30.38,30.37,30.36,30.35,30.34,30.33,30.32,30.31,30.3,30.29,30.39,30.4,30.41,30.42,30.43,30.44,30.45,30.46,30.47,30.48,5.94,75.66,79.29,154.095,549.894,180.644,75.538,254.244,309.832,45.517,10.435,98.331,259.515,268,262.676,169.491,713.561,452.013,407.759,80.558
227,30.37,30.36,30.35,30.34,30.33,30.32,30.31,30.3,30.29,30.28,30.38,30.39,30.4,30.41,30.42,30.43,30.44,30.45,30.46,30.47,7.885,128.383,150.094,549.894,179.957,83.991,254.244,309.602,45.517,292.732,16.746,29.947,115.262,206.923,173.094,571.379,469.707,366.608,352.514,406.676
228,30.38,30.37,30.36,30.35,30.34,30.33,30.32,30.31,30.3,30.29,30.39,30.4,30.41,30.42,30.43,30.44,30.45,30.46,30.47,30.48,83.21,28.527,76.69,183.617,733.753,191.109,75.56,254.244,309.602,45.517,7.795,74.324,270.814,267.819,370.998,469.707,366.608,352.514,406.676,80.558
229,30.39,30.38,30.37,30.36,30.35,30.34,30.33,30.32,30.31,30.3,30.4,30.41,30.42,30.43,30.44,30.45,30.46,30.47,30.48,30.49,96.524,86.542,306.815,167.603,124.307,715.903,91.482,45.517,254.244,310.688,7.383,198.492,12.812,21.065,279.216,366.608,352.514,424.332,80.558,298.209
230,30.42,30.41,30.4,30.39,30.38,30.37,30.36,30.35,30.34,30.33,30.43,30.44,30.45,30.46,30.47,30.48,30.49,30.5,30.51,30.52,14,150.427,289.422,137.018,428.595,271.161,87.445,76.447,687.977,92.568,8.191,34.974,83.608,336.195,294.171,244.327,665.365,297.043,112.93,442.779
231,30.41,30.4,30.39,30.38,30.37,30.36,30.35,30.34,30.33,30.32,30.42,30.43,30.44,30.45,30.46,30.47,30.48,30.49,30.5,30.51,99.733,282.044,137.018,438.573,278.181,110.264,138.88,687.977,92.568,45.517,108.646,21.457,33.158,35.108,135.633,347.961,444.708,665.365,297.043,104.193
232,30.46,30.45,30.44,30.43,30.42,30.41,30.4,30.39,30.38,30.37,30.47,30.48,30.49,30.5,30.51,30.52,30.53,30.54,30.55,30.56,60.709,80.146,303.356,261.017,315.08,40.241,262.979,55.093,302.934,254.242,22.338,63.374,78.384,225.673,28.115,203.495,621.595,375.547,506.905,7.769
233,30.45,30.44,30.43,30.42,30.41,30.4,30.39,30.38,30.37,30.36,30.46,30.47,30.48,30.49,30.5,30.51,30.52,30.53,30.54,30.55,13.375,120.239,319.493,55.274,87.066,369.197,114.574,341.854,254.242,18.748,16.876,28.513,71.93,208.183,805.445,336.546,222.699,330.222,253.936,401.133
234,30.46,30.45,30.44,30.43,30.42,30.41,30.4,30.39,30.38,30.37,30.47,30.48,30.49,30.5,30.51,30.52,30.53,30.54,30.55,30.56,77.619,73.092,100.385,432.495,313.706,45.28,254.242,55.093,292.956,255.328,17.74,11.951,82.941,250.284,12.528,165.53,621.595,408.927,500.632,95.01
235,30.44,30.43,30.42,30.41,30.4,30.39,30.38,30.37,30.36,30.35,30.45,30.46,30.47,30.48,30.49,30.5,30.51,30.52,30.53,30.54,77.159,31.699,63.78,71.381,298.323,227.022,301.693,255.328,3.869,203.9,17.741,8.341,8.841,74.501,437.306,841.604,76.372,287.965,660.422,295.582
236,30.44,30.43,30.42,30.41,30.4,30.39,30.38,30.37,30.36,30.35,30.45,30.46,30.47,30.48,30.49,30.5,30.51,30.52,30.53,30.54,54.814,290.701,55.093,62.875,296.745,255.66,301.693,255.328,3.869,401.184,17.375,32.901,32.876,151.775,428.634,817.044,76.372,297.897,651.685,295.582
237,30.41,30.4,30.39,30.38,30.37,30.36,30.35,30.34,30.33,30.32,30.42,30.43,30.44,30.45,30.46,30.47,30.48,30.49,30.5,30.51,10,278.312,80.635,81.883,354.955,115.547,401.184,687.977,344.83,120.535,9.846,36.383,100.981,113.014,360.098,342.408,351.276,327.752,817.044,45.516
238,30.42,30.41,30.4,30.39,30.38,30.37,30.36,30.35,30.34,30.33,30.43,30.44,30.45,30.46,30.47,30.48,30.49,30.5,30.51,30.52,3.375,98.133,307.59,159.215,363.205,285.156,61.439,487.974,568.42,5.101,9.936,100.8,113.195,360.098,346.252,351.276,327.752,817.044,45.516,3.87
239,30.43,30.42,30.41,30.4,30.39,30.38,30.37,30.36,30.35,30.34,30.44,30.45,30.46,30.47,30.48,30.49,30.5,30.51,30.52,30.53,10.171,93.921,85.825,372.982,123.023,337.581,284.07,35.527,487.974,568.42,14.494,8.463,78.693,271.008,150.895,327.752,817.044,45.516,3.87,651.685
240,30.4,30.39,30.38,30.37,30.36,30.35,30.34,30.33,30.32,30.31,30.41,30.42,30.43,30.44,30.45,30.46,30.47,30.48,30.49,30.5,13.375,59.483,138.313,254.423,86.191,440.559,828.321,31.046,404.54,254.244,8.623,8.688,12.673,31.147,183.483,565.497,411.694,208.109,291.868,516.934
241,30.41,30.4,30.39,30.38,30.37,30.36,30.35,30.34,30.33,30.32,30.42,30.43,30.44,30.45,30.46,30.47,30.48,30.49,30.5,30.51,13.375,31.866,77.747,146.238,254.423,96.672,413.39,624.854,236.84,110.56,44.877,32.363,76.46,235.69,656.69,312.195,209.287,291.868,516.934,45.516
242,30.4,30.39,30.38,30.37,30.36,30.35,30.34,30.33,30.32,30.31,30.41,30.42,30.43,30.44,30.45,30.46,30.47,30.48,30.49,30.5,11.338,75.041,146.238,254.423,86.192,433.274,624.857,39.556,307.844,254.244,0.494,31.841,9.959,84.096,373.744,442.792,411.694,208.109,291.868,516.934
243,30.39,30.38,30.37,30.36,30.35,30.34,30.33,30.32,30.31,30.3,30.4,30.41,30.42,30.43,30.44,30.45,30.46,30.47,30.48,30.49,69.415,171.78,286.471,86.192,424.015,627.065,39.556,307.844,254.244,547.906,0.438,25.356,21.811,74.113,244.989,246.976,833.664,312.195,122.164,0.495
244,30.41,30.4,30.39,30.38,30.37,30.36,30.35,30.34,30.33,30.32,30.42,30.43,30.44,30.45,30.46,30.47,30.48,30.49,30.5,30.51,3.375,327.435,61.678,240.752,263.454,110.786,344.457,598.913,5.101,110.56,34.239,8.811,80.161,318.915,442.789,312.195,238.987,545.672,516.934,45.516
245,30.39,30.38,30.37,30.36,30.35,30.34,30.33,30.32,30.31,30.3,30.4,30.41,30.42,30.43,30.44,30.45,30.46,30.47,30.48,30.49,57.087,174.689,285.136,177.265,315.909,627.06,5.101,110.56,451.528,547.906,28.481,3.869,11.55,71.395,234.152,259.243,734.162,411.694,122.164,0.495
246,30.39,30.38,30.37,30.36,30.35,30.34,30.33,30.32,30.31,30.3,30.4,30.41,30.42,30.43,30.44,30.45,30.46,30.47,30.48,30.49,9.306,169.086,285.136,208.668,312.425,616.348,73.029,110.56,451.528,253.926,8.835,9.655,11.55,138.076,484.525,267.824,676.756,411.694,122.164,0.495
247,30.38,30.37,30.36,30.35,30.34,30.33,30.32,30.31,30.3,30.29,30.39,30.4,30.41,30.42,30.43,30.44,30.45,30.46,30.47,30.48,13.137,282.203,77.82,327.509,695.005,137.305,114.272,254.244,451.21,390.721,2.761,9.329,87.691,323.87,324.298,378.968,250.394,676.756,312.195,122.164
248,30.35,30.34,30.33,30.32,30.31,30.3,30.29,30.28,30.27,30.26,30.37,30.38,30.39,30.4,30.41,30.42,30.43,30.44,30.45,30.46,163.444,283.471,117.106,400.171,348.091,524.904,96.741,254.244,311.692,682.894,15.986,13.833,8.701,89.68,437.563,367.89,319.356,361.879,369.301,281.387
249,30.34,30.33,30.32,30.31,30.3,30.29,30.28,30.27,30.26,30.25,30.35,30.36,30.37,30.38,30.39,30.4,30.41,30.42,30.43,30.44,4.461,32.282,183.019,392.53,385.857,158.396,321.423,17.712,295.392,328.862,9.195,76.175,10.881,9.143,8.701,87.225,332.278,332.66,191.1,254.797
250,30.33,30.32,30.31,30.3,30.29,30.28,30.27,30.26,30.25,30.24,30.34,30.35,30.36,30.37,30.38,30.39,30.4,30.41,30.42,30.43,4.605,154.613,354.189,282.92,218.68,380.569,32.989,295.392,327.777,3.871,3.657,23.155,145.122,339.235,264.289,45.515,81.542,363.175,397.273,3.869
251,30.36,30.35,30.34,30.33,30.32,30.31,30.3,30.29,30.28,30.27,30.37,30.38,30.39,30.4,30.41,30.42,30.43,30.44,30.45,30.46,3.375,19.426,34.669,28.244,163.625,465.266,302.825,256.251,380.569,3.87,9.666,9.658,13.106,90.779,373.29,413.819,463.533,569.432,77.928,252.814
252,30.31,30.3,30.29,30.28,30.27,30.26,30.25,30.24,30.23,30.22,30.32,30.33,30.34,30.35,30.36,30.37,30.38,30.39,30.4,30.41,3.375,59.543,148.23,372.917,277.613,586.691,599.448,3.871,69.928,385.104,3.375,34.825,150.084,260.466,91.882,332.73,377.347,303.749,82.626,295.888
253,30.29,30.28,30.27,30.26,30.25,30.24,30.23,30.22,30.21,30.2,30.3,30.31,30.32,30.33,30.34,30.35,30.36,30.37,30.38,30.39,3.375,67.265,81.206,125.044,672.146,201.155,398.194,386.19,307.902,45.518,9.962,115.664,357.277,253.747,81.62,318.556,185.401,642.003,384.197,295.242
254,30.28,30.27,30.26,30.25,30.24,30.23,30.22,30.21,30.2,30.19,30.29,30.3,30.31,30.32,30.33,30.34,30.35,30.36,30.37,30.38,3.375,18.976,59.968,66.287,30.219,191.612,477.501,385.139,242.802,694.423,57.587,9.382,113.747,361.102,253.747,81.62,341.045,235.446,256.564,496.448
255,30.25,30.24,30.23,30.22,30.21,30.2,30.19,30.18,30.17,30.16,30.26,30.27,30.28,30.29,30.3,30.31,30.32,30.33,30.34,30.35,3.375,38.838,160.675,490.587,285.512,404.8,403.271,4.721,455.619,504.121,17.742,12.143,111.055,329.065,18.198,173.533,580.797,283.318,268.728,587.263
256,30.28,30.27,30.26,30.25,30.24,30.23,30.22,30.21,30.2,30.19,30.3,30.31,30.32,30.33,30.34,30.35,30.36,30.37,30.38,30.39,22.469,41.375,27.875,64.602,62.587,324.319,418.795,286.976,305.173,694.423,0.754,108.995,338.77,253.929,81.62,343.31,285.633,547.212,302.403,295.242
257,30.27,30.26,30.25,30.24,30.23,30.22,30.21,30.2,30.19,30.18,30.28,30.29,30.3,30.31,30.32,30.33,30.34,30.35,30.36,30.37,11.925,65.44,64.602,62.769,310.306,435.804,312.15,341.77,694.423,4.721,0.996,67.921,13.516,113.237,452.564,553.627,81.62,305.937,134.663,256.564
258,30.26,30.25,30.24,30.23,30.22,30.21,30.2,30.19,30.18,30.17,30.27,30.28,30.29,30.3,30.31,30.32,30.33,30.34,30.35,30.36,3.055,67.286,30.912,157.725,506.279,340.987,144.486,378.09,4.721,68.117,10.888,30.096,68.973,9.668,89.427,371.761,253.747,81.62,305.937,59.363
259,30.25,30.24,30.23,30.22,30.21,30.2,30.19,30.18,30.17,30.16,30.26,30.27,30.28,30.29,30.3,30.31,30.32,30.33,30.34,30.35,15.707,41.407,107.851,503.936,423.546,125.175,378.09,32.029,68.973,504.121,3.871,17.274,171.887,647.366,236.692,183.721,365.911,341.877,295.244,295.89
260,30.29,30.28,30.27,30.26,30.25,30.24,30.23,30.22,30.21,30.2,30.3,30.31,30.32,30.33,30.34,30.35,30.36,30.37,30.38,30.39,6.031,94.293,13.438,171.637,685.716,67.413,271.93,426.319,579.492,117.756,13.375,92.785,278.091,45.739,115.4,533.697,142.288,443.25,296.067,3.869
261,30.27,30.26,30.25,30.24,30.23,30.22,30.21,30.2,30.19,30.18,30.28,30.29,30.3,30.31,30.32,30.33,30.34,30.35,30.36,30.37,6.031,132.171,353.842,130.613,143.371,676.815,580.578,117.756,787.943,4.721,13.375,69.655,12.843,92.967,402.605,518.087,207.286,333.316,68.665,256.564
262,30.27,30.26,30.25,30.24,30.23,30.22,30.21,30.2,30.19,30.18,30.28,30.29,30.3,30.31,30.32,30.33,30.34,30.35,30.36,30.37,33.456,134.771,363.435,112.8,134.069,444.954,286.598,117.756,562.449,4.721,13.375,69.655,12.843,92.967,402.605,518.087,207.286,315.503,134.758,256.564
263,30.25,30.24,30.23,30.22,30.21,30.2,30.19,30.18,30.17,30.16,30.26,30.27,30.28,30.29,30.3,30.31,30.32,30.33,30.34,30.35,34.77,37.103,144.662,604.861,295.9,121.343,342.814,202.005,67.886,798.101,10,8.896,107.629,398.354,213.554,133.18,496.747,282.196,107.787,295.89
264,30.16,30.15,30.14,30.13,30.12,30.11,30.1,30.09,30.08,30.07,30.18,30.19,30.2,30.21,30.22,30.23,30.24,30.25,30.26,30.27,11.089,122.905,272.319,407.397,351.387,234.255,284.106,26.302,436.297,1117.295,11.662,95.546,284.758,29.552,180.429,377.234,280.516,128.074,271.419,3.871
265,30.12,30.11,30.1,30.09,30.08,30.07,30.06,30.05,30.04,30.03,30.13,30.14,30.15,30.16,30.17,30.18,30.19,30.2,30.21,30.22,3.375,11.766,22.294,136.095,467.516,506.868,141.14,443.871,605.903,437.294,13.653,33.677,66.188,96.468,300.588,157.711,376.414,301.27,109.299,122.419
266,30.16,30.15,30.14,30.13,30.12,30.11,30.1,30.09,30.08,30.07,30.17,30.18,30.19,30.2,30.21,30.22,30.23,30.24,30.25,30.26,7.784,27.387,151.605,353.303,283.127,198.319,280.725,30.961,369.415,468.936,3.375,4.93,94.405,309.333,69.346,230.014,377.448,270.084,165.441,370.918
267,30.2,30.19,30.18,30.17,30.16,30.15,30.14,30.13,30.12,30.11,30.21,30.22,30.23,30.24,30.25,30.26,30.27,30.28,30.29,30.3,13.879,37.956,33.709,148.611,306.363,146.107,175.226,322.411,280.805,102.689,0.89,115.585,354.779,325.961,417.699,624.706,120.924,462.122,326.911,401.314
268,30.21,30.2,30.19,30.18,30.17,30.16,30.15,30.14,30.13,30.12,30.22,30.23,30.24,30.25,30.26,30.27,30.28,30.29,30.3,30.31,12.006,26.768,13.186,104.955,409.772,327.663,141.406,207.706,271.421,253.749,0.498,285.976,13.357,138.588,386.411,444.426,834.906,333.275,4.051,3.872
269,30.15,30.14,30.13,30.12,30.11,30.1,30.09,30.08,30.07,30.06,30.16,30.17,30.18,30.19,30.2,30.21,30.22,30.23,30.24,30.25,20.307,20.425,26.416,30.281,154.337,388.533,158.795,488.062,271.42,202.386,60.081,3.873,93.449,348.081,349.992,303.627,420.88,458.316,253.749,45.519
270,30.15,30.14,30.13,30.12,30.11,30.1,30.09,30.08,30.07,30.06,30.17,30.18,30.19,30.2,30.21,30.22,30.23,30.24,30.25,30.26,3.375,150.196,353.328,293.402,200.162,280.763,58.401,491.476,271.652,5.102,14.325,13.1,95.873,281.873,41.626,206.797,351.329,263.089,45.519,402.2
271,30.16,30.15,30.14,30.13,30.12,30.11,30.1,30.09,30.08,30.07,30.18,30.19,30.2,30.21,30.22,30.23,30.24,30.25,30.26,30.27,3.375,32.654,154.043,362.65,415.909,182.515,307.303,40.357,369.415,294.094,65.412,174.533,584.626,239.711,257.335,737.022,263.089,69.006,302.701,48.198
272,30.16,30.15,30.14,30.13,30.12,30.11,30.1,30.09,30.08,30.07,30.17,30.18,30.19,30.2,30.21,30.22,30.23,30.24,30.25,30.26,11.625,37.707,162.093,353.925,318.552,272.567,271.423,37.932,369.415,294.094,14,320.006,167.62,521.297,95.804,457.739,737.022,263.089,46.611,302.701
273,30.12,30.11,30.1,30.09,30.08,30.07,30.06,30.05,30.04,30.03,30.13,30.14,30.15,30.16,30.17,30.18,30.19,30.2,30.21,30.22,9,75.315,268.231,116.677,496.833,494.009,110.694,211.647,875.987,46.934,133.863,44.566,150.48,346.535,279.884,118.815,509.146,521.297,34.052,105.102
274,30.1,30.09,30.08,30.07,30.06,30.05,30.04,30.03,30.02,30.01,30.12,30.13,30.14,30.15,30.16,30.17,30.18,30.19,30.2,30.21,320.148,140.921,412.417,297.105,182.2,375.596,605.832,327.005,494.181,252.954,22.121,28.66,12.225,86.037,342.142,337.441,264.683,308.765,812.67,3.873
275,30.17,30.16,30.15,30.14,30.13,30.12,30.11,30.1,30.09,30.08,30.19,30.2,30.21,30.22,30.23,30.24,30.25,30.26,30.27,30.28,137.186,297.44,69.604,150.81,354.401,283.439,141.523,367.675,61.139,441.782,12.062,10.725,29.878,155.103,349.022,343.323,364.763,402.2,40.322,1041.957
276,30.17,30.16,30.15,30.14,30.13,30.12,30.11,30.1,30.09,30.08,30.18,30.19,30.2,30.21,30.22,30.23,30.24,30.25,30.26,30.27,5.518,288.642,87.251,139.464,445.071,312.648,176.584,268.048,26.633,432.062,3.375,66.943,220.629,36.251,285.488,739.894,280.456,164.382,312.041,33.938
277,30.17,30.16,30.15,30.14,30.13,30.12,30.11,30.1,30.09,30.08,30.18,30.19,30.2,30.21,30.22,30.23,30.24,30.25,30.26,30.27,19.362,26.734,73.142,106.941,345.444,312.472,262.62,268.048,64.018,432.062,3.873,69.579,243.638,173.479,344.438,640.395,263.089,126.184,274.236,3.871
278,30.1,30.09,30.08,30.07,30.06,30.05,30.04,30.03,30.02,30.01,30.12,30.13,30.14,30.15,30.16,30.17,30.18,30.19,30.2,30.21,284.396,162.288,406.33,320.639,124.117,278.488,584.825,14.411,250.806,546.934,10,5.39,29.221,142.567,465.622,306.324,28.528,320.636,1009.676,32.452
279,30.1,30.09,30.08,30.07,30.06,30.05,30.04,30.03,30.02,30.01,30.12,30.13,30.14,30.15,30.16,30.17,30.18,30.19,30.2,30.21,5.14,106.691,419.89,276.58,68.235,253.175,575.061,152.551,403.808,546.934,0.5,7.626,53.225,279.355,399.07,326.984,230.103,238.711,809.295,33.544
280,30.13,30.12,30.11,30.1,30.09,30.08,30.07,30.06,30.05,30.04,30.15,30.16,30.17,30.18,30.19,30.2,30.21,30.22,30.23,30.24,41.814,25.615,151.132,275.297,130.701,452.561,276.58,68.235,146.086,584.472,56.257,96.117,328.756,123.536,491.707,727.962,54.182,366.636,667.166,316.566
281,30.16,30.15,30.14,30.13,30.12,30.11,30.1,30.09,30.08,30.07,30.18,30.19,30.2,30.21,30.22,30.23,30.24,30.25,30.26,30.27,10.552,26.2,172.251,344.554,288.199,208.058,268.048,51.048,379.689,324.741,0.498,375.881,882.164,365.134,185.957,667.166,310.175,42.144,277.242,8.379
282,30.16,30.15,30.14,30.13,30.12,30.11,30.1,30.09,30.08,30.07,30.18,30.19,30.2,30.21,30.22,30.23,30.24,30.25,30.26,30.27,18.788,26.2,172.251,352.884,278.329,208.067,304.766,33.401,370.349,325.832,33.093,276.382,590.39,73.761,157.638,362.49,319.834,85.762,277.242,8.379
283,30.16,30.15,30.14,30.13,30.12,30.11,30.1,30.09,30.08,30.07,30.18,30.19,30.2,30.21,30.22,30.23,30.24,30.25,30.26,30.27,8.663,26.254,172.251,344.554,278.329,216.433,517.752,337.877,469.976,291.996,52.69,375.881,590.39,73.761,157.638,389.045,510.556,333.517,270.861,404.133
284,30.17,30.16,30.15,30.14,30.13,30.12,30.11,30.1,30.09,30.08,30.19,30.2,30.21,30.22,30.23,30.24,30.25,30.26,30.27,30.28,59.801,9.161,26.758,180.581,344.554,367.627,377.919,277.707,329.628,469.976,46.785,143.485,76.755,227.111,430.716,520.215,209.971,571.893,405.224,292.018
285,30.17,30.16,30.15,30.14,30.13,30.12,30.11,30.1,30.09,30.08,30.19,30.2,30.21,30.22,30.23,30.24,30.25,30.26,30.27,30.28,59.801,9.161,26.626,172.251,352.764,367.627,407.868,316.427,295.571,469.976,46.785,143.485,76.755,227.111,430.716,520.215,209.971,578.267,398.85,292.018
286,30.2,30.19,30.18,30.17,30.16,30.15,30.14,30.13,30.12,30.11,30.22,30.23,30.24,30.25,30.26,30.27,30.28,30.29,30.3,30.31,69.127,9.151,29.903,150.572,276.709,101.014,444.407,301.089,270.83,395.925,127.618,530.734,392.175,140.485,334.705,283.42,313.918,956.68,0.676,130.88
287,30.2,30.19,30.18,30.17,30.16,30.15,30.14,30.13,30.12,30.11,30.22,30.23,30.24,30.25,30.26,30.27,30.28,30.29,30.3,30.31,60.457,9.334,101.97,400.265,286.148,112.745,380.017,682.077,250.374,101.945,104.996,469.838,195.174,98.839,328.331,283.42,379.297,956.68,0.676,60.298
288,30.21,30.2,30.19,30.18,30.17,30.16,30.15,30.14,30.13,30.12,30.22,30.23,30.24,30.25,30.26,30.27,30.28,30.29,30.3,30.31,11.656,67.954,19.373,143.236,408.305,339.265,277.491,226,356.546,544.354,10.691,202.29,195.174,98.839,328.331,283.42,379.297,956.68,0.676,60.298
289,30.19,30.18,30.17,30.16,30.15,30.14,30.13,30.12,30.11,30.1,30.2,30.21,30.22,30.23,30.24,30.25,30.26,30.27,30.28,30.29,1.657,20.717,150.572,277.971,92.934,282.603,467.714,447.658,201.572,562.028,26.156,7.097,125.261,519.956,454.873,189.316,468.425,11.246,292.018,956.68
290,30.17,30.16,30.15,30.14,30.13,30.12,30.11,30.1,30.09,30.08,30.19,30.2,30.21,30.22,30.23,30.24,30.25,30.26,30.27,30.28,58.378,268.046,28.795,178.386,396.018,399.873,540.913,583.147,100.127,370.349,47.286,122.54,7.097,122.878,438.227,509.74,282.048,268.044,10.155,292.018
291,30.16,30.15,30.14,30.13,30.12,30.11,30.1,30.09,30.08,30.07,30.18,30.19,30.2,30.21,30.22,30.23,30.24,30.25,30.26,30.27,267.548,36.727,192.938,385.308,385.045,276.812,483.176,0.5,763.956,304.61,25.806,44.13,105.425,5.872,122.695,638.608,509.74,373.04,268.044,0.496
292,30.16,30.15,30.14,30.13,30.12,30.11,30.1,30.09,30.08,30.07,30.18,30.19,30.2,30.21,30.22,30.23,30.24,30.25,30.26,30.27,306.638,39.598,195.121,352.525,424.374,531.198,337.376,100.127,664.329,304.61,5.341,56.393,105.425,5.872,122.695,491.904,685.638,343.176,268.044,0.496
293,30.16,30.15,30.14,30.13,30.12,30.11,30.1,30.09,30.08,30.07,30.18,30.19,30.2,30.21,30.22,30.23,30.24,30.25,30.26,30.27,271.048,34.147,143.935,352.525,373.839,303.69,424.85,297.411,664.329,304.61,10.297,52.647,169.613,206.253,122.157,438.227,485.257,343.176,268.044,0.496
294,30.14,30.13,30.12,30.11,30.1,30.09,30.08,30.07,30.06,30.05,30.16,30.17,30.18,30.19,30.2,30.21,30.22,30.23,30.24,30.25,65.616,268.229,19.804,160.221,366.98,279.537,690.459,292.128,117.65,430.726,24.545,167.034,5.454,180.762,579.489,228.691,122.834,346.149,437.91,333.517
295,30.1,30.09,30.08,30.07,30.06,30.05,30.04,30.03,30.02,30.01,30.12,30.13,30.14,30.15,30.16,30.17,30.18,30.19,30.2,30.21,115.289,301.598,105.965,99.607,238.086,496.451,523.124,49.625,415.027,359.011,60.882,136.957,9.699,169.227,605.32,78.123,59.712,109.872,718.303,0.498
296,30.13,30.12,30.11,30.1,30.09,30.08,30.07,30.06,30.05,30.04,30.15,30.16,30.17,30.18,30.19,30.2,30.21,30.22,30.23,30.24,10,24.876,151.477,276.427,116.395,469.038,347.291,274.837,541.491,579.424,33.944,26.541,106.612,147.08,180.937,805.426,302.063,103.634,298.829,372.709
297,30.12,30.11,30.1,30.09,30.08,30.07,30.06,30.05,30.04,30.03,30.14,30.15,30.16,30.17,30.18,30.19,30.2,30.21,30.22,30.23,31.291,151.814,276.427,119.641,450.516,384.704,331.861,304.16,895.631,2.085,14.679,101.09,106.121,338.039,107.353,371.752,563.915,291.871,42.144,269.903
298,30.14,30.13,30.12,30.11,30.1,30.09,30.08,30.07,30.06,30.05,30.16,30.17,30.18,30.19,30.2,30.21,30.22,30.23,30.24,30.25,11.803,7.32,29.417,159.744,292.865,168.985,450.516,303.042,51.063,480.888,14,159.798,71.2,371.752,606.954,308.457,96.776,270.995,310.175,42.144
299,30.16,30.15,30.14,30.13,30.12,30.11,30.1,30.09,30.08,30.07,30.17,30.18,30.19,30.2,30.21,30.22,30.23,30.24,30.25,30.26,9.214,28.788,155.191,351.734,290.336,203.081,291.752,111.071,480.168,268.045,82.141,30.53,253.294,718.303,28.326,204.932,595.837,310.175,42.144,268.044
300,30.15,30.14,30.13,30.12,30.11,30.1,30.09,30.08,30.07,30.06,30.17,30.18,30.19,30.2,30.21,30.22,30.23,30.24,30.25,30.26,27.649,150.201,351.734,290.536,184.559,317.823,150.893,514.377,268.045,51.063,178.12,5.764,153.795,517.922,28.326,96.776,360.12,320.124,42.144,268.044
301,30.16,30.15,30.14,30.13,30.12,30.11,30.1,30.09,30.08,30.07,30.17,30.18,30.19,30.2,30.21,30.22,30.23,30.24,30.25,30.26,12.321,26.825,149.864,351.734,290.536,226.789,268.046,111.071,514.592,268.045,82.639,106.111,153.795,711.089,28.326,97.867,431.543,619.211,42.144,664.572
302,30.18,30.17,30.16,30.15,30.14,30.13,30.12,30.11,30.1,30.09,30.19,30.2,30.21,30.22,30.23,30.24,30.25,30.26,30.27,30.28,10,15.867,6.669,26.671,147.064,393.774,280.686,285.49,268.046,111.071,24.498,93.599,114.401,80.483,642.509,320.124,82.78,963.659,3.313,298.391
303,30.18,30.17,30.16,30.15,30.14,30.13,30.12,30.11,30.1,30.09,30.2,30.21,30.22,30.23,30.24,30.25,30.26,30.27,30.28,30.29,43.231,155.763,274.216,45.321,222.347,407.191,307.057,284.401,268.046,0.498,14.498,114.401,143.452,569.994,320.124,162.016,567.131,30.69,298.391,664.572
304,30.2,30.19,30.18,30.17,30.16,30.15,30.14,30.13,30.12,30.11,30.21,30.22,30.23,30.24,30.25,30.26,30.27,30.28,30.29,30.3,28.744,9.171,98.249,408.223,275.116,92.632,255.526,346.651,280.686,241.819,15.875,40.825,192.471,317.105,93.091,325.852,331.314,591.105,664.572,7.04
305,30.2,30.19,30.18,30.17,30.16,30.15,30.14,30.13,30.12,30.11,30.21,30.22,30.23,30.24,30.25,30.26,30.27,30.28,30.29,30.3,17.088,0.498,98.249,408.223,275.116,66.173,217.53,383.98,280.686,241.819,21.013,40.825,192.471,317.105,93.091,325.852,331.314,591.105,670.936,0.676
306,30.2,30.19,30.18,30.17,30.16,30.15,30.14,30.13,30.12,30.11,30.21,30.22,30.23,30.24,30.25,30.26,30.27,30.28,30.29,30.3,17.088,5.916,98.249,441.397,370.718,91.55,217.53,346.651,280.686,241.819,15.875,41.499,192.471,317.105,94.18,325.852,331.314,607.42,664.572,0.676
307,30.2,30.19,30.18,30.17,30.16,30.15,30.14,30.13,30.12,30.11,30.21,30.22,30.23,30.24,30.25,30.26,30.27,30.28,30.29,30.3,2.152,22.127,98.249,472.013,313.296,195.627,217.53,346.651,370.872,141.977,1.146,39.605,192.654,317.105,94.18,325.852,331.314,607.42,664.572,0.676
308,30.2,30.19,30.18,30.17,30.16,30.15,30.14,30.13,30.12,30.11,30.21,30.22,30.23,30.24,30.25,30.26,30.27,30.28,30.29,30.3,14.12,272.62,93.091,475.528,315.931,184.942,214.74,350.554,350.216,143.655,0.999,32.338,127.468,65.512,101.021,274.952,117.275,562.089,268.044,0.676
309,30.2,30.19,30.18,30.17,30.16,30.15,30.14,30.13,30.12,30.11,30.21,30.22,30.23,30.24,30.25,30.26,30.27,30.28,30.29,30.3,9.587,272.62,101.158,475.528,317.523,190.941,214.74,350.554,350.216,143.655,0.669,0.498,127.468,65.512,101.021,274.952,125.348,562.089,268.044,0.676
310,30.23,30.22,30.21,30.2,30.19,30.18,30.17,30.16,30.15,30.14,30.24,30.25,30.26,30.27,30.28,30.29,30.3,30.31,30.32,30.33,1.88,8.502,34.779,149.607,302.041,92.908,482.547,317.523,272.261,135.582,60.384,137.384,8.552,104.747,368.922,343.41,211.842,197.885,1011.663,262.303
311,30.22,30.21,30.2,30.19,30.18,30.17,30.16,30.15,30.14,30.13,30.23,30.24,30.25,30.26,30.27,30.28,30.29,30.3,30.31,30.32,2.342,34.597,149.607,302.041,92.908,482.559,317.523,232.932,135.582,269.679,19.551,107.502,138.29,15.398,122.302,370.011,325.906,211.842,79.931,1005.306
312,30.18,30.17,30.16,30.15,30.14,30.13,30.12,30.11,30.1,30.09,30.19,30.2,30.21,30.22,30.23,30.24,30.25,30.26,30.27,30.28,56.91,142.235,319.804,95.257,322.126,378.512,293.943,186.097,390.303,6.9,10.35,8.054,105.152,85.953,413.301,525.108,206.843,573.977,25.463,292.018
313,30.17,30.16,30.15,30.14,30.13,30.12,30.11,30.1,30.09,30.08,30.18,30.19,30.2,30.21,30.22,30.23,30.24,30.25,30.26,30.27,69.94,30.402,227.672,394.037,123.541,400.173,390.573,122.755,0.498,852.375,9.664,8.61,36.814,105.307,85.953,412.461,525.108,189.113,306.429,250.952
314,30.13,30.12,30.11,30.1,30.09,30.08,30.07,30.06,30.05,30.04,30.14,30.15,30.16,30.17,30.18,30.19,30.2,30.21,30.22,30.23,17.499,122.8,324.672,26.937,198.169,500.213,418.301,147.481,151.7,490.768,0.498,105.055,27.596,85.285,14.926,191.311,532.218,0.498,42.144,251.133
315,30.16,30.15,30.14,30.13,30.12,30.11,30.1,30.09,30.08,30.07,30.17,30.18,30.19,30.2,30.21,30.22,30.23,30.24,30.25,30.26,11.308,99.379,317.162,100.838,418.049,372.211,211.254,279.091,423.267,569.998,4.906,39.217,102.145,8.308,17.992,124.917,405.764,520.729,167.746,307.057
316,30.12,30.11,30.1,30.09,30.08,30.07,30.06,30.05,30.04,30.03,30.14,30.15,30.16,30.17,30.18,30.19,30.2,30.21,30.22,30.23,126.346,311.06,19.517,191.927,487.852,446.7,94.668,144.7,584.188,201.078,0.5,39.815,121.614,68.413,132.772,392.125,308.183,203.349,42.144,251.133
317,30.17,30.16,30.15,30.14,30.13,30.12,30.11,30.1,30.09,30.08,30.18,30.19,30.2,30.21,30.22,30.23,30.24,30.25,30.26,30.27,275.419,0.681,85.843,318.745,111.922,433.613,316.627,72.973,167.705,370.58,5.046,6.019,36.085,101.128,8.818,162.919,785.409,100.272,75.008,250.952
318,30.2,30.19,30.18,30.17,30.16,30.15,30.14,30.13,30.12,30.11,30.22,30.23,30.24,30.25,30.26,30.27,30.28,30.29,30.3,30.31,97.669,88.831,268.972,136.59,277.107,171.405,320.175,113.011,442.444,309.787,43.932,27.432,100.113,136.762,136.32,552.199,292.018,109.885,397.204,609.841
319,30.19,30.18,30.17,30.16,30.15,30.14,30.13,30.12,30.11,30.1,30.21,30.22,30.23,30.24,30.25,30.26,30.27,30.28,30.29,30.3,36.371,106.705,398.066,277.29,152.893,339.56,143.129,452.761,309.787,0.498,7.734,39.573,186.438,326.904,94.08,128.724,534.655,292.018,0.496,397.204
320,30.16,30.15,30.14,30.13,30.12,30.11,30.1,30.09,30.08,30.07,30.18,30.19,30.2,30.21,30.22,30.23,30.24,30.25,30.26,30.27,57.657,92.625,312.026,111.922,427.403,328.309,50.558,261.512,370.58,546.945,7.646,40.04,183.73,263.356,121.026,553.279,381.929,375.502,10.18,250.952
321,30.16,30.15,30.14,30.13,30.12,30.11,30.1,30.09,30.08,30.07,30.17,30.18,30.19,30.2,30.21,30.22,30.23,30.24,30.25,30.26,3.261,95.471,320.02,111.922,379.569,339.779,125.366,153.42,379.544,640.376,23.424,6.35,40.04,182.661,281.845,144.027,534.735,381.929,375.502,0.496
322,30.14,30.13,30.12,30.11,30.1,30.09,30.08,30.07,30.06,30.05,30.15,30.16,30.17,30.18,30.19,30.2,30.21,30.22,30.23,30.24,13,8.036,115.069,309.787,37.035,231.286,520.714,420.809,343.427,134.164,0.498,129.139,183.047,327.948,367.191,270.079,260.149,77.512,250.553,305.332
323,30.17,30.16,30.15,30.14,30.13,30.12,30.11,30.1,30.09,30.08,30.19,30.2,30.21,30.22,30.23,30.24,30.25,30.26,30.27,30.28,24.662,8.563,100.909,324.363,77.679,461.393,366.012,141.837,153.42,409.093,45.063,83.152,346.618,67.177,405.223,581.743,375.502,23.834,250.952,688.546
324,30.15,30.14,30.13,30.12,30.11,30.1,30.09,30.08,30.07,30.06,30.16,30.17,30.18,30.19,30.2,30.21,30.22,30.23,30.24,30.25,3.609,313.268,77.862,401.387,404.567,104.451,141.477,579.653,313.738,233.116,26.12,98.685,106.022,8.149,134.739,471.829,107.732,341.695,379.754,375.502
325,30.17,30.16,30.15,30.14,30.13,30.12,30.11,30.1,30.09,30.08,30.18,30.19,30.2,30.21,30.22,30.23,30.24,30.25,30.26,30.27,9.424,5.136,102.457,318.119,101.852,433.183,408.974,52.864,201.48,409.093,14.498,103.63,82.726,261.24,107.732,405.007,572.921,375.502,0.496,250.952
326,30.11,30.1,30.09,30.08,30.07,30.06,30.05,30.04,30.03,30.02,30.12,30.13,30.14,30.15,30.16,30.17,30.18,30.19,30.2,30.21,6.956,277.669,135.602,472.34,403.565,128.135,287.92,778.11,0.73,116.741,25.705,6.031,87.264,286.882,122.795,213.086,515.65,361.123,308.78,252.045
327,30.09,30.08,30.07,30.06,30.05,30.04,30.03,30.02,30.01,30,30.1,30.11,30.12,30.13,30.14,30.15,30.16,30.17,30.18,30.19,45.237,149.897,274.725,134.013,344.675,564.878,135.513,117.832,441.403,377.899,27.825,8.272,10.116,37.896,230.754,481.141,64.008,158.546,322.483,329.441
328,30.09,30.08,30.07,30.06,30.05,30.04,30.03,30.02,30.01,30,30.1,30.11,30.12,30.13,30.14,30.15,30.16,30.17,30.18,30.19,26.414,154.296,267.823,111.568,372.14,601.379,93.002,259.561,441.403,70.723,3.825,12.801,41.277,183.377,338.049,298.518,67.833,182.577,453.316,292.02
329,30.11,30.1,30.09,30.08,30.07,30.06,30.05,30.04,30.03,30.02,30.12,30.13,30.14,30.15,30.16,30.17,30.18,30.19,30.2,30.21,66.128,12.487,106.749,408.317,284.041,198.385,372.14,647.901,50.747,116.741,24.598,4.325,83.333,376.675,67.833,200.297,527.199,350.794,299.585,250.954
330,30.16,30.15,30.14,30.13,30.12,30.11,30.1,30.09,30.08,30.07,30.17,30.18,30.19,30.2,30.21,30.22,30.23,30.24,30.25,30.26,3.825,30.707,149.186,264.924,28.051,189.915,290.907,123.225,463.835,250.953,12.472,320.099,345.855,75.103,277.642,122.101,404.303,503.922,379.327,400.849
331,30.14,30.13,30.12,30.11,30.1,30.09,30.08,30.07,30.06,30.05,30.16,30.17,30.18,30.19,30.2,30.21,30.22,30.23,30.24,30.25,89.341,11.476,35.901,189.915,287.858,129.22,491.993,344.769,252.52,412.192,24.481,148.998,332.045,363.609,76.193,260.075,102.529,747.302,310.755,476.768
332,30.15,30.14,30.13,30.12,30.11,30.1,30.09,30.08,30.07,30.06,30.16,30.17,30.18,30.19,30.2,30.21,30.22,30.23,30.24,30.25,7.129,9.377,11.476,44.431,189.915,317.03,162.695,545.155,299.497,55.687,3.825,234.569,332.045,303.159,264.117,277.86,55.09,554.135,310.755,476.768
333,30.16,30.15,30.14,30.13,30.12,30.11,30.1,30.09,30.08,30.07,30.17,30.18,30.19,30.2,30.21,30.22,30.23,30.24,30.25,30.26,12.007,29.572,147.365,342.828,298.685,208.957,280.391,204.891,535.163,290.376,9.591,105.281,10.175,105.219,470.842,118.572,343.949,341.651,379.327,4.321
334,30.16,30.15,30.14,30.13,30.12,30.11,30.1,30.09,30.08,30.07,30.17,30.18,30.19,30.2,30.21,30.22,30.23,30.24,30.25,30.26,4.146,28.924,147.365,342.645,291.246,287.346,372.249,114.874,370.349,290.608,13.825,45.675,105.656,105.219,260.075,169.638,502.965,310.755,379.327,4.321
335,30.13,30.12,30.11,30.1,30.09,30.08,30.07,30.06,30.05,30.04,30.14,30.15,30.16,30.17,30.18,30.19,30.2,30.21,30.22,30.23,7.13,42.768,189.217,272.59,114.874,489.113,357.257,134.759,218.27,616.247,3.825,11.648,56.396,242.246,389.099,464.105,73.685,250.954,45.969,252.231
336,30.13,30.12,30.11,30.1,30.09,30.08,30.07,30.06,30.05,30.04,30.14,30.15,30.16,30.17,30.18,30.19,30.2,30.21,30.22,30.23,12.964,42.214,189.217,294.88,114.874,464.892,361.909,169.447,211.849,729.706,3.825,21.892,58.372,239.424,326.34,271.997,128.025,444.121,45.969,252.231
337,30.14,30.13,30.12,30.11,30.1,30.09,30.08,30.07,30.06,30.05,30.15,30.16,30.17,30.18,30.19,30.2,30.21,30.22,30.23,30.24,7.129,18.052,74.073,181.919,376.318,162.705,487.38,338.3,144.729,114.792,19.305,124.186,143.943,327.431,270.906,128.025,453.242,55.09,252.231,310.755
338,30.12,30.11,30.1,30.09,30.08,30.07,30.06,30.05,30.04,30.03,30.13,30.14,30.15,30.16,30.17,30.18,30.19,30.2,30.21,30.22,15.126,148.465,315.772,149.238,582.203,274.562,54.947,278.346,603.567,298.626,2.532,182.538,291.858,23.954,219.684,537.382,253.22,13.444,559.162,442.497
339,30.12,30.11,30.1,30.09,30.08,30.07,30.06,30.05,30.04,30.03,30.13,30.14,30.15,30.16,30.17,30.18,30.19,30.2,30.21,30.22,10.712,154.25,305.423,176.174,487.38,378.542,81.128,317.793,603.567,5.175,6.357,182.538,286.043,23.954,219.684,537.382,253.22,13.444,559.162,442.497
340,30.11,30.1,30.09,30.08,30.07,30.06,30.05,30.04,30.03,30.02,30.13,30.14,30.15,30.16,30.17,30.18,30.19,30.2,30.21,30.22,138.519,275.627,138.892,401.679,312.794,149.731,253.094,562.358,5.175,104.583,14.5,131.594,254.962,12.618,83.938,427.009,253.22,79.233,250.954,89.787
341,30.11,30.1,30.09,30.08,30.07,30.06,30.05,30.04,30.03,30.02,30.12,30.13,30.14,30.15,30.16,30.17,30.18,30.19,30.2,30.21,20.131,18.664,62.708,126.838,327.243,222.04,340.474,535.073,136.235,104.583,5.83,51.909,221.959,264.605,87.916,272.375,409.719,253.22,52.827,647.482
342,30.12,30.11,30.1,30.09,30.08,30.07,30.06,30.05,30.04,30.03,30.13,30.14,30.15,30.16,30.17,30.18,30.19,30.2,30.21,30.22,5.486,87.372,277.314,142.426,424.197,392.036,298.273,235.349,697.647,5.407,3.825,159.639,351.535,4.323,79.208,482.299,446.387,99.937,647.482,388.874
343,30.12,30.11,30.1,30.09,30.08,30.07,30.06,30.05,30.04,30.03,30.13,30.14,30.15,30.16,30.17,30.18,30.19,30.2,30.21,30.22,13.825,9.546,27.8,62.434,127.093,350.852,172.234,415.205,797.489,5.407,8.943,159.639,359.695,22.037,83.875,464.607,446.387,52.827,647.482,388.874
344,30.13,30.12,30.11,30.1,30.09,30.08,30.07,30.06,30.05,30.04,30.14,30.15,30.16,30.17,30.18,30.19,30.2,30.21,30.22,30.23,5.485,21.061,87.195,279.682,150.147,447.996,431.718,213.706,190.998,678.268,44.316,351.535,4.323,111.196,491.282,446.387,147.385,647.482,388.874,252.231
345,30.12,30.11,30.1,30.09,30.08,30.07,30.06,30.05,30.04,30.03,30.13,30.14,30.15,30.16,30.17,30.18,30.19,30.2,30.21,30.22,3.825,12.762,254.781,54.258,367.12,311.298,234.54,190.496,484.346,5.407,10.963,9.973,105.784,12.47,55.496,319.437,446.387,4.323,550.041,90.878
346,30.12,30.11,30.1,30.09,30.08,30.07,30.06,30.05,30.04,30.03,30.13,30.14,30.15,30.16,30.17,30.18,30.19,30.2,30.21,30.22,3.825,12.762,254.781,53.671,328.527,350.078,100.61,291.19,484.346,23.943,3.825,13.963,260.759,107.951,55.496,319.437,447.478,4.323,550.041,89.787
347,30.14,30.13,30.12,30.11,30.1,30.09,30.08,30.07,30.06,30.05,30.15,30.16,30.17,30.18,30.19,30.2,30.21,30.22,30.23,30.24,3.825,11.84,54.682,88.814,279.792,197.412,421.505,441.359,157.118,190.496,14.161,123.262,146.766,388.848,447.478,129.818,550.041,89.787,252.231,250.954
348,30.13,30.12,30.11,30.1,30.09,30.08,30.07,30.06,30.05,30.04,30.14,30.15,30.16,30.17,30.18,30.19,30.2,30.21,30.22,30.23,3.825,50.229,90.359,265.298,146.208,451.018,339.653,188.126,290.338,484.346,10.862,46.193,116.121,127.431,407.633,446.387,136.58,550.041,89.787,252.231
349,30.12,30.11,30.1,30.09,30.08,30.07,30.06,30.05,30.04,30.03,30.13,30.14,30.15,30.16,30.17,30.18,30.19,30.2,30.21,30.22,3.825,90.359,272.54,146.208,412.425,368.875,216.83,204.387,584.188,23.943,5.603,189.211,296.649,13.748,123.386,448.188,446.387,57.316,550.041,89.787
350,30.12,30.11,30.1,30.09,30.08,30.07,30.06,30.05,30.04,30.03,30.13,30.14,30.15,30.16,30.17,30.18,30.19,30.2,30.21,30.22,3.825,10.544,281.454,146.208,458.939,312.755,238.994,244.08,584.188,33.784,5.603,192.579,296.649,13.748,123.386,448.188,446.387,57.316,550.041,89.787
351,30.12,30.11,30.1,30.09,30.08,30.07,30.06,30.05,30.04,30.03,30.13,30.14,30.15,30.16,30.17,30.18,30.19,30.2,30.21,30.22,3.825,96.489,280.536,145.414,389.943,385.768,221.233,193.685,494.726,133.394,9.8,183.307,286.811,36.895,175.513,522.824,253.22,68.784,946.569,45.969
352,30.14,30.13,30.12,30.11,30.1,30.09,30.08,30.07,30.06,30.05,30.15,30.16,30.17,30.18,30.19,30.2,30.21,30.22,30.23,30.24,3.825,26.311,71.565,132.704,291.316,139.379,475.3,381.921,226.48,247.366,36.953,56.72,225.632,347.398,312.171,293.523,260.482,45.969,551.318,689.253
353,30.15,30.14,30.13,30.12,30.11,30.1,30.09,30.08,30.07,30.06,30.16,30.17,30.18,30.19,30.2,30.21,30.22,30.23,30.24,30.25,3.825,10.432,27.591,71.565,132.704,285.263,217.384,412.425,422.652,163.161,19.15,217.958,329.657,313.262,311.284,260.482,113.317,551.318,689.253,83.057
354,30.14,30.13,30.12,30.11,30.1,30.09,30.08,30.07,30.06,30.05,30.15,30.16,30.17,30.18,30.19,30.2,30.21,30.22,30.23,30.24,7.129,20.667,55.117,91.058,298.497,209.221,412.425,422.151,163.161,110.239,14.362,62.585,227.188,329.657,313.262,311.284,260.482,70.097,551.318,689.253
355,30.13,30.12,30.11,30.1,30.09,30.08,30.07,30.06,30.05,30.04,30.14,30.15,30.16,30.17,30.18,30.19,30.2,30.21,30.22,30.23,6.577,55.117,91.058,270.951,144.949,513.62,394.185,347.859,304.161,490.771,24.537,14.247,48.585,227.188,329.657,354.908,311.284,260.482,70.097,551.318
356,30.14,30.13,30.12,30.11,30.1,30.09,30.08,30.07,30.06,30.05,30.15,30.16,30.17,30.18,30.19,30.2,30.21,30.22,30.23,30.24,53.123,34.464,62.324,101.928,312.645,211.488,412.926,394.185,263.003,313.989,3.825,51.912,217.958,329.657,313.262,311.284,260.482,70.097,551.318,689.253
357,30.15,30.14,30.13,30.12,30.11,30.1,30.09,30.08,30.07,30.06,30.16,30.17,30.18,30.19,30.2,30.21,30.22,30.23,30.24,30.25,6.119,13.773,34.464,79.791,132.704,393.467,272.737,390.444,356.377,163.161,9.597,223.865,329.657,313.262,311.284,260.482,123.344,551.318,689.253,83.057
358,30.15,30.14,30.13,30.12,30.11,30.1,30.09,30.08,30.07,30.06,30.16,30.17,30.18,30.19,30.2,30.21,30.22,30.23,30.24,30.25,4.46,15.007,34.464,90.145,171.297,329.246,273.238,389.943,356.377,163.161,12.091,217.958,329.657,313.262,311.284,260.482,123.344,551.318,689.253,83.057
359,30.12,30.11,30.1,30.09,30.08,30.07,30.06,30.05,30.04,30.03,30.13,30.14,30.15,30.16,30.17,30.18,30.19,30.2,30.21,30.22,1.661,91.058,271.134,139.379,451.018,426.752,365.695,313.989,490.771,4.323,23.327,109.013,11.969,22.117,131.329,346.964,354.908,293.523,260.482,80.082
360,30.11,30.1,30.09,30.08,30.07,30.06,30.05,30.04,30.03,30.02,30.12,30.13,30.14,30.15,30.16,30.17,30.18,30.19,30.2,30.21,5.486,271.134,139.379,389.943,422.941,184.163,228.516,632.909,198.245,388.426,8.83,47.476,187.347,262.425,84.147,315.461,346.964,295.957,68.784,250.954
361,30.11,30.1,30.09,30.08,30.07,30.06,30.05,30.04,30.03,30.02,30.12,30.13,30.14,30.15,30.16,30.17,30.18,30.19,30.2,30.21,5.486,37.242,181.495,348.297,416.409,137.263,232.413,604.368,198.245,381.993,18.458,44.342,187.347,270.667,93.691,315.461,329.657,295.957,68.784,250.954
362,30.11,30.1,30.09,30.08,30.07,30.06,30.05,30.04,30.03,30.02,30.12,30.13,30.14,30.15,30.16,30.17,30.18,30.19,30.2,30.21,2.486,287.698,174.04,348.297,451.261,146.008,267.18,604.368,198.245,381.993,7.051,44.342,187.347,270.667,102.394,315.461,329.657,295.957,68.784,250.954
363,30.13,30.12,30.11,30.1,30.09,30.08,30.07,30.06,30.05,30.04,30.14,30.15,30.16,30.17,30.18,30.19,30.2,30.21,30.22,30.23,3.825,75.485,89.807,297.457,212.633,465.127,512.51,156.689,121.444,494.681,13.532,350.443,13.851,131.82,409.279,489.124,68.784,260.799,45.969,551.318
364,30.12,30.11,30.1,30.09,30.08,30.07,30.06,30.05,30.04,30.03,30.13,30.14,30.15,30.16,30.17,30.18,30.19,30.2,30.21,30.22,72.625,89.807,287.698,174.04,526.21,399.406,125.459,213.635,494.681,198.245,3.825,23.689,45.249,119.041,131.82,409.279,489.124,68.784,260.799,55.814
365,30.14,30.13,30.12,30.11,30.1,30.09,30.08,30.07,30.06,30.05,30.15,30.16,30.17,30.18,30.19,30.2,30.21,30.22,30.23,30.24,1.659,20.297,54.923,89.99,297.457,202.394,503.727,399.406,125.96,178.868,3.825,19.154,130.018,425.321,313.709,68.784,345.819,299.114,551.318,689.253
366,30.16,30.15,30.14,30.13,30.12,30.11,30.1,30.09,30.08,30.07,30.17,30.18,30.19,30.2,30.21,30.22,30.23,30.24,30.25,30.26,9.937,13.595,92.624,383.689,300.179,206.66,378.42,164.461,405.887,318.585,6.824,37.77,119.846,130.436,322.889,142.491,482.447,559.886,118.014,4.321
