timestamp,bid_price_0,bid_price_1,bid_price_2,bid_price_3,bid_price_4,bid_price_5,bid_price_6,bid_price_7,bid_price_8,bid_price_9,ask_price_0,ask_price_1,ask_price_2,ask_price_3,ask_price_4,ask_price_5,ask_price_6,ask_price_7,ask_price_8,ask_price_9,bid_size_0,bid_size_1,bid_size_2,bid_size_3,bid_size_4,bid_size_5,bid_size_6,bid_size_7,bid_size_8,bid_size_9,ask_size_0,ask_size_1,ask_size_2,ask_size_3,ask_size_4,ask_size_5,ask_size_6,ask_size_7,ask_size_8,ask_size_9
0,30.27,30.26,30.25,30.24,30.23,30.22,30.21,30.2,30.19,30.18,30.28,30.29,30.3,30.31,30.32,30.33,30.34,30.35,30.36,30.37,10,12.238,7.522,55.526,265.396,366.825,383.474,263.065,374.973,206.525,34.215,97.538,402.31,115.741,325.341,626.312,3.871,5.549,277.382,595.352
1,30.25,30.24,30.23,30.22,30.21,30.2,30.19,30.18,30.17,30.16,30.26,30.27,30.28,30.29,30.3,30.31,30.32,30.33,30.34,30.35,3.375,31.325,168.137,384.612,326.463,164.908,393.537,431.259,490.434,534.235,24.438,315.311,177.977,377.824,494.737,43.767,380.996,626.312,3.871,5.549
2,30.23,30.22,30.21,30.2,30.19,30.18,30.17,30.16,30.15,30.14,30.24,30.25,30.26,30.27,30.28,30.29,30.3,30.31,30.32,30.33,4.641,20.562,49.166,172.424,414.278,370.06,609.774,394.939,199.78,47.131,14,18.484,92.52,314.376,183.737,285.054,304.346,352.021,272.813,626.312
3,30.23,30.22,30.21,30.2,30.19,30.18,30.17,30.16,30.15,30.14,30.24,30.25,30.26,30.27,30.28,30.29,30.3,30.31,30.32,30.33,3.375,24.103,23.015,130.778,357.88,208.746,541.068,515.384,199.78,45.518,24.662,12.587,92.52,370.469,385.466,295.393,277.561,343.727,82.125,626.312
4,30.2,30.19,30.18,30.17,30.16,30.15,30.14,30.13,30.12,30.11,30.22,30.23,30.24,30.25,30.26,30.27,30.28,30.29,30.3,30.31,104.714,318.271,133.138,541.164,448.441,96.279,246.645,728.655,286.223,348.753,13.783,98.069,313.279,106.759,110.53,299.893,203.942,295.393,278.65,342.638
5,30.24,30.23,30.22,30.21,30.2,30.19,30.18,30.17,30.16,30.15,30.25,30.26,30.27,30.28,30.29,30.3,30.31,30.32,30.33,30.34,8.685,119.676,394.966,263.443,140.917,373.514,227.926,616.497,368.414,80.966,6.235,12.07,12.749,90.925,344.986,304.597,45.517,99.033,671.125,147.034
6,30.25,30.24,30.23,30.22,30.21,30.2,30.19,30.18,30.17,30.16,30.26,30.27,30.28,30.29,30.3,30.31,30.32,30.33,30.34,30.35,11.375,11.272,136.197,420.66,330.273,140.848,444.524,130.214,316.608,517.123,14.425,18.473,119.782,509.095,1126.57,45.517,5.048,756.325,445.905,503.356
7,30.26,30.25,30.24,30.23,30.22,30.21,30.2,30.19,30.18,30.17,30.27,30.28,30.29,30.3,30.31,30.32,30.33,30.34,30.35,30.36,3.375,55.472,29.496,136.809,461.394,299.926,261.297,318.271,37.177,295.394,3.375,12.184,260.418,1118.919,99.665,32.328,756.325,81.035,113.1,579.07
8,30.2,30.19,30.18,30.17,30.16,30.15,30.14,30.13,30.12,30.11,30.22,30.23,30.24,30.25,30.26,30.27,30.28,30.29,30.3,30.31,23.926,61.054,112.446,415.676,416.955,140.523,241.273,478.331,286.223,260.855,20.834,97.931,361.783,279.636,105.687,373.176,194.559,295.393,1109.043,302.742
9,30.17,30.16,30.15,30.14,30.13,30.12,30.11,30.1,30.09,30.08,30.18,30.19,30.2,30.21,30.22,30.23,30.24,30.25,30.26,30.27,13.375,13.345,10.322,120.719,497.122,455.507,271.447,469.763,123.351,383.158,21.226,28.334,175.249,637.412,200.56,88.31,287.078,252.221,78.6,468.07
10,30.13,30.12,30.11,30.1,30.09,30.08,30.07,30.06,30.05,30.04,30.14,30.15,30.16,30.17,30.18,30.19,30.2,30.21,30.22,30.23,32.655,12.651,114.825,401.682,316.212,550.272,448.073,196.874,49.799,540.845,21.223,27.276,91.679,344.535,306.568,118.509,89.416,580.649,64.912,78.795
11,30.13,30.12,30.11,30.1,30.09,30.08,30.07,30.06,30.05,30.04,30.14,30.15,30.16,30.17,30.18,30.19,30.2,30.21,30.22,30.23,3.375,19.399,24.276,60.259,272.128,903.185,237.073,170.881,466.695,827.965,9.96,16.498,88.071,433.149,291.563,26.603,107.439,761.643,64.912,78.795
12,30.16,30.15,30.14,30.13,30.12,30.11,30.1,30.09,30.08,30.07,30.17,30.18,30.19,30.2,30.21,30.22,30.23,30.24,30.25,30.26,10.557,139.674,283.852,93.125,449.169,395.325,208.947,215.223,747.158,268.147,3.375,12.638,15.484,170.845,691.404,106.116,113.241,277.384,515.867,377.471
13,30.15,30.14,30.13,30.12,30.11,30.1,30.09,30.08,30.07,30.06,30.17,30.18,30.19,30.2,30.21,30.22,30.23,30.24,30.25,30.26,100.02,300.539,92.987,395.981,442.652,212.676,360.486,714.019,170.222,331.984,82.96,12.947,115.903,477.415,343.238,92.601,78.795,277.384,442.909,377.471
14,30.21,30.2,30.19,30.18,30.17,30.16,30.15,30.14,30.13,30.12,30.22,30.23,30.24,30.25,30.26,30.27,30.28,30.29,30.3,30.31,42.844,11.882,42.258,215.546,402.614,303.547,273.198,326.858,115.34,297.444,61.039,52.171,287.323,92.825,228.998,277.382,25.246,295.393,1302.548,394.127
15,30.22,30.21,30.2,30.19,30.18,30.17,30.16,30.15,30.14,30.13,30.23,30.24,30.25,30.26,30.27,30.28,30.29,30.3,30.31,30.32,10,10.857,12.505,44.463,214.881,397.645,388.969,187.229,355.158,26.226,6.388,38.822,124.097,137.642,439.361,125.325,496.02,1111.86,394.127,12.931
16,30.21,30.2,30.19,30.18,30.17,30.16,30.15,30.14,30.13,30.12,30.23,30.24,30.25,30.26,30.27,30.28,30.29,30.3,30.31,30.32,51.177,286.016,30.082,205.887,415.211,374.819,215.547,319.03,3.873,297.675,12.237,37.35,100.95,170.781,439.361,125.325,486.081,1111.86,394.127,12.931
17,30.26,30.25,30.24,30.23,30.22,30.21,30.2,30.19,30.18,30.17,30.28,30.29,30.3,30.31,30.32,30.33,30.34,30.35,30.36,30.37,46.72,26.953,142.17,303.32,145.749,438.547,336.472,120.804,47.568,320.122,10.051,296.553,901.605,72.669,110.781,529.578,253.573,80.1,576.253,298.21
18,30.25,30.24,30.23,30.22,30.21,30.2,30.19,30.18,30.17,30.16,30.26,30.27,30.28,30.29,30.3,30.31,30.32,30.33,30.34,30.35,2.896,131.756,299.316,150.914,421.091,306.569,144.017,234.707,618.966,264.192,15.718,11.262,186.958,705.803,900.919,296.376,55.586,529.578,103.158,80.1
19,30.26,30.25,30.24,30.23,30.22,30.21,30.2,30.19,30.18,30.17,30.27,30.28,30.29,30.3,30.31,30.32,30.33,30.34,30.35,30.36,3.375,26.525,139.722,291.984,141.424,514.685,375.541,28.328,86.184,341.584,13.039,99.064,449.662,984.96,72.668,279.459,529.578,45.518,134.51,576.253
20,30.27,30.26,30.25,30.24,30.23,30.22,30.21,30.2,30.19,30.18,30.28,30.29,30.3,30.31,30.32,30.33,30.34,30.35,30.36,30.37,3.375,12.884,38.924,228.848,296.284,126.2,491.255,383.356,26.181,86.184,4.623,254.572,889.348,72.668,71.105,624.283,63.098,270.788,576.253,299.298
21,30.29,30.28,30.27,30.26,30.25,30.24,30.23,30.22,30.21,30.2,30.3,30.31,30.32,30.33,30.34,30.35,30.36,30.37,30.38,30.39,47.552,59.567,231.381,411.539,484.82,285.613,412.975,190.827,345.654,277.384,296.137,44.191,99.086,340.866,153.022,257.214,294.99,299.298,584.994,314.034
22,30.32,30.31,30.3,30.29,30.28,30.27,30.26,30.25,30.24,30.23,30.33,30.34,30.35,30.36,30.37,30.38,30.39,30.4,30.41,30.42,304.01,31.548,185.338,277.564,40.035,198.141,433.094,517.119,125.022,376.613,3.375,12.944,96.258,203.647,648.98,183.363,63.58,851.147,254.412,3.87
23,30.35,30.34,30.33,30.32,30.31,30.3,30.29,30.28,30.27,30.26,30.36,30.37,30.38,30.39,30.4,30.41,30.42,30.43,30.44,30.45,16.469,19.319,135.819,289.236,113.613,472.137,322.135,56.328,226.545,277.382,11.635,24.613,67.518,170.174,537.225,350.206,92.53,320.812,305.649,252.2
24,30.4,30.39,30.38,30.37,30.36,30.35,30.34,30.33,30.32,30.31,30.42,30.43,30.44,30.45,30.46,30.47,30.48,30.49,30.5,30.51,22.962,138.59,277.38,43.339,182.719,369.39,279.369,209.135,325.044,29.036,12.765,12.838,105.945,328.043,70.791,173.053,533.355,419.52,523.081,3.87
25,30.38,30.37,30.36,30.35,30.34,30.33,30.32,30.31,30.3,30.29,30.39,30.4,30.41,30.42,30.43,30.44,30.45,30.46,30.47,30.48,38.861,20.224,143.936,349.93,289.2,208.325,326.442,440.397,691.036,278.191,14,12.742,111.272,294.951,20.996,181.594,822.81,57.568,53.107,386.379
26,30.41,30.4,30.39,30.38,30.37,30.36,30.35,30.34,30.33,30.32,30.43,30.44,30.45,30.46,30.47,30.48,30.49,30.5,30.51,30.52,36.642,125.567,365.182,280.985,167.794,319.598,293.999,500.339,775.272,277.612,7.914,12.046,47.292,110.248,150.73,559.769,656.538,823.035,3.87,318.469
27,30.39,30.38,30.37,30.36,30.35,30.34,30.33,30.32,30.31,30.3,30.4,30.41,30.42,30.43,30.44,30.45,30.46,30.47,30.48,30.49,45.382,13.487,89.131,324.765,93.84,283.925,199.047,303.702,3.871,335.053,3.375,52.092,11.746,11.096,188.62,546.974,64.478,124.389,425.86,390.562
