timestamp,bid_price_0,bid_price_1,bid_price_2,bid_price_3,bid_price_4,bid_price_5,bid_price_6,bid_price_7,bid_price_8,bid_price_9,ask_price_0,ask_price_1,ask_price_2,ask_price_3,ask_price_4,ask_price_5,ask_price_6,ask_price_7,ask_price_8,ask_price_9,bid_size_0,bid_size_1,bid_size_2,bid_size_3,bid_size_4,bid_size_5,bid_size_6,bid_size_7,bid_size_8,bid_size_9,ask_size_0,ask_size_1,ask_size_2,ask_size_3,ask_size_4,ask_size_5,ask_size_6,ask_size_7,ask_size_8,ask_size_9
0,30.28,30.27,30.26,30.25,30.24,30.23,30.22,30.21,30.2,30.19,30.29,30.3,30.31,30.32,30.33,30.34,30.35,30.36,30.37,30.38,50.061,18.298,129.804,285.143,124.765,413.763,614.945,372.512,104.41,476.313,9.381,25.149,89.259,393.573,503.172,127.287,102.904,277.382,295.393,39.641
1,30.27,30.26,30.25,30.24,30.23,30.22,30.21,30.2,30.19,30.18,30.28,30.29,30.3,30.31,30.32,30.33,30.34,30.35,30.36,30.37,3.375,45.651,28.93,99.398,304.377,586.172,521.087,213.856,476.313,37.177,3.375,100.605,284.877,55.157,349.206,573.247,63.016,102.904,576.253,295.393
2,30.25,30.24,30.23,30.22,30.21,30.2,30.19,30.18,30.17,30.16,30.26,30.27,30.28,30.29,30.3,30.31,30.32,30.33,30.34,30.35,20.05,18.371,180.247,502.871,335.289,370.632,470.572,242.799,503.707,335.305,0.496,49.166,42.933,184.236,360.095,289.066,262.307,277.382,45.517,493.16
3,30.26,30.25,30.24,30.23,30.22,30.21,30.2,30.19,30.18,30.17,30.27,30.28,30.29,30.3,30.31,30.32,30.33,30.34,30.35,30.36,3.375,22.52,60.017,180.247,455.209,400.869,391.868,432.733,80.809,494.324,21.99,23.188,129.904,346.77,179.974,309.152,277.382,236.205,102.904,614.661
4,30.23,30.22,30.21,30.2,30.19,30.18,30.17,30.16,30.15,30.14,30.25,30.26,30.27,30.28,30.29,30.3,30.31,30.32,30.33,30.34,40.06,88.804,44.513,211.144,537.644,276.231,457.526,432.38,232.526,358.976,16.99,98.448,282.919,18.341,129.722,358.978,184.789,254.924,277.382,236.205
5,30.27,30.26,30.25,30.24,30.23,30.22,30.21,30.2,30.19,30.18,30.28,30.29,30.3,30.31,30.32,30.33,30.34,30.35,30.36,30.37,17.723,49.461,7.522,41.483,212.162,371.721,317.676,163.708,331.006,300.985,3.871,138.597,408.748,64.709,351.143,477.453,45.517,104.582,670.455,595.352
6,30.26,30.25,30.24,30.23,30.22,30.21,30.2,30.19,30.18,30.17,30.27,30.28,30.29,30.3,30.31,30.32,30.33,30.34,30.35,30.36,1.548,7.522,55.526,217.734,414.487,383.474,284.312,339.031,206.525,363.939,3.375,43.682,97.538,402.31,115.741,325.341,626.312,3.871,5.549,277.382
7,30.25,30.24,30.23,30.22,30.21,30.2,30.19,30.18,30.17,30.16,30.26,30.27,30.28,30.29,30.3,30.31,30.32,30.33,30.34,30.35,3.375,31.325,168.137,384.612,326.463,164.908,393.537,431.259,490.434,534.235,24.438,315.311,177.977,377.824,494.737,43.767,380.996,626.312,3.871,5.549
8,30.23,30.22,30.21,30.2,30.19,30.18,30.17,30.16,30.15,30.14,30.24,30.25,30.26,30.27,30.28,30.29,30.3,30.31,30.32,30.33,4.641,20.562,49.166,172.424,414.278,370.06,609.774,394.939,199.78,47.131,14,18.484,92.52,314.376,183.737,285.054,304.346,352.021,272.813,626.312
9,30.23,30.22,30.21,30.2,30.19,30.18,30.17,30.16,30.15,30.14,30.24,30.25,30.26,30.27,30.28,30.29,30.3,30.31,30.32,30.33,3.375,24.103,23.015,130.778,357.88,208.746,541.068,515.384,199.78,45.518,24.662,12.587,92.52,370.469,385.466,295.393,277.561,343.727,82.125,626.312
10,30.2,30.19,30.18,30.17,30.16,30.15,30.14,30.13,30.12,30.11,30.22,30.23,30.24,30.25,30.26,30.27,30.28,30.29,30.3,30.31,104.714,318.271,133.138,541.164,448.441,96.279,246.645,728.655,286.223,348.753,13.783,98.069,313.279,106.759,110.53,299.893,203.942,295.393,278.65,342.638
11,30.24,30.23,30.22,30.21,30.2,30.19,30.18,30.17,30.16,30.15,30.25,30.26,30.27,30.28,30.29,30.3,30.31,30.32,30.33,30.34,8.685,119.676,394.966,263.443,140.917,373.514,227.926,616.497,368.414,80.966,6.235,12.07,12.749,90.925,344.986,304.597,45.517,99.033,671.125,147.034
12,30.25,30.24,30.23,30.22,30.21,30.2,30.19,30.18,30.17,30.16,30.26,30.27,30.28,30.29,30.3,30.31,30.32,30.33,30.34,30.35,11.375,11.272,136.197,420.66,330.273,140.848,444.524,130.214,316.608,517.123,14.425,18.473,119.782,509.095,1126.57,45.517,5.048,756.325,445.905,503.356
13,30.26,30.25,30.24,30.23,30.22,30.21,30.2,30.19,30.18,30.17,30.27,30.28,30.29,30.3,30.31,30.32,30.33,30.34,30.35,30.36,19.394,55.472,39.565,226.117,413.732,398.083,141.937,318.271,37.177,295.394,3.375,12.684,253.593,1118.737,99.665,14.742,756.325,98.747,113.1,579.07
14,30.2,30.19,30.18,30.17,30.16,30.15,30.14,30.13,30.12,30.11,30.22,30.23,30.24,30.25,30.26,30.27,30.28,30.29,30.3,30.31,23.926,61.054,112.446,415.676,416.955,140.523,241.273,478.331,286.223,260.855,20.834,97.931,361.783,279.636,105.687,373.176,194.559,295.393,1109.043,302.742
15,30.17,30.16,30.15,30.14,30.13,30.12,30.11,30.1,30.09,30.08,30.18,30.19,30.2,30.21,30.22,30.23,30.24,30.25,30.26,30.27,13.375,13.345,10.322,120.719,497.122,455.507,271.447,469.763,123.351,383.158,21.226,28.334,175.249,637.412,200.56,88.31,287.078,252.221,78.6,468.07
16,30.13,30.12,30.11,30.1,30.09,30.08,30.07,30.06,30.05,30.04,30.14,30.15,30.16,30.17,30.18,30.19,30.2,30.21,30.22,30.23,32.655,12.651,114.825,401.682,316.212,550.272,448.073,196.874,49.799,540.845,21.223,27.276,91.679,344.535,306.568,118.509,89.416,580.649,64.912,78.795
17,30.13,30.12,30.11,30.1,30.09,30.08,30.07,30.06,30.05,30.04,30.14,30.15,30.16,30.17,30.18,30.19,30.2,30.21,30.22,30.23,13.031,19.399,24.276,60.259,272.128,903.185,237.073,170.881,466.695,827.965,9.96,16.498,88.071,433.149,291.563,20.762,107.439,761.643,64.912,78.795
18,30.16,30.15,30.14,30.13,30.12,30.11,30.1,30.09,30.08,30.07,30.17,30.18,30.19,30.2,30.21,30.22,30.23,30.24,30.25,30.26,10.557,139.674,283.852,93.125,449.169,395.325,208.947,215.223,747.158,268.147,3.375,12.638,15.484,170.845,691.404,106.116,113.241,277.384,515.867,377.471
19,30.15,30.14,30.13,30.12,30.11,30.1,30.09,30.08,30.07,30.06,30.17,30.18,30.19,30.2,30.21,30.22,30.23,30.24,30.25,30.26,95.675,300.539,92.987,395.981,442.652,212.676,360.486,714.019,170.222,331.984,82.96,12.947,115.903,477.415,343.238,92.601,78.795,277.384,442.909,377.471
20,30.21,30.2,30.19,30.18,30.17,30.16,30.15,30.14,30.13,30.12,30.22,30.23,30.24,30.25,30.26,30.27,30.28,30.29,30.3,30.31,42.844,11.882,42.258,215.546,402.614,303.547,273.198,326.858,115.34,297.444,61.039,52.171,287.323,92.825,228.998,277.382,25.246,295.393,1302.548,394.127
21,30.22,30.21,30.2,30.19,30.18,30.17,30.16,30.15,30.14,30.13,30.23,30.24,30.25,30.26,30.27,30.28,30.29,30.3,30.31,30.32,10,10.857,12.505,44.463,214.881,397.645,268.215,187.229,355.158,124.383,6.388,38.822,124.097,137.642,439.361,125.325,496.02,1111.86,394.127,12.931
22,30.21,30.2,30.19,30.18,30.17,30.16,30.15,30.14,30.13,30.12,30.23,30.24,30.25,30.26,30.27,30.28,30.29,30.3,30.31,30.32,51.177,286.016,30.082,205.887,415.211,374.819,215.547,319.03,3.873,297.675,12.237,37.35,100.95,170.781,439.361,125.325,486.081,1111.86,394.127,12.931
23,30.26,30.25,30.24,30.23,30.22,30.21,30.2,30.19,30.18,30.17,30.28,30.29,30.3,30.31,30.32,30.33,30.34,30.35,30.36,30.37,46.72,26.953,142.17,303.32,145.749,438.547,336.472,120.804,47.568,320.122,10.051,296.553,901.605,72.669,110.781,529.578,253.573,80.1,576.253,298.21
24,30.25,30.24,30.23,30.22,30.21,30.2,30.19,30.18,30.17,30.16,30.26,30.27,30.28,30.29,30.3,30.31,30.32,30.33,30.34,30.35,2.896,131.756,299.316,150.914,421.091,306.569,144.017,234.707,618.966,264.192,15.718,11.262,186.958,705.803,900.919,296.376,55.586,529.578,103.158,80.1
25,30.26,30.25,30.24,30.23,30.22,30.21,30.2,30.19,30.18,30.17,30.27,30.28,30.29,30.3,30.31,30.32,30.33,30.34,30.35,30.36,3.375,26.525,139.722,291.984,141.424,514.685,375.541,28.328,86.184,341.584,13.039,99.064,449.662,984.96,72.668,279.459,529.578,45.518,134.51,576.253
