timestamp,bid_price_0,bid_price_1,bid_price_2,bid_price_3,bid_price_4,bid_price_5,bid_price_6,bid_price_7,bid_price_8,bid_price_9,ask_price_0,ask_price_1,ask_price_2,ask_price_3,ask_price_4,ask_price_5,ask_price_6,ask_price_7,ask_price_8,ask_price_9,bid_size_0,bid_size_1,bid_size_2,bid_size_3,bid_size_4,bid_size_5,bid_size_6,bid_size_7,bid_size_8,bid_size_9,ask_size_0,ask_size_1,ask_size_2,ask_size_3,ask_size_4,ask_size_5,ask_size_6,ask_size_7,ask_size_8,ask_size_9
0,0.001365,0.001364,0.001362,0.001361,0.00136,0.001359,0.001358,0.001357,0.001356,0.001355,0.001368,0.001369,0.00137,0.001371,0.001373,0.001375,0.001376,0.001378,0.001379,0.00138,237700,607047,556710,805846,2062199,210227,3965928,204770,757513,204921,147825,548446,1152906,1353695,562844,209928,583354,203575,756284,1805755
1,0.001366,0.001365,0.001364,0.001363,0.001362,0.00136,0.001359,0.001358,0.001357,0.001356,0.001369,0.00137,0.001372,0.001373,0.001374,0.001375,0.001376,0.001378,0.001379,0.00138,548847,497514,2373345,1202140,1295519,2496528,759421,2080331,752015,204620,7097,595170,1861377,8521,2283649,5907,570288,203723,769127,1805755
2,0.001371,0.00137,0.001369,0.001368,0.001367,0.001366,0.001365,0.001364,0.001363,0.001362,0.001374,0.001375,0.001376,0.001377,0.001378,0.001379,0.00138,0.001381,0.001382,0.001383,117557,1243197,853308,1736529,667964,956297,203278,3529981,2737053,760582,4224,545652,1195263,1059877,644547,1736603,528018,785619,2251026,938281
3,0.001364,0.001363,0.001362,0.001361,0.00136,0.001359,0.001358,0.001357,0.001356,0.001355,0.001368,0.001369,0.00137,0.001371,0.001373,0.001374,0.001375,0.001376,0.001377,0.001378,587440,166178,730672,582788,1357321,573054,221201,2190332,750023,550816,1250791,1339281,1280149,1203437,546050,203947,539842,436960,1784903,203501
4,0.001356,0.001355,0.001354,0.001353,0.001352,0.001351,0.00135,0.001349,0.001348,0.001347,0.001359,0.00136,0.001361,0.001362,0.001364,0.001365,0.001366,0.001367,0.001368,0.001369,208929,1259677,1299207,1869475,21477,1106398,2243881,2219187,754270,2606565,552079,45549,211223,550863,1842221,752896,549048,228413,548245,204845
5,0.00136,0.001359,0.001358,0.001357,0.001356,0.001355,0.001354,0.001353,0.001352,0.001351,0.001362,0.001363,0.001364,0.001365,0.001366,0.001367,0.001368,0.001369,0.00137,0.001371,1261187,2045759,1224185,568329,924546,559749,8521,1489105,226738,2760572,537230,163325,550055,224318,549048,23417,1793982,204845,217836,718560
6,0.001362,0.001361,0.00136,0.001359,0.001358,0.001357,0.001356,0.001355,0.001354,0.001353,0.001364,0.001365,0.001366,0.001367,0.001368,0.001369,0.00137,0.001371,0.001372,0.001373,46617,1384386,1808141,1442169,908840,568125,939217,559952,213442,5103349,10996,62860,82904,575699,215243,1406835,204470,718560,204245,772332
7,0.001363,0.001362,0.001361,0.00136,0.001359,0.001357,0.001356,0.001355,0.001354,0.001353,0.001366,0.001367,0.001368,0.001369,0.00137,0.001371,0.001372,0.001373,0.001374,0.001375,49818,289935,745823,896409,1365123,808367,1774381,764722,2198562,752766,52587,575699,487741,1298354,1299544,515725,204245,226282,203947,760933
8,0.001363,0.001362,0.001361,0.00136,0.001359,0.001358,0.001357,0.001356,0.001355,0.001354,0.001366,0.001367,0.001368,0.001369,0.00137,0.001371,0.001372,0.001373,0.001374,0.001375,19949,289935,944376,1492941,1029693,21378,568125,939222,764722,2198562,182969,575699,1229071,1229071,487741,515725,204245,226282,203947,2963130
9,0.001363,0.001362,0.001361,0.00136,0.001359,0.001358,0.001357,0.001356,0.001355,0.001354,0.001365,0.001366,0.001367,0.001369,0.00137,0.001371,0.001372,0.001373,0.001374,0.001375,8471,58915,608789,554552,2020332,555449,589503,388813,1315764,2220109,164531,122927,1982245,1700182,204470,515725,204245,226282,203947,3495675
10,0.001361,0.00136,0.001359,0.001358,0.001357,0.001356,0.001355,0.001354,0.001353,0.001352,0.001364,0.001365,0.001366,0.001367,0.001368,0.001369,0.00137,0.001371,0.001372,0.001373,550660,560636,2258687,1254664,568125,21373,948887,764513,2716704,205071,10996,601039,581593,692384,1131043,213990,204845,720495,2532908,226432
11,0.001361,0.00136,0.001359,0.001358,0.001357,0.001355,0.001354,0.001353,0.001352,0.001351,0.001364,0.001365,0.001366,0.001367,0.001368,0.00137,0.001371,0.001373,0.001374,0.001375,551065,309312,863092,979592,791578,970259,764739,752766,2167849,758873,48974,601039,778424,1353001,1902451,204845,720495,226432,203947,210677
12,0.001363,0.001362,0.001361,0.00136,0.001359,0.001358,0.001357,0.001356,0.001355,0.001354,0.001365,0.001367,0.001368,0.001369,0.00137,0.001371,0.001373,0.001374,0.001375,0.001376,635051,2028108,2101918,4750,1913115,948890,772670,2188120,764647,213517,22672,101686,549450,610004,1363883,515725,226432,203947,761135,235412
13,0.001365,0.001364,0.001363,0.001362,0.001361,0.00136,0.001359,0.001358,0.001357,0.001356,0.001368,0.001369,0.00137,0.001371,0.001373,0.001375,0.001376,0.001377,0.001378,0.001379,527629,178828,1155923,2420619,2046712,776008,759707,2223046,772670,204695,48828,125639,59070,1814056,1323430,760536,2942486,1480422,203501,754323
14,0.001369,0.001368,0.001367,0.001366,0.001365,0.001364,0.001363,0.001362,0.001361,0.00136,0.001371,0.001372,0.001373,0.001374,0.001375,0.001376,0.001377,0.001378,0.001379,0.00138,547645,197083,732784,163951,990618,1581185,1516438,1650270,1347636,208921,10996,104435,1926609,772411,1999628,17395,3595569,203501,754323,520485
15,0.001373,0.001371,0.00137,0.001369,0.001368,0.001367,0.001366,0.001365,0.001364,0.001363,0.001374,0.001375,0.001376,0.001377,0.001378,0.001379,0.00138,0.001381,0.001382,0.001383,544860,500173,544812,2249459,21398,796274,203278,2742566,758980,753905,7097,52323,703494,695825,621885,2581203,316314,222663,2549389,787233
16,0.001373,0.001372,0.001371,0.00137,0.001369,0.001368,0.001367,0.001366,0.001365,0.001364,0.001375,0.001377,0.001378,0.001379,0.00138,0.001381,0.001382,0.001383,0.001384,0.001385,595393,179199,941447,1369220,1466238,723849,1817597,3079860,752675,211799,17249,1370122,662214,1249633,538531,19607,202687,3190954,215753,1536885
17,0.001378,0.001377,0.001376,0.001375,0.001374,0.001373,0.001372,0.001371,0.00137,0.001369,0.001381,0.001382,0.001383,0.001384,0.001385,0.001386,0.001387,0.001388,0.001389,0.00139,108779,604438,180542,980442,1580046,2541675,662839,1565254,747178,2734881,765751,792401,1263038,667422,57282,930943,237906,1157295,4043895,1649108
18,0.001376,0.001375,0.001374,0.001373,0.001372,0.001371,0.00137,0.001369,0.001368,0.001367,0.001379,0.00138,0.001381,0.001382,0.001383,0.001385,0.001386,0.001387,0.001388,0.001389,62023,544860,261531,880374,729210,1278056,21401,1155745,203056,1320498,599476,653445,2171274,1179254,756046,259969,546249,8301,201954,3840617
19,0.001374,0.001373,0.001372,0.001371,0.00137,0.001369,0.001368,0.001367,0.001366,0.001365,0.001377,0.001378,0.001379,0.00138,0.001381,0.001382,0.001383,0.001384,0.001385,0.001386,320901,892768,736051,1458526,1384172,932926,203056,2560778,749141,751863,54714,244027,606928,1334502,2029168,1216728,20928,672264,259602,546249
20,0.001379,0.001378,0.001377,0.001376,0.001375,0.001373,0.001372,0.001371,0.00137,0.001369,0.001381,0.001382,0.001383,0.001385,0.001386,0.001387,0.001389,0.00139,0.001391,0.001392,673594,549433,1917689,657541,1607828,875304,2826761,726107,202835,547645,64586,46687,627488,707808,1203790,1942569,2039140,1662174,208080,933355
21,0.001378,0.001377,0.001376,0.001375,0.001374,0.001373,0.001372,0.001371,0.00137,0.001369,0.001381,0.001383,0.001384,0.001385,0.001386,0.001387,0.001388,0.001389,0.00139,0.001391,498623,833164,894653,2556728,840442,2626483,683547,523714,202687,2533354,306636,564603,1481184,721640,13066,553557,216392,1495071,1649108,752940
22,0.001382,0.001381,0.00138,0.001379,0.001378,0.001377,0.001376,0.001375,0.001374,0.001373,0.001384,0.001385,0.001386,0.001387,0.001388,0.001389,0.00139,0.001391,0.001392,0.001393,66511,608345,201050,763051,959147,1280803,863080,946589,745299,2775985,42,549532,1983908,1208200,654156,1292015,1662174,752940,373880,2514121
23,0.001386,0.001385,0.001384,0.001383,0.001382,0.001381,0.00138,0.001379,0.001378,0.001377,0.00139,0.001391,0.001392,0.001393,0.001394,0.001396,0.001397,0.001398,0.001399,0.0014,52780,595866,161759,945752,1358558,1671344,902587,543281,2796574,745658,1590722,1899480,1518360,1928180,773629,902282,1966231,7202637,108457,343544
24,0.001387,0.001386,0.001385,0.001384,0.001383,0.001382,0.001381,0.00138,0.001379,0.001378,0.001391,0.001392,0.001393,0.001394,0.001396,0.001397,0.001398,0.001399,0.0014,0.001401,61782,235170,607047,163522,547814,947974,945203,201371,3055917,282979,967834,8521,1487804,26319,876066,1519503,3911594,309393,363151,5988460
25,0.001383,0.001382,0.001381,0.00138,0.001379,0.001378,0.001377,0.001376,0.001375,0.001374,0.001385,0.001386,0.001387,0.001388,0.001389,0.00139,0.001391,0.001392,0.001394,0.001395,69279,197018,542495,332972,1921758,1415760,565214,218984,3272179,202100,10996,633506,737418,1371313,737418,210516,530890,21587,40538,200936
26,0.001389,0.001388,0.001387,0.001386,0.001385,0.001384,0.001383,0.001382,0.001381,0.00138,0.001391,0.001392,0.001393,0.001394,0.001395,0.001396,0.001397,0.001398,0.001399,0.0014,65857,732200,161409,1490881,1109139,1284845,5907,933602,1464684,201153,19,8521,65857,758247,720680,1449931,3829862,36363,219909,363151
27,0.001392,0.001391,0.00139,0.001389,0.001388,0.001387,0.001386,0.001385,0.001384,0.001383,0.001395,0.001396,0.001397,0.001398,0.001399,0.0014,0.001401,0.001402,0.001403,0.001404,67118,38474,538986,297519,1503291,1416177,1305155,556167,1644606,214931,211022,164565,1520005,1472506,805000,342677,1683656,223676,380669,5958930
28,0.001392,0.001391,0.00139,0.001389,0.001388,0.001387,0.001386,0.001385,0.001384,0.001383,0.001395,0.001396,0.001397,0.001398,0.001399,0.0014,0.001401,0.001402,0.001403,0.001404,49500,79164,601132,370133,1308936,791830,540151,2540049,1123256,1735716,115297,93255,1423041,829014,5907,1327935,1476608,236742,380669,5958930
29,0.001393,0.001392,0.001391,0.00139,0.001388,0.001387,0.001386,0.001385,0.001384,0.001383,0.001396,0.001397,0.001398,0.001399,0.0014,0.001401,0.001402,0.001403,0.001405,0.001406,51967,49500,237226,750991,1308936,791830,540151,2540049,1123256,4243244,1653306,1418634,849829,681050,1037080,1276177,236742,380669,200431,220110
30,0.001394,0.001393,0.001392,0.001391,0.00139,0.001389,0.001388,0.001387,0.001386,0.001385,0.001397,0.001398,0.001399,0.0014,0.001401,0.001402,0.001403,0.001404,0.001405,0.001406,43295,98038,586941,231229,2004089,706180,1308936,1150527,740438,1771041,281619,86701,1229975,1623190,1276177,235806,179733,199928,2324360,251221
31,0.001376,0.001375,0.001374,0.001373,0.001372,0.001371,0.00137,0.001369,0.001368,0.001367,0.001379,0.00138,0.001381,0.001383,0.001384,0.001385,0.001386,0.001387,0.001389,0.00139,159392,1124131,2628179,1256638,566313,1278962,202540,547445,213462,2577601,10996,106540,609209,945289,722622,727870,2550309,217349,203130,217493
32,0.001374,0.001373,0.001372,0.001371,0.00137,0.001369,0.001368,0.001367,0.001366,0.001365,0.001376,0.001377,0.001378,0.001379,0.001381,0.001382,0.001383,0.001384,0.001385,0.001386,559950,741882,1431046,1222043,970272,1222839,10553,571462,2752890,772223,80637,17604,53521,41247,545256,597744,1274735,800708,958187,542409
33,0.001372,0.001371,0.001369,0.001368,0.001367,0.001366,0.001365,0.001364,0.001363,0.001362,0.001376,0.001377,0.001378,0.00138,0.001381,0.001383,0.001384,0.001385,0.001386,0.001387,388028,1240831,1241625,10553,571462,221120,772255,211430,4537670,541125,37894,107944,16750,433252,766365,1472427,930991,219749,744802,880479
34,0.001366,0.001365,0.001364,0.001363,0.001362,0.001361,0.00136,0.001359,0.001358,0.001357,0.001369,0.00137,0.001372,0.001373,0.001374,0.001375,0.001376,0.001377,0.001378,0.001379,650065,166255,1220137,1001503,1022617,220148,11110,547032,17626,203426,10996,401843,546846,1045013,381976,5907,705361,230934,547445,203426
35,0.001365,0.001364,0.001363,0.001362,0.001361,0.00136,0.001359,0.001358,0.001357,0.001356,0.001369,0.00137,0.001371,0.001372,0.001373,0.001374,0.001375,0.001376,0.001377,0.001378,167246,1059791,734968,1240237,741114,1193120,547032,17626,203426,744551,32342,401843,163234,1756998,726530,381976,210003,17395,230934,547445
36,0.001368,0.001367,0.001366,0.001365,0.001364,0.001363,0.001362,0.001361,0.00136,0.001359,0.001371,0.001372,0.001373,0.001375,0.001376,0.001377,0.001378,0.001379,0.00138,0.001381,12426,1303304,1006971,1330024,873637,549853,840548,1061914,215206,751577,209147,154619,105244,555558,1925604,760957,204545,1056024,365950,1276177
37,0.001364,0.001363,0.001362,0.001361,0.00136,0.001359,0.001358,0.001357,0.001356,0.001355,0.001368,0.001369,0.00137,0.001371,0.001372,0.001373,0.001374,0.001375,0.001376,0.001377,312223,549853,302761,1763427,1254157,1228869,221946,495607,744551,203426,39213,24852,663108,1250250,456714,1317990,217237,1334743,17395,217868
38,0.001363,0.001362,0.001361,0.00136,0.001359,0.001358,0.001357,0.001356,0.001355,0.001354,0.001367,0.001368,0.001369,0.00137,0.001372,0.001373,0.001374,0.001375,0.001376,0.001377,547645,163771,548646,1055189,1054923,38655,204470,744551,203426,5179915,870421,315381,2437154,2392890,799042,237922,203723,555558,17395,14219
39,0.00136,0.001359,0.001358,0.001357,0.001356,0.001354,0.001353,0.001352,0.001351,0.00135,0.001363,0.001364,0.001365,0.001366,0.001367,0.001368,0.001369,0.00137,0.001371,0.001372,11110,547032,475659,911767,1387450,213141,744848,2874467,2230217,781334,7287,235745,162812,2322644,1473277,224560,547645,13066,204620,2931776
40,0.001366,0.001365,0.001364,0.001363,0.001362,0.001361,0.00136,0.001359,0.001358,0.001357,0.00137,0.001372,0.001373,0.001374,0.001375,0.001376,0.001377,0.001378,0.001379,0.00138,1380616,1792800,407484,1388148,870686,550863,215131,751877,222471,2206526,613795,484980,1140430,230750,1099179,236535,203947,2283556,203426,365950
41,0.001364,0.001363,0.001362,0.001361,0.00136,0.001359,0.001358,0.001357,0.001356,0.001355,0.001367,0.001368,0.001369,0.00137,0.001371,0.001372,0.001373,0.001374,0.001375,0.001376,12463,521293,164433,1022881,1302289,1763001,17626,204845,745970,2207826,29252,144612,697026,1819926,542409,807406,8521,217162,556770,236535
42,0.001358,0.001357,0.001356,0.001354,0.001353,0.001351,0.00135,0.001349,0.001348,0.001347,0.001361,0.001362,0.001363,0.001364,0.001365,0.001367,0.001368,0.001369,0.00137,0.001372,17626,223224,541125,559535,4292863,220377,781635,204620,2218381,746046,28549,1101877,1295798,1254299,1793022,220321,13066,224343,542063,204470
43,0.00136,0.001359,0.001358,0.001357,0.001356,0.001355,0.001354,0.001353,0.001352,0.001351,0.001364,0.001367,0.001368,0.001369,0.00137,0.001372,0.001373,0.001374,0.001375,0.001376,652352,671726,2079818,1297313,562144,929106,859234,1135332,2009765,220377,666301,1263148,1889796,704869,540910,204770,213442,204096,224596,222316
44,0.001353,0.001352,0.001351,0.00135,0.001349,0.001348,0.001347,0.001346,0.001345,0.001344,0.001356,0.001357,0.001359,0.00136,0.001361,0.001362,0.001363,0.001364,0.001365,0.001366,156641,1253322,1443126,2004092,1062008,454687,952333,205980,2512927,759299,62189,561916,194447,1434251,552079,219632,761303,559181,205524,205147
45,0.001349,0.001348,0.001347,0.001346,0.001345,0.001344,0.001343,0.001342,0.001341,0.00134,0.001352,0.001353,0.001355,0.001356,0.001357,0.001358,0.001359,0.00136,0.001361,0.001362,650457,313945,1817055,1322796,681866,1329795,626675,658102,327397,1098955,32383,616911,194447,1238386,780388,38753,212039,206513,555144,206132
46,0.00136,0.001358,0.001357,0.001356,0.001355,0.001354,0.001353,0.001352,0.001351,0.00135,0.001363,0.001364,0.001365,0.001366,0.001367,0.001368,0.001369,0.00137,0.001372,0.001373,552282,958691,1994167,1291418,772789,1219713,1091993,205449,2776470,231195,186182,146187,60741,514194,1817925,1515622,238747,218213,204770,213970
47,0.001355,0.001354,0.001353,0.001352,0.001351,0.00135,0.001349,0.001348,0.001347,0.001346,0.001359,0.00136,0.001361,0.001362,0.001364,0.001365,0.001366,0.001367,0.001369,0.00137,551673,173195,551673,664929,1382238,248154,1939722,1547181,2603954,2777385,374396,533285,1838255,1280031,229788,205071,205071,575699,238747,205147
48,0.001354,0.001353,0.001352,0.001351,0.00135,0.001349,0.001348,0.001347,0.001346,0.001345,0.001357,0.001358,0.001359,0.00136,0.001361,0.001363,0.001364,0.001366,0.001367,0.001368,280696,702127,186309,1202192,1077801,786062,206360,1232590,760215,2235258,56829,1074861,1225492,577636,1515405,13066,2602023,205071,575699,206360
49,0.001357,0.001356,0.001355,0.001354,0.001353,0.001352,0.001351,0.00135,0.001349,0.001348,0.001361,0.001363,0.001364,0.001365,0.001366,0.001367,0.001368,0.001369,0.00137,0.001371,649896,442985,2070388,1531395,1050013,744025,765982,538368,2555600,206360,570822,306424,1315478,8872,13066,575699,220579,2695401,205147,758018
50,0.001359,0.001358,0.001357,0.001356,0.001355,0.001354,0.001353,0.001352,0.001351,0.00135,0.001363,0.001364,0.001366,0.001367,0.001368,0.001369,0.00137,0.001371,0.001372,0.001373,564385,825042,1323960,609566,1364463,760726,1305504,205373,765982,230815,42461,645353,547223,1806865,8872,204921,218213,771016,204770,213970
51,0.001359,0.001358,0.001357,0.001356,0.001355,0.001354,0.001353,0.001352,0.001351,0.00135,0.001363,0.001364,0.001366,0.001367,0.001369,0.00137,0.001371,0.001372,0.001373,0.001374,12509,220679,543908,222477,1395618,693135,1305504,743646,765982,2242056,189965,2146522,1262440,575699,204921,218213,771016,2492588,213970,205449
52,0.001353,0.001352,0.001351,0.00135,0.001349,0.001348,0.001347,0.001346,0.001345,0.001344,0.001355,0.001357,0.001358,0.001359,0.00136,0.001361,0.001362,0.001363,0.001364,0.001365,554118,112981,560230,193318,1312724,1243502,1853827,760215,213517,766727,12564,473481,1320232,674973,81909,551065,8872,218742,560397,14219
53,0.001353,0.001352,0.001351,0.00135,0.001349,0.001348,0.001347,0.001346,0.001345,0.001344,0.001356,0.001357,0.001358,0.001359,0.00136,0.001361,0.001362,0.001363,0.001364,0.001365,554118,175435,1013978,1168159,784376,450779,1074781,760215,754591,766727,10996,12564,550495,683845,1394265,551065,844265,218742,766453,14219
54,0.001359,0.001358,0.001357,0.001355,0.001353,0.001352,0.001351,0.00135,0.001349,0.001348,0.001362,0.001364,0.001366,0.001367,0.001369,0.00137,0.001371,0.001372,0.001373,0.001374,551470,396943,1326392,1881518,1603864,205980,1805944,231043,2761580,205980,10996,560397,463095,1616801,219140,218213,757203,1480947,213970,205449
55,0.001358,0.001357,0.001356,0.001355,0.001354,0.001353,0.001352,0.001351,0.00135,0.001349,0.001361,0.001362,0.001363,0.001364,0.001365,0.001366,0.001367,0.001368,0.001369,0.00137,12518,552282,2949852,1164967,1052310,882380,538273,1805944,231043,2761580,45862,10198,403427,1651059,1052517,90781,577535,205147,219140,2135515
56,0.001363,0.001362,0.001361,0.001359,0.001358,0.001357,0.001356,0.001355,0.001354,0.001353,0.001366,0.001367,0.001368,0.001369,0.00137,0.001371,0.001372,0.001373,0.001374,0.001375,550256,4197,551673,551673,641031,1355290,510606,1296012,2219825,759340,65811,1740917,1385602,802288,8872,552282,204770,2911422,205449,793386
57,0.001364,0.001363,0.001362,0.001361,0.00136,0.001359,0.001358,0.001357,0.001356,0.001355,0.001367,0.001368,0.001369,0.00137,0.001371,0.001373,0.001374,0.001375,0.001376,0.001377,12463,549853,7897,856115,482429,1361403,221871,756527,741455,2763544,619145,1042158,1344955,8872,1416462,8521,204096,3012042,1498794,195345
58,0.001362,0.001361,0.001359,0.001358,0.001357,0.001356,0.001355,0.001354,0.001353,0.001352,0.001365,0.001366,0.001367,0.001368,0.00137,0.001371,0.001373,0.001374,0.001375,0.001376,20369,551673,773208,322701,1424239,204770,758931,751221,2764296,204245,101143,1380013,845871,1394919,8872,634191,8521,204096,3012042,1498794
59,0.00136,0.001359,0.001358,0.001357,0.001356,0.001355,0.001354,0.001353,0.001352,0.001351,0.001363,0.001364,0.001365,0.001366,0.001367,0.001368,0.00137,0.001371,0.001373,0.001374,66910,522382,2963134,1993538,450885,881108,213743,1296089,204245,4021067,71443,451449,1819538,1424679,8872,1432721,204545,552282,213066,767015
60,0.001366,0.001365,0.001364,0.001363,0.001361,0.001359,0.001358,0.001357,0.001356,0.001355,0.001368,0.001369,0.00137,0.001371,0.001372,0.001373,0.001374,0.001375,0.001376,0.001377,58174,610216,12463,1291470,1598338,1265980,222547,974961,2560641,553709,10996,62484,8872,634191,447532,1201495,1308361,2813282,1498794,387200
61,0.001365,0.001364,0.001363,0.001362,0.001361,0.001359,0.001358,0.001357,0.001356,0.001355,0.001368,0.00137,0.001371,0.001372,0.001373,0.001374,0.001375,0.001376,0.001377,0.001378,610216,12463,955056,1248876,1519431,726478,758442,757203,2002414,553709,187398,30826,936047,1034106,1086169,835709,706635,222617,387200,768624
62,0.001363,0.001361,0.00136,0.001359,0.001358,0.001357,0.001356,0.001355,0.001354,0.001353,0.001366,0.001367,0.001368,0.001369,0.00137,0.001371,0.001372,0.001373,0.001374,0.001375,413547,550863,652275,1211568,755086,756752,740856,553709,213743,5220040,68540,174789,978605,1114124,1303995,634191,643136,212692,753800,1486554
63,0.001365,0.001364,0.001363,0.001362,0.001361,0.00136,0.001359,0.001358,0.001357,0.001356,0.001368,0.001369,0.00137,0.001371,0.001373,0.001374,0.001375,0.001376,0.001377,0.001378,549450,18779,413547,657176,1569966,21554,522382,222021,756752,2744735,694433,434622,1378129,1784208,8521,753800,1486554,772268,387200,3257297
64,0.001366,0.001364,0.001363,0.001362,0.001361,0.00136,0.001359,0.001358,0.001357,0.001356,0.001369,0.00137,0.001371,0.001372,0.001373,0.001374,0.001375,0.001376,0.001377,0.001378,951074,1768878,761864,21560,1289523,204245,726105,2222016,756752,204171,10996,547645,11700,588280,8521,1816360,1322005,99304,934701,2705462
65,0.001368,0.001367,0.001366,0.001365,0.001364,0.001363,0.001362,0.001361,0.00136,0.001359,0.001372,0.001373,0.001374,0.001375,0.001376,0.001377,0.001378,0.001379,0.00138,0.001381,679327,61516,1187740,658852,959509,528377,738193,2752839,204245,726105,684450,8521,960151,1131980,1213898,568454,13066,2044517,203947,2510841
66,0.001373,0.001371,0.001369,0.001368,0.001367,0.001366,0.001365,0.001364,0.001363,0.001362,0.001376,0.001377,0.001378,0.001379,0.00138,0.001382,0.001383,0.001384,0.001385,0.001386,547445,547445,1731837,1707296,226252,970008,745732,2551109,203798,203872,10996,218506,1763114,1735450,1213466,1769484,218077,2604808,17282,216715
67,0.001378,0.001377,0.001375,0.001373,0.001372,0.001371,0.00137,0.001369,0.001368,0.001367,0.001381,0.001382,0.001383,0.001384,0.001385,0.001386,0.001387,0.001388,0.001389,0.00139,57873,544069,545058,776218,495311,1758220,202247,743040,751027,2213402,1219785,1014956,14428,1613222,17282,1289243,3482020,686117,2536840,4216540
68,0.001374,0.001373,0.001372,0.00137,0.001368,0.001367,0.001366,0.001365,0.001364,0.001363,0.001377,0.001378,0.001379,0.00138,0.001381,0.001383,0.001384,0.001385,0.001386,0.001387,58421,58970,605418,546448,1875376,610425,1294013,896898,2972814,202540,459727,714137,544464,697206,543675,714564,556741,439344,1276177,202614
69,0.001372,0.00137,0.001369,0.001368,0.001367,0.001366,0.001365,0.001364,0.001363,0.001362,0.001376,0.001377,0.001378,0.001379,0.00138,0.001381,0.001383,0.001384,0.001385,0.001386,730595,929344,216547,1240953,226695,752326,744623,2752851,202540,202761,701620,71064,715772,1220242,724370,758279,221386,543675,219822,1276177
70,0.001377,0.001376,0.001375,0.001374,0.001373,0.001372,0.001371,0.00137,0.001369,0.001368,0.00138,0.001381,0.001383,0.001384,0.001385,0.001386,0.001387,0.001388,0.001389,0.00139,355114,545851,1161758,1829936,1052875,567888,742104,1422967,203056,2529453,127154,543675,14428,213990,1859606,1902391,215680,490639,749500,3671878
71,0.001387,0.001386,0.001385,0.001384,0.001383,0.001382,0.001381,0.00138,0.001379,0.001378,0.001391,0.001392,0.001393,0.001394,0.001395,0.001396,0.001397,0.001398,0.001399,0.0014,56519,541125,191258,1381098,846895,1498663,645325,201298,962998,2709747,577310,553381,4551111,161384,1424525,639316,4642558,2301608,208080,1135767
72,0.001376,0.001375,0.001374,0.001373,0.001372,0.001371,0.00137,0.001369,0.001368,0.001367,0.001379,0.00138,0.001381,0.001382,0.001383,0.001384,0.001385,0.001386,0.001387,0.001388,558715,191351,796535,1009326,567890,777811,964103,741653,2529453,224788,10996,71808,1048688,449186,786269,1283999,541320,211517,202100,540735
73,0.001373,0.001372,0.001371,0.00137,0.001369,0.001368,0.001367,0.001366,0.001365,0.001364,0.001375,0.001376,0.001377,0.001378,0.001379,0.001381,0.001382,0.001383,0.001384,0.001385,6362,543478,163115,790719,843683,1526465,44847,1292835,2228555,761228,48689,545058,166620,487578,1692170,214630,624703,208668,202173,571668
74,0.001382,0.001381,0.00138,0.001379,0.001378,0.001377,0.001376,0.001375,0.001374,0.001373,0.001384,0.001387,0.001388,0.001389,0.00139,0.001391,0.001392,0.001393,0.001394,0.001395,542103,628661,1233287,1092210,1727530,402129,562255,966931,545851,208682,10996,103925,96553,1231026,703979,1153580,2789462,202247,362392,2697167
75,0.001384,0.001383,0.001382,0.001381,0.00138,0.001379,0.001378,0.001377,0.001376,0.001375,0.001387,0.001388,0.001389,0.00139,0.001391,0.001392,0.001393,0.001394,0.001395,0.001396,541516,165909,555809,408751,1919474,21454,1528948,582339,763771,2183318,156346,16560,158973,1002469,1190190,552196,202247,218179,233933,311151
76,0.001384,0.001383,0.001382,0.001381,0.00138,0.001379,0.001378,0.001377,0.001376,0.001375,0.001387,0.001388,0.001389,0.00139,0.001391,0.001392,0.001393,0.001394,0.001395,0.001396,541516,252242,803851,402413,1135832,699273,543872,201662,1301521,207642,193574,16560,777819,891125,472714,552196,202247,218179,233933,311151
77,0.001384,0.001383,0.001382,0.001381,0.00138,0.001379,0.001378,0.001377,0.001376,0.001375,0.001388,0.001389,0.00139,0.001391,0.001392,0.001394,0.001395,0.001396,0.001397,0.001398,541907,161935,760482,877679,2290918,1182500,1188127,201808,2537218,207642,165310,132466,317586,939585,1156883,218179,2144804,233358,212288,578270
78,0.001386,0.001385,0.001384,0.001383,0.001382,0.00138,0.001379,0.001378,0.001377,0.001376,0.00139,0.001391,0.001392,0.001393,0.001394,0.001395,0.001396,0.001397,0.001398,0.001399,541125,416242,1719675,1603142,2374136,757658,2727083,745461,201808,763118,363571,1031581,552196,690433,17171,45991,31111,212288,779133,208154
79,0.00139,0.001389,0.001388,0.001387,0.001386,0.001385,0.001384,0.001383,0.001382,0.001381,0.001394,0.001395,0.001396,0.001397,0.001398,0.001399,0.0014,0.001401,0.001402,0.001403,538599,343150,540345,592951,562597,551538,541907,2179770,742854,201008,105708,598416,691729,10553,1493958,5907,1135767,162672,209819,4119090
80,0.001385,0.001384,0.001383,0.001382,0.001381,0.00138,0.001379,0.001378,0.001377,0.001376,0.001389,0.00139,0.001391,0.001392,0.001393,0.001395,0.001396,0.001397,0.001398,0.001399,278718,183771,657442,160657,1030178,792410,1705919,1885262,200215,2736010,624018,622670,1180206,21475,1270254,554196,305081,309673,578270,219188
81,0.001387,0.001386,0.001385,0.001384,0.001383,0.001382,0.001381,0.00138,0.001379,0.001378,0.00139,0.001392,0.001393,0.001394,0.001395,0.001396,0.001397,0.001398,0.001399,0.0014,540540,204384,706745,930312,1460769,503510,739294,213766,753172,2716360,539956,834547,628261,828297,554196,1150048,211416,778989,219188,1336920
82,0.001392,0.001391,0.00139,0.001389,0.001388,0.001387,0.001386,0.001385,0.001384,0.001383,0.001395,0.001397,0.001398,0.001399,0.0014,0.001401,0.001402,0.001403,0.001404,0.001406,41072,720219,985640,1332631,318538,1068879,802445,1292437,200647,2516975,521313,228460,578270,798390,1157173,703212,595407,2056579,755378,200359
83,0.001393,0.001392,0.001391,0.00139,0.001389,0.001388,0.001387,0.001386,0.001385,0.001384,0.001397,0.001398,0.001399,0.0014,0.001401,0.001402,0.001403,0.001404,0.001405,0.001406,299737,160772,538599,409765,1096345,861403,1186648,733655,758181,2162869,474378,219460,1189264,1991401,540540,1027167,216846,554370,13066,200359
84,0.001389,0.001388,0.001387,0.001386,0.001385,0.001384,0.001383,0.001382,0.001381,0.00138,0.001392,0.001393,0.001395,0.001396,0.001397,0.001398,0.001399,0.0014,0.001401,0.001402,342364,170851,537827,550430,2009750,638957,1087669,199785,738284,200071,1297,606446,537827,21306,360798,273970,743227,1135767,740611,107073
85,0.001388,0.001387,0.001386,0.001385,0.001383,0.001382,0.001381,0.00138,0.001379,0.001378,0.001392,0.001393,0.001395,0.001396,0.001397,0.001398,0.001399,0.0014,0.001401,0.001402,285935,914275,1816680,1453331,1288316,199785,2707564,2796651,219579,543872,90850,715121,537827,825580,382088,273970,743731,1135767,740611,307576
86,0.001393,0.001392,0.001391,0.00139,0.001389,0.001388,0.001387,0.001386,0.001385,0.001384,0.001397,0.001398,0.001399,0.0014,0.001401,0.001402,0.001403,0.001404,0.001405,0.001406,861794,1083643,1457026,812525,1857925,333722,1071312,200287,758325,220487,353348,54929,543156,1135767,1554884,128529,230127,752693,200647,3218743
87,0.001396,0.001395,0.001394,0.001393,0.001392,0.001391,0.00139,0.001389,0.001388,0.001387,0.001399,0.0014,0.001401,0.001402,0.001403,0.001404,0.001405,0.001406,0.001407,0.001408,63447,87624,218739,708002,568806,1301909,212545,1846903,743339,737755,431870,1135767,1183704,673205,1068900,552046,298989,3218743,384646,199785
88,0.001399,0.001398,0.001397,0.001396,0.001394,0.001393,0.001392,0.001391,0.00139,0.001389,0.001401,0.001402,0.001403,0.001404,0.001405,0.001406,0.001407,0.001409,0.00141,0.001411,9090,536672,160254,536864,632970,1360396,1308181,743183,2156253,739210,10996,1310690,139100,775550,899473,539374,399677,1032381,907811,322263
89,0.001392,0.001391,0.00139,0.001389,0.001388,0.001387,0.001385,0.001384,0.001383,0.001382,0.001395,0.001396,0.001397,0.001399,0.0014,0.001401,0.001402,0.001403,0.001404,0.001405,681141,539374,164467,550978,10310,537827,557822,199928,2682671,2163619,57598,537441,84583,137952,1325766,530806,584591,551439,200287,415780
90,0.001396,0.001395,0.001394,0.001393,0.001392,0.001391,0.00139,0.001389,0.001388,0.001387,0.001399,0.0014,0.001402,0.001403,0.001405,0.001406,0.001407,0.001408,0.001409,0.00141,10996,687739,210387,1044082,1517909,759179,807931,750978,842070,537827,64147,724265,8521,1332128,1123443,738659,384862,213713,200647,907811
91,0.001397,0.001396,0.001395,0.001394,0.001393,0.001392,0.001391,0.00139,0.001389,0.001388,0.0014,0.001401,0.001402,0.001403,0.001405,0.001406,0.001407,0.001408,0.001409,0.00141,12168,241240,537634,991824,1794672,1381898,545281,199499,750978,210310,553647,11702,29862,1331645,1206644,738802,384862,213713,300647,907811
92,0.001395,0.001394,0.001393,0.001392,0.001391,0.00139,0.001389,0.001388,0.001387,0.001386,0.001398,0.001399,0.0014,0.001401,0.001402,0.001403,0.001405,0.001406,0.001407,0.001408,690867,172736,709665,1520406,1642502,825462,550978,210095,537827,200071,2003,91380,516182,21279,68105,551439,1323156,199428,222190,834355
93,0.001399,0.001398,0.001397,0.001396,0.001395,0.001394,0.001393,0.001392,0.001391,0.00139,0.001402,0.001403,0.001404,0.001405,0.001406,0.001407,0.001408,0.001409,0.00141,0.001411,775430,160197,536672,804902,1653129,680477,1580529,207806,744923,199642,28381,92438,83201,141002,668688,21543,1081313,675784,907811,484935
94,0.001399,0.001398,0.001397,0.001396,0.001395,0.001394,0.001393,0.001392,0.001391,0.00139,0.001403,0.001405,0.001406,0.001407,0.001408,0.001409,0.00141,0.001411,0.001412,0.001413,1240550,6066337,1830920,630432,1016623,199214,537827,445494,745209,1957311,65060,61839,661233,558984,96267,697266,802732,484935,224758,2630650
95,0.001404,0.001403,0.001402,0.001401,0.0014,0.001399,0.001397,0.001396,0.001395,0.001394,0.001407,0.001408,0.001409,0.00141,0.001411,0.001412,0.001414,0.001415,0.001416,0.001417,15759,13951,177327,547274,436979,1505149,537441,730903,537441,216243,272720,248895,633807,1786036,129662,401615,225931,901481,2342731,213291
96,0.001404,0.001403,0.001402,0.001401,0.001399,0.001397,0.001395,0.001394,0.001393,0.001392,0.001405,0.001406,0.001407,0.001408,0.001409,0.00141,0.001411,0.001412,0.001413,0.001414,12108,4692314,15666,534759,1518112,988704,557913,216101,748084,208449,11885,11887,379891,12116,117348,639115,108116,46690,56630,224729
97,0.001397,0.001396,0.001395,0.001394,0.001393,0.001392,0.001391,0.00139,0.001389,0.001388,0.0014,0.001401,0.001402,0.001403,0.001404,0.001405,0.001406,0.001407,0.001408,0.001409,13757,225283,1189847,2306032,1336777,542955,545281,200000,734378,416483,117973,568507,12160,805288,609987,376142,199428,414818,200000,537634
98,0.001401,0.0014,0.001399,0.001398,0.001397,0.001396,0.001395,0.001394,0.001393,0.001392,0.001404,0.001405,0.001407,0.001408,0.001409,0.001411,0.001412,0.001413,0.001414,0.001415,158793,1575276,1975096,695246,1245916,214039,537634,216101,736899,2160445,42520,12160,78913,86988,913776,108116,224972,200000,759869,2797647
99,0.001393,0.001392,0.001391,0.00139,0.001389,0.001388,0.001387,0.001386,0.001385,0.001384,0.001397,0.001398,0.001401,0.001402,0.001403,0.001404,0.001405,0.001406,0.001407,0.001408,799555,1186838,3422411,498823,1719327,200000,537827,416246,757250,199428,222426,612313,137559,62987,1127890,1368494,199428,533617,5907,199356
100,0.001395,0.001394,0.001393,0.001392,0.001391,0.00139,0.001389,0.001388,0.001387,0.001386,0.001397,0.001399,0.0014,0.001401,0.001402,0.001403,0.001404,0.001405,0.001406,0.001407,761818,163476,547657,934646,1929876,199713,1069967,200000,737827,2158414,12,383992,683109,12125,735484,764259,1154019,575641,533617,5907
101,0.001395,0.001394,0.001393,0.001392,0.001391,0.00139,0.001389,0.001388,0.001387,0.001386,0.001399,0.0014,0.001401,0.001402,0.001403,0.001404,0.001405,0.001406,0.001407,0.001408,13523,372929,1703482,235915,1906170,21190,1069967,200071,737827,199001,390555,537634,12125,240131,764259,1868329,575998,533617,205763,2463598
102,0.001395,0.001394,0.001393,0.001392,0.001391,0.00139,0.001389,0.001388,0.001387,0.001386,0.001398,0.001399,0.0014,0.001402,0.001403,0.001404,0.001405,0.001406,0.001407,0.001408,484832,878768,1279295,746483,1527670,449247,1819885,200215,737898,199001,5397,227024,537634,376142,764259,1154019,199856,533617,205763,199356
103,0.001395,0.001394,0.001393,0.001392,0.001391,0.00139,0.001389,0.001388,0.001387,0.001386,0.001399,0.0014,0.001402,0.001403,0.001404,0.001405,0.001406,0.001407,0.001408,0.001409,229590,537827,148393,618153,1187540,328682,1169432,757235,737755,199001,886278,534433,376142,1543741,1154019,199928,533617,205763,199356,212922
104,0.001393,0.001392,0.001391,0.00139,0.001389,0.001388,0.001387,0.001386,0.001385,0.001384,0.001396,0.001397,0.001399,0.0014,0.001401,0.001402,0.001403,0.001404,0.001405,0.001406,144558,297852,538599,794420,1273973,445031,1233262,221258,1744675,200791,9585619,537441,5907,534433,603707,208449,757140,1168238,199928,200791
105,0.0014,0.001399,0.001398,0.001397,0.001396,0.001395,0.001394,0.001393,0.001392,0.001391,0.001403,0.001404,0.001405,0.001406,0.001407,0.001408,0.001409,0.00141,0.001411,0.001412,71607,223790,536288,580830,1306834,470017,754497,575907,756890,2717410,534950,160082,684701,849579,1293154,1185727,536288,212138,736706,225473
106,0.001399,0.001398,0.001397,0.001396,0.001395,0.001394,0.001393,0.001392,0.001391,0.00139,0.001403,0.001404,0.001405,0.001406,0.001407,0.001409,0.00141,0.001411,0.001412,0.001413,557388,536288,187537,994078,792067,576196,575907,756890,762894,2153121,582494,828733,1316931,618342,1780279,536288,212138,736706,3482357,408002
107,0.001403,0.001402,0.001401,0.0014,0.001399,0.001398,0.001397,0.001396,0.001395,0.001394,0.001406,0.001407,0.001408,0.001409,0.001411,0.001412,0.001413,0.001414,0.001415,0.001416,300760,596527,46787,748456,5907,557491,700788,2402809,2147525,2564563,108421,252736,160082,536288,537634,602682,256980,734999,204979,198717
108,0.001404,0.001403,0.001402,0.0014,0.001399,0.001398,0.001397,0.001396,0.001395,0.001394,0.001406,0.001407,0.001408,0.001409,0.001411,0.001412,0.001413,0.001414,0.001415,0.001416,212331,534568,209036,535331,449862,1326169,1062742,1515121,2059131,1287809,73709,744855,927320,536288,537634,602682,225940,734999,204979,198717
109,0.001409,0.001408,0.001407,0.001405,0.001404,0.001403,0.001401,0.0014,0.001399,0.001398,0.001412,0.001413,0.001414,0.001415,0.001417,0.001419,0.00142,0.001421,0.001422,0.001423,254018,185856,744723,533617,1307724,929633,198083,2476678,204412,734793,925831,187204,535714,5907,533807,2722147,512736,3702834,114744,203849
110,0.001408,0.001407,0.001406,0.001405,0.001404,0.001403,0.001402,0.001401,0.0014,0.001399,0.00141,0.001411,0.001412,0.001413,0.001414,0.001415,0.001417,0.001418,0.001419,0.00142,225014,542349,223410,540698,490202,1772120,488447,728943,733273,204412,1638,210368,845015,159911,1160133,5907,546881,198223,541068,364373
111,0.001405,0.001404,0.001403,0.001402,0.001401,0.0014,0.001399,0.001398,0.001397,0.001396,0.001408,0.001409,0.00141,0.001411,0.001412,0.001414,0.001415,0.001416,0.001417,0.001418,292320,545567,17061,540624,717364,1200529,912543,1378222,2742458,734230,300421,596857,159911,1187010,313478,535714,213106,197942,546881,197942
112,0.001407,0.001405,0.001404,0.001403,0.001402,0.001401,0.0014,0.001399,0.001398,0.001397,0.001409,0.00141,0.001411,0.001412,0.001414,0.001415,0.001416,0.001417,0.001418,0.001419,39003,519454,1031123,840655,1008526,21148,535331,912543,734793,2169995,713867,149743,545896,1118507,535714,213106,197942,546881,197942,738481
113,0.001407,0.001406,0.001405,0.001404,0.001403,0.001402,0.001401,0.0014,0.001399,0.001398,0.001411,0.001412,0.001414,0.001415,0.001416,0.001417,0.001418,0.001419,0.00142,0.001421,240406,761252,474882,1787755,56778,914823,729084,733484,204060,2676829,634667,356282,1327069,5907,215486,546881,197802,738481,364020,214786
114,0.001397,0.001396,0.001395,0.001394,0.001393,0.001392,0.001391,0.00139,0.001389,0.001388,0.001399,0.0014,0.001401,0.001402,0.001403,0.001404,0.001405,0.001406,0.001407,0.001408,90536,556326,643100,1233699,898187,1388394,744005,735059,3795249,2156881,10996,250817,535331,499048,1177844,502044,1038653,199499,552788,199143
115,0.001392,0.001391,0.00139,0.001389,0.001388,0.001387,0.001386,0.001385,0.001384,0.001383,0.001395,0.001396,0.001398,0.001399,0.0014,0.001401,0.001402,0.001403,0.001404,0.001405,694012,761563,1219908,539762,747928,399510,732318,754560,200000,5260440,225238,538213,536672,430482,479881,1302723,421663,565085,199642,534568
116,0.001391,0.00139,0.001389,0.001388,0.001387,0.001386,0.001385,0.001384,0.001383,0.001382,0.001393,0.001394,0.001395,0.001396,0.001398,0.001399,0.0014,0.001401,0.001402,0.001403,1229611,1391030,741444,538793,1127889,553227,554417,200647,748692,2166799,10996,573313,160657,538213,536672,445697,939216,535331,208664,565085
117,0.001393,0.001392,0.001391,0.00139,0.001389,0.001388,0.001387,0.001386,0.001385,0.001384,0.001396,0.001397,0.001399,0.0014,0.001401,0.001402,0.001403,0.001405,0.001406,0.001407,631069,966348,994172,1748232,21128,917004,736432,732534,217282,2162869,65487,560472,5907,1573292,535331,438225,565085,200431,213879,744506
118,0.001396,0.001395,0.001394,0.001392,0.001391,0.00139,0.001389,0.001388,0.001387,0.001386,0.001398,0.001399,0.0014,0.001401,0.001402,0.001403,0.001404,0.001406,0.001407,0.001408,202174,58546,1000254,1532014,1093723,748749,1474069,739008,200215,2691731,3093,5907,159796,535331,1503850,1249026,1991704,432355,757580,199143
119,0.001399,0.001398,0.001397,0.001395,0.001394,0.001392,0.001391,0.00139,0.001389,0.001388,0.001402,0.001403,0.001404,0.001405,0.001407,0.001408,0.001409,0.00141,0.001411,0.001412,598519,164824,772711,1254081,1403357,828166,740439,748749,2156826,3120092,66540,552011,469853,1238640,557580,208143,199214,2728903,682955,25473
120,0.001401,0.0014,0.001399,0.001397,0.001396,0.001395,0.001394,0.001393,0.001392,0.001391,0.001404,0.001405,0.001406,0.001407,0.001408,0.001409,0.00141,0.001411,0.001412,0.001413,56708,162680,747689,553263,1143265,376401,1209194,199285,428460,2693560,95508,1803638,1158163,1040141,209274,535140,199072,538213,25473,199072
121,0.001403,0.001402,0.001401,0.0014,0.001399,0.001398,0.001397,0.001395,0.001394,0.001393,0.001406,0.001407,0.001408,0.001409,0.001411,0.001412,0.001413,0.001414,0.001415,0.001416,657595,168882,585945,213449,535140,864090,553263,199001,1288053,2151014,470667,539904,1271522,994811,538213,25473,199072,3215800,234939,2420126
122,0.001407,0.001406,0.001405,0.001404,0.001403,0.001401,0.0014,0.001399,0.001398,0.001397,0.001409,0.00141,0.001411,0.001412,0.001414,0.001415,0.001416,0.001417,0.001418,0.001419,84024,150544,665089,216234,534759,2189655,21147,541047,198505,1284361,1166828,974012,1333275,25473,534950,198397,211509,732912,2338939,205430
123,0.001402,0.001401,0.0014,0.001399,0.001398,0.001397,0.001396,0.001395,0.001394,0.001393,0.001405,0.001406,0.001407,0.001409,0.001411,0.001412,0.001413,0.001414,0.001415,0.001416,386824,277801,535523,165305,533997,413372,751469,732499,1413960,2149552,535523,63131,533049,955528,538213,224687,198294,734170,367793,211509
124,0.001397,0.001396,0.001395,0.001394,0.001393,0.001392,0.001391,0.00139,0.001389,0.001388,0.0014,0.001401,0.001402,0.001403,0.001404,0.001405,0.001407,0.001408,0.001409,0.00141,306322,548624,381996,555384,1100162,858328,383343,739016,757459,737723,56290,620374,1107189,1637258,472779,535523,538956,199214,319248,198788
125,0.001392,0.001391,0.00139,0.001389,0.001388,0.001386,0.001385,0.001384,0.001383,0.001382,0.001394,0.001395,0.001397,0.001398,0.001399,0.0014,0.001401,0.001402,0.001403,0.001404,8521,5907,978482,1419304,917055,553228,17282,199499,1286624,3309963,221986,555194,537249,1395559,536288,476434,735379,199856,551820,199856
126,0.001387,0.001386,0.001385,0.001384,0.001383,0.00138,0.001379,0.001378,0.001377,0.001376,0.00139,0.001391,0.001393,0.001394,0.001395,0.001396,0.001397,0.001398,0.001399,0.0014,1177661,1285261,757596,1211315,1357182,1495809,201226,2172054,736935,3304021,160945,563675,538986,17171,1848082,475350,1232741,200647,206194,2850889
127,0.001381,0.00138,0.001379,0.001378,0.001377,0.001376,0.001375,0.001374,0.001373,0.001372,0.001383,0.001384,0.001385,0.001386,0.001387,0.001388,0.00139,0.001391,0.001392,0.001393,41521,110228,1927468,429319,1273068,38777,556949,918323,207370,3259120,56290,668174,172178,541711,429319,540345,433908,1527063,210037,538986
128,0.001375,0.001374,0.001373,0.001372,0.001371,0.00137,0.001369,0.001368,0.001367,0.001366,0.001378,0.001379,0.00138,0.001383,0.001385,0.001386,0.001387,0.001388,0.001389,0.00139,49473,536288,659045,1203184,1352915,387299,746100,751420,225810,5077006,128735,162405,988551,2117381,435418,746462,202393,742738,378139,202393
129,0.001371,0.00137,0.001369,0.001368,0.001367,0.001366,0.001365,0.001364,0.001363,0.001362,0.001374,0.001375,0.001376,0.001377,0.001378,0.00138,0.001381,0.001382,0.001383,0.001384,182448,141130,1011732,1025744,1035490,1202819,538986,211947,748861,2781780,544391,162641,544860,1211407,998673,544069,203426,415531,558497,202687
130,0.00137,0.001369,0.001368,0.001367,0.001366,0.001365,0.001364,0.001363,0.001362,0.001361,0.001373,0.001374,0.001376,0.001377,0.001378,0.00138,0.001381,0.001382,0.001383,0.001384,38365,295464,1717910,451804,958049,923568,212096,749380,989809,2563573,70228,606939,965202,1157203,544860,426391,765780,243221,218300,750732
131,0.001373,0.001372,0.001371,0.00137,0.001369,0.001368,0.001367,0.001366,0.001365,0.001364,0.001376,0.001378,0.001379,0.001381,0.001382,0.001383,0.001384,0.001385,0.001386,0.001387,91045,639824,220459,1016534,1194201,1711873,451883,215088,1287344,2204810,544860,992149,1218169,562354,40534,218300,750732,2059594,202393,749040
132,0.001373,0.001372,0.001371,0.00137,0.001369,0.001368,0.001367,0.001366,0.001365,0.001364,0.001376,0.001378,0.001379,0.001381,0.001382,0.001383,0.001384,0.001385,0.001386,0.001387,82736,600401,393681,982066,808628,1403932,1333940,681315,742561,2001458,526033,992149,1235437,778158,40534,218300,750732,219896,202393,749638
133,0.00138,0.001378,0.001377,0.001376,0.001375,0.001374,0.001373,0.001372,0.001371,0.00137,0.001383,0.001384,0.001385,0.001387,0.001389,0.00139,0.001391,0.001392,0.001393,0.001394,613481,987902,732271,1008313,1191196,927212,202100,3273799,222361,750080,14428,59923,630001,2175954,375502,760607,3064329,225665,545256,17171
134,0.001384,0.001383,0.001382,0.001381,0.00138,0.001379,0.001378,0.001377,0.001376,0.001375,0.001388,0.001389,0.00139,0.001391,0.001392,0.001393,0.001394,0.001395,0.001396,0.001397,589537,402291,560296,451578,1751355,496413,2531765,201662,562651,208007,1068406,1268072,1742878,5907,8521,758983,17171,231918,758455,375325
135,0.001383,0.001382,0.001381,0.00138,0.001378,0.001377,0.001376,0.001375,0.001374,0.001373,0.001385,0.001386,0.001387,0.001388,0.001389,0.001391,0.001392,0.001393,0.001394,0.001395,81826,403770,12664,763389,1406816,1436029,2091671,2186539,1194486,210621,31215,700702,1777804,447641,1331002,545669,8521,545256,439061,200791
136,0.001379,0.001378,0.001376,0.001375,0.001374,0.001373,0.001372,0.001371,0.00137,0.001369,0.001382,0.001383,0.001384,0.001385,0.001386,0.001387,0.001388,0.001389,0.00139,0.001391,255434,777637,981811,1110216,566636,210621,1290249,4243936,201808,585790,83982,690483,722618,958681,1141532,540151,214321,540151,201881,545669
137,0.001377,0.001376,0.001375,0.001374,0.001373,0.001372,0.001371,0.00137,0.001369,0.001368,0.00138,0.001381,0.001382,0.001384,0.001385,0.001387,0.001388,0.001389,0.00139,0.001391,122771,1320928,1449565,1726357,29897,928268,201589,744825,2598282,202320,31215,228575,543281,1588028,763105,540151,215174,540151,201881,762225
138,0.001378,0.001377,0.001376,0.001375,0.001374,0.001373,0.001372,0.001371,0.00137,0.001369,0.00138,0.001382,0.001384,0.001385,0.001387,0.001388,0.001389,0.00139,0.001391,0.001392,1056311,813733,2728098,448146,1315287,550351,928268,201589,201808,2800455,36928,522770,227787,1953736,540151,215174,540151,201881,762225,210110
139,0.001382,0.001381,0.00138,0.001379,0.001378,0.001377,0.001376,0.001375,0.001374,0.001373,0.001385,0.001386,0.001387,0.001389,0.001391,0.001392,0.001393,0.001394,0.001395,0.001396,60178,58322,560786,452823,1973271,415332,1861577,207861,2726108,210841,247785,541320,456015,994941,1325238,424830,545256,231834,2132284,759179
140,0.001383,0.001382,0.00138,0.001379,0.001378,0.001377,0.001376,0.001375,0.001374,0.001373,0.001386,0.001388,0.001389,0.001391,0.001392,0.001393,0.001394,0.001395,0.001396,0.001397,59617,950097,560786,1197266,573845,595464,1861577,207861,2726108,210841,520990,644970,1696423,1325238,209892,545256,394506,2132284,759179,10553
141,0.001386,0.001385,0.001384,0.001382,0.001381,0.00138,0.001379,0.001378,0.001377,0.001376,0.001389,0.00139,0.001391,0.001392,0.001393,0.001394,0.001396,0.001397,0.001398,0.001399,70819,201576,760114,925683,1500553,1334267,201153,1293839,2188637,1522009,698710,529882,1729478,1105845,758056,209661,557590,23627,200791,751295
142,0.001381,0.00138,0.001379,0.001378,0.001377,0.001376,0.001375,0.001374,0.001373,0.001372,0.001385,0.001386,0.001387,0.001389,0.001391,0.001392,0.001393,0.001394,0.001395,0.001396,70294,557649,380512,552459,1395306,1342343,207861,3266829,210841,747659,554172,614103,1773359,1705472,748036,222676,763660,209661,201081,2410653
143,0.001382,0.001381,0.00138,0.001379,0.001378,0.001377,0.001376,0.001375,0.001374,0.001373,0.001384,0.001385,0.001386,0.001387,0.001388,0.001389,0.001391,0.001392,0.001393,0.001394,62120,60275,557649,1001769,1699728,34284,1861577,207861,2725393,210841,27120,541907,632670,540540,1117347,754430,546447,222676,746991,2239529
144,0.001377,0.001376,0.001375,0.001374,0.001373,0.001372,0.001371,0.00137,0.001369,0.001368,0.00138,0.001381,0.001382,0.001384,0.001385,0.001386,0.001387,0.001388,0.001389,0.00139,222469,2087261,606982,1767060,804890,545851,744428,2208716,586568,201808,543872,187071,561888,466398,760539,749980,742348,911749,540540,201808
145,0.001376,0.001375,0.001374,0.001373,0.001372,0.001371,0.00137,0.001369,0.001368,0.001367,0.001379,0.00138,0.001381,0.001383,0.001384,0.001385,0.001386,0.001387,0.001388,0.001389,25871,74841,545256,8521,2081257,21406,50777,1129981,201808,2390984,583388,190878,1032134,1723369,656195,557143,202393,540540,216336,540540
146,0.001374,0.001373,0.001372,0.001371,0.00137,0.001369,0.001368,0.001367,0.001366,0.001364,0.001377,0.001378,0.001379,0.001381,0.001382,0.001383,0.001384,0.001385,0.001386,0.001387,506089,449837,1676526,710412,471354,991123,201808,2751103,742640,210914,607049,209968,644616,978420,1335361,988367,202540,574425,202393,540540
147,0.001369,0.001368,0.001367,0.001366,0.001364,0.001363,0.001362,0.001361,0.00136,0.001359,0.001372,0.001373,0.001374,0.001375,0.001376,0.001377,0.001379,0.00138,0.001381,0.001382,432025,1649030,671210,1557754,8521,1476059,381592,2445752,790163,429559,59612,116107,64957,417435,274953,1571316,1555504,425239,746387,215983
148,0.001377,0.001376,0.001375,0.001374,0.001373,0.001372,0.001371,0.00137,0.001369,0.001368,0.00138,0.001381,0.001383,0.001384,0.001385,0.001386,0.001387,0.001388,0.001389,0.00139,72186,1002027,1075386,1426003,21408,1609939,382595,1098158,216117,765465,84190,543478,556923,637004,405537,3745126,216278,878622,203204,762951
149,0.001381,0.00138,0.001378,0.001377,0.001376,0.001375,0.001374,0.001373,0.001372,0.001371,0.001383,0.001384,0.001385,0.001386,0.001388,0.001389,0.00139,0.001391,0.001392,0.001393,59322,672848,952214,1331207,1272349,952481,1130070,202100,2730039,202393,14428,27483,84626,954717,704113,13074,762951,208300,210768,2557579
150,0.00138,0.001378,0.001377,0.001376,0.001375,0.001374,0.001373,0.001372,0.001371,0.00137,0.001382,0.001383,0.001384,0.001385,0.001386,0.001387,0.001389,0.00139,0.001391,0.001392,553657,770405,407575,1645083,33775,927970,2725327,748642,202393,555141,155331,63352,499742,1119442,954717,216055,214955,762951,208300,210768
151,0.001377,0.001376,0.001375,0.001374,0.001373,0.001372,0.001371,0.00137,0.001369,0.001368,0.00138,0.001381,0.001382,0.001383,0.001384,0.001385,0.001386,0.001389,0.00139,0.001391,234641,778764,438135,1288930,447180,1671152,744867,757534,2202546,765465,138756,67763,66560,1720429,450967,17282,546846,214955,762951,208300
152,0.001378,0.001377,0.001376,0.001375,0.001374,0.001373,0.001372,0.001371,0.00137,0.001369,0.001381,0.001382,0.001383,0.001384,0.001385,0.001386,0.001387,0.001389,0.00139,0.001391,544069,214116,975179,1088636,1686671,21409,748349,2727699,757534,216117,60361,611263,470944,1276627,426197,546846,215886,215028,762951,208300
153,0.001377,0.001376,0.001375,0.001374,0.001373,0.001372,0.001371,0.00137,0.001369,0.001368,0.001381,0.001382,0.001383,0.001384,0.001385,0.001386,0.001389,0.00139,0.001391,0.001392,221806,562398,223220,546249,21407,928392,542620,757534,2201826,765465,122937,611263,432431,1210347,17282,546846,215028,762951,208300,753852
154,0.001381,0.00138,0.001379,0.001378,0.001377,0.001376,0.001375,0.001374,0.001373,0.001372,0.001384,0.001385,0.001386,0.001387,0.001388,0.001389,0.00139,0.001391,0.001392,0.001393,67504,600425,217330,1664750,731162,583810,1130065,2728166,210841,546249,13037,75285,546846,424326,1101295,13074,762951,208300,753852,2557579
155,0.001382,0.001381,0.00138,0.001379,0.001378,0.001376,0.001375,0.001374,0.001373,0.001372,0.001385,0.001386,0.001388,0.00139,0.001391,0.001392,0.001393,0.001394,0.001395,0.001397,62081,67504,818229,400522,1254206,583810,928257,748203,2190804,546249,120512,546846,1512718,546249,208300,766926,2557579,219564,558181,212215
156,0.001375,0.001374,0.001373,0.001372,0.001371,0.00137,0.001369,0.001368,0.001367,0.001366,0.001378,0.001379,0.00138,0.001381,0.001382,0.001384,0.001385,0.001386,0.001387,0.001389,5907,557407,228789,959344,1461005,576693,216117,1336802,2208339,926425,65477,657303,430606,1262971,399741,756939,219236,546846,13074,201662
157,0.001375,0.001374,0.001373,0.001372,0.001371,0.00137,0.001369,0.001368,0.001367,0.001366,0.001378,0.001379,0.00138,0.001381,0.001382,0.001383,0.001384,0.001385,0.001386,0.001387,136893,557407,225512,2129404,382417,576693,759530,792992,2206895,926425,241051,511187,90240,1703076,423737,1163643,542103,219675,546846,13074
158,0.001365,0.001364,0.001363,0.001362,0.001361,0.00136,0.001359,0.001358,0.001357,0.001356,0.001367,0.001368,0.001369,0.001371,0.001372,0.001373,0.001374,0.001375,0.001376,0.001377,377928,1231838,1040375,547645,387962,832182,300947,1340975,2724805,305396,548847,191357,565198,547045,1427706,1201734,217170,766973,221118,203723
159,0.001356,0.001355,0.001354,0.001353,0.001352,0.001351,0.00135,0.001349,0.001348,0.001347,0.001359,0.00136,0.001361,0.001364,0.001365,0.001366,0.001367,0.001369,0.00137,0.001371,553097,12546,1219372,71691,2227784,605167,1169127,3039598,939949,428910,77565,224883,628951,578286,226521,205676,239697,204695,204695,204395
160,0.001354,0.001353,0.001352,0.001351,0.00135,0.001349,0.001348,0.001347,0.001346,0.001345,0.001356,0.001358,0.001359,0.001361,0.001362,0.001363,0.001364,0.001365,0.001366,0.001367,553709,421827,1664215,910012,958789,796719,550863,223158,2961421,214653,4315932,12546,21468,897320,205828,1150190,228962,1035656,205676,195585
161,0.001346,0.001345,0.001344,0.001343,0.001342,0.001341,0.00134,0.001339,0.001338,0.001337,0.00135,0.001351,0.001352,0.001353,0.001354,0.001355,0.001356,0.001357,0.001358,0.001359,961565,640329,1550759,866458,550863,120884,972618,319798,2485274,758542,64144,555967,219700,553914,374621,1196549,399442,1194406,236756,1002777
162,0.001347,0.001346,0.001345,0.001344,0.001343,0.001342,0.001341,0.00134,0.001339,0.001338,0.00135,0.001351,0.001353,0.001354,0.001355,0.001356,0.001357,0.001358,0.001359,0.00136,158054,740317,634822,1259562,608293,1226839,615497,770802,320638,2237917,194476,555967,938384,1082678,588292,221653,206896,780888,2902229,206056
163,0.001346,0.001345,0.001344,0.001343,0.001342,0.001341,0.00134,0.001339,0.001338,0.001337,0.001348,0.001349,0.00135,0.001351,0.001352,0.001353,0.001355,0.001356,0.001357,0.001358,575119,178353,957436,614318,2271781,408524,563522,320638,2237917,758542,12630,535737,168588,555967,385141,1230311,1235344,221653,206896,780888
164,0.001346,0.001345,0.001344,0.001343,0.001342,0.001341,0.00134,0.001339,0.001338,0.001337,0.001349,0.00135,0.001352,0.001353,0.001354,0.001355,0.001357,0.001358,0.001359,0.00136,573467,8521,572295,590163,1677117,236461,563522,217449,4553350,861885,55893,621674,728503,2103278,387605,554528,206513,809865,212344,206819
165,0.001343,0.001342,0.001341,0.00134,0.001339,0.001337,0.001336,0.001335,0.001334,0.001333,0.001346,0.001347,0.001348,0.001349,0.00135,0.001351,0.001352,0.001353,0.001354,0.001355,30288,65344,778568,1054125,968222,1144604,426508,2267778,781764,330968,84902,251853,556586,997699,1281813,987586,234895,556173,215571,207589
166,0.00134,0.001339,0.001338,0.001337,0.001336,0.001335,0.001334,0.001333,0.001332,0.001331,0.001344,0.001346,0.001347,0.001348,0.001349,0.00135,0.001351,0.001352,0.001353,0.001354,119208,571684,1743868,1247466,117849,619113,552486,207589,5484808,781020,592144,429050,2216404,650913,1106169,573491,5907,207357,776604,8521
167,0.001341,0.00134,0.001339,0.001338,0.001337,0.001336,0.001335,0.001334,0.001333,0.001332,0.001344,0.001345,0.001346,0.001347,0.001348,0.001349,0.00135,0.001351,0.001352,0.001353,77289,139661,1206085,697497,955686,14428,851569,552486,311242,5484808,62198,570777,428825,1518015,1134720,404199,586565,5907,221666,763530
168,0.001342,0.001341,0.00134,0.001339,0.001338,0.001337,0.001336,0.001335,0.001334,0.001333,0.001345,0.001346,0.001347,0.001348,0.001349,0.00135,0.001351,0.001352,0.001353,0.001354,12667,1009164,739903,1232002,1117293,545301,222249,629052,2592963,560262,66353,249739,556586,713026,1706688,1743463,5907,221821,776604,216342
169,0.001342,0.001341,0.00134,0.001339,0.001338,0.001337,0.001336,0.001335,0.001334,0.001333,0.001344,0.001345,0.001346,0.001347,0.001348,0.001349,0.00135,0.001351,0.001352,0.001353,10996,1122262,223297,1732334,404865,545301,222249,629052,2592963,540536,33589,66353,249739,1306939,1165147,1727811,573491,5907,221821,776604
170,0.001341,0.00134,0.001339,0.001338,0.001337,0.001336,0.001335,0.001334,0.001333,0.001332,0.001344,0.001345,0.001346,0.001347,0.001348,0.00135,0.001351,0.001352,0.001353,0.001354,19873,66957,571684,404870,1371513,14428,629052,760229,540536,2264748,624618,381789,1310003,21107,1860266,573491,5907,207357,776604,216342
171,0.001336,0.001335,0.001333,0.001332,0.001331,0.00133,0.001329,0.001328,0.001327,0.001326,0.001338,0.001339,0.001341,0.001342,0.001343,0.001344,0.001345,0.001346,0.001347,0.001348,64884,632746,1208930,1138611,1921251,2536853,934798,559821,208364,3565744,3902,571822,939590,2254109,1162364,563320,8521,780383,208131,558243
172,0.001337,0.001336,0.001335,0.001334,0.001333,0.001332,0.001331,0.00133,0.001329,0.001328,0.00134,0.001341,0.001342,0.001343,0.001344,0.001345,0.001346,0.001347,0.001348,0.001349,10996,572146,607370,749069,1209925,932754,1415490,1018936,2255475,767952,559492,286375,1165574,1208966,563320,557954,557413,221205,766529,2119141
173,0.001333,0.001332,0.001331,0.00133,0.001329,0.001328,0.001327,0.001326,0.001325,0.001324,0.001336,0.001337,0.001338,0.001339,0.00134,0.001341,0.001342,0.001343,0.001344,0.001345,307847,599902,1264492,2026617,1180988,559821,209145,320853,773892,2092160,70244,225876,560747,749780,2063945,549433,559492,221672,563320,217119
174,0.001332,0.001331,0.00133,0.001329,0.001328,0.001326,0.001325,0.001324,0.001323,0.001322,0.001335,0.001336,0.001337,0.001338,0.001339,0.00134,0.001341,0.001342,0.001343,0.001344,17970,477810,1814615,1026890,1344414,612823,773892,2284942,786182,333250,79288,562008,167383,1315240,1805812,808705,209223,559492,221672,563320
175,0.001333,0.001332,0.001331,0.00133,0.001329,0.001328,0.001327,0.001326,0.001325,0.001324,0.001336,0.001337,0.001338,0.001339,0.00134,0.001341,0.001342,0.001343,0.001344,0.001345,191329,659333,1040881,1365227,801721,567667,394898,217666,773892,2284942,53086,167383,560747,286000,1282691,1353913,559492,221672,563320,217119
176,0.00133,0.001329,0.001328,0.001327,0.001326,0.001325,0.001324,0.001323,0.001322,0.001321,0.001333,0.001334,0.001335,0.001336,0.001337,0.001338,0.001339,0.00134,0.001341,0.001342,67268,65194,1063094,1852368,1314508,565761,628459,577584,313114,5418511,632526,167759,562008,761508,1842282,560747,209302,573402,226916,783339
177,0.001331,0.00133,0.001329,0.001328,0.001327,0.001326,0.001325,0.001324,0.001323,0.001322,0.001335,0.001336,0.001337,0.001338,0.00134,0.001341,0.001342,0.001343,0.001344,0.001345,79614,773472,831586,580439,805500,8521,775299,628380,577584,208598,586152,418585,1402296,560747,573402,226916,783339,2879835,772858,217119
178,0.001331,0.00133,0.001329,0.001328,0.001327,0.001326,0.001325,0.001324,0.001323,0.001322,0.001335,0.001337,0.001338,0.001339,0.00134,0.001341,0.001342,0.001343,0.001344,0.001345,109730,658034,1465092,1054625,1605139,403669,775063,232695,2631072,208598,625402,929481,1809549,570794,573402,226916,783339,2311687,772858,217119
179,0.001329,0.001328,0.001327,0.001326,0.001325,0.001324,0.001323,0.001322,0.001321,0.00132,0.001333,0.001334,0.001335,0.001336,0.001337,0.001338,0.001339,0.00134,0.001341,0.001342,80157,658960,477836,1054750,961265,820529,577584,208598,2271010,584923,606155,385591,1368020,502538,1835514,560747,209380,573402,226916,783339
180,0.001328,0.001327,0.001326,0.001325,0.001324,0.001323,0.001321,0.00132,0.001319,0.001318,0.00133,0.001332,0.001333,0.001334,0.001335,0.001337,0.001338,0.001339,0.00134,0.001341,5907,81915,78431,1311706,1738677,577584,2271010,584923,209302,209853,564121,522422,2300908,1212096,1070706,209538,560747,209380,783255,2776995
181,0.001328,0.001327,0.001326,0.001325,0.001324,0.001323,0.001321,0.00132,0.001319,0.001318,0.00133,0.001332,0.001333,0.001334,0.001335,0.001336,0.001337,0.001338,0.001339,0.00134,5907,81915,78431,790591,8357,973792,2271010,584923,209302,209853,531909,237050,733193,570659,547096,13074,209538,770679,2186311,770181
182,0.001329,0.001328,0.001327,0.001326,0.001325,0.001324,0.001323,0.001322,0.001321,0.00132,0.001333,0.001334,0.001335,0.001336,0.001337,0.001338,0.001339,0.00134,0.001341,0.001342,642852,488475,1434646,1936702,1421408,8357,577584,209932,2271783,604891,675240,453383,2410795,482568,859790,770363,222690,770181,226916,783339
183,0.00133,0.001329,0.001328,0.001327,0.001326,0.001325,0.001324,0.001323,0.001322,0.001321,0.001333,0.001334,0.001335,0.001336,0.001337,0.001338,0.001339,0.00134,0.001341,0.001342,243635,650115,649600,1592139,8521,979128,217895,804114,1945186,235210,59023,71465,1000081,837647,3176501,560747,209538,770181,239990,783339
184,0.001329,0.001328,0.001327,0.001326,0.001325,0.001324,0.001323,0.001322,0.001321,0.00132,0.001332,0.001333,0.001334,0.001335,0.001336,0.001338,0.001339,0.00134,0.001341,0.001342,72726,395132,610092,711779,2253506,762708,577584,209774,2288801,584923,53635,563063,1290274,1544358,1319991,560747,209459,770181,239990,783339
185,0.001329,0.001328,0.001327,0.001326,0.001325,0.001324,0.001323,0.001322,0.001321,0.00132,0.001333,0.001334,0.001335,0.001336,0.001337,0.001338,0.001339,0.00134,0.001341,0.001342,667803,311766,1041755,850345,1296171,1245627,588890,17005,215760,2643817,609737,169649,1018987,1305312,566924,560747,209459,2991823,226916,783339
186,0.001329,0.001328,0.001327,0.001326,0.001325,0.001324,0.001323,0.001321,0.00132,0.001319,0.001333,0.001334,0.001335,0.001336,0.001337,0.001338,0.001339,0.00134,0.001341,0.001342,71210,183215,580976,763682,1070368,404464,1022635,215760,2870464,229622,611681,377708,1741792,497629,13074,560747,209459,770181,2424725,783339
187,0.001327,0.001326,0.001325,0.001324,0.001323,0.001321,0.00132,0.001319,0.001318,0.001317,0.00133,0.001331,0.001332,0.001333,0.001335,0.001336,0.001337,0.001338,0.001339,0.00134,575542,1609524,805861,404464,577584,215997,2870464,209302,213647,923725,60187,636705,208059,793002,1101037,5907,222769,770758,2467672,770181
188,0.001326,0.001325,0.001324,0.001323,0.001322,0.001321,0.00132,0.001319,0.001318,0.001317,0.001329,0.00133,0.001331,0.001332,0.001333,0.001335,0.001336,0.001337,0.001338,0.001339,111075,611624,1349172,1387731,1147703,5907,584923,209302,230704,798730,555148,646726,746736,1666072,972718,767687,215681,222454,770127,209380
189,0.001332,0.001331,0.00133,0.001329,0.001328,0.001327,0.001326,0.001325,0.001324,0.001323,0.001334,0.001335,0.001336,0.001337,0.001338,0.001339,0.00134,0.001341,0.001342,0.001343,10996,1127485,1223327,1952979,1228533,573904,209853,2856129,235189,786651,74861,74861,651297,383851,2761954,1252827,1357216,17849,1007410,208598
190,0.00133,0.001329,0.001328,0.001327,0.001326,0.001325,0.001323,0.001322,0.001321,0.00132,0.001332,0.001333,0.001334,0.001335,0.001336,0.001337,0.001338,0.001339,0.00134,0.001341,12748,564121,18944,1307254,1225615,592788,786651,2282975,2578471,794461,60341,270647,1298944,1317577,1050896,1369205,1391167,209538,573402,227387
191,0.001333,0.001332,0.001331,0.00133,0.001329,0.001328,0.001327,0.001326,0.001325,0.001324,0.001336,0.001337,0.001338,0.001339,0.00134,0.001341,0.001342,0.001343,0.001344,0.001345,62732,265250,659650,391394,1408639,767311,1772678,250271,1825684,209932,1194126,1665534,1768990,788317,573402,226916,783339,208598,215760,813376
192,0.00133,0.001329,0.001328,0.001327,0.001326,0.001325,0.001324,0.001323,0.001322,0.001321,0.001333,0.001334,0.001335,0.001336,0.001337,0.001338,0.001339,0.00134,0.001341,0.001342,155462,744314,672639,1336827,1565272,592788,209459,803799,2265199,216076,30220,562429,433664,1743133,972993,560747,209223,573402,226916,2873614
193,0.001336,0.001335,0.001334,0.001333,0.001332,0.001331,0.00133,0.001329,0.001328,0.001327,0.001339,0.00134,0.001341,0.001342,0.001343,0.001344,0.001345,0.001346,0.001347,0.001348,702117,222516,1086362,1699829,362909,1580067,251170,2819847,769261,573904,58958,64880,577968,3227939,1659669,5907,974793,2812804,380532,733937
194,0.001336,0.001335,0.001334,0.001333,0.001332,0.001331,0.00133,0.001329,0.001328,0.001327,0.001339,0.00134,0.001341,0.001342,0.001343,0.001344,0.001345,0.001346,0.001347,0.001348,73934,561167,317474,2481772,614354,1610135,424683,1334788,2261553,782971,744644,450615,1275060,404267,1678447,214349,603523,208364,221438,564334
195,0.001341,0.00134,0.001339,0.001338,0.001337,0.001336,0.001335,0.001334,0.001333,0.001332,0.001344,0.001345,0.001346,0.001347,0.001348,0.001349,0.00135,0.001351,0.001352,0.001353,573978,170923,572606,219611,1377775,717605,561167,208286,573230,330299,751533,866036,1733131,701344,784542,909497,742410,577509,563198,1202675
196,0.00134,0.001339,0.001338,0.001337,0.001336,0.001335,0.001334,0.001333,0.001332,0.001331,0.001343,0.001344,0.001345,0.001346,0.001347,0.001348,0.001349,0.00135,0.001351,0.001352,83836,412338,1374854,417626,14428,1724206,395143,769829,1186765,2589358,127890,684795,857072,1730897,952175,806091,207666,742410,577509,1136166
197,0.001343,0.001341,0.00134,0.001339,0.001338,0.001337,0.001336,0.001335,0.001334,0.001333,0.001347,0.001348,0.001349,0.00135,0.001351,0.001352,0.001353,0.001354,0.001355,0.001356,604967,277923,1012091,1021471,1778934,1131103,772828,768988,2258144,786692,256123,1056282,1205747,742410,1802464,913571,437892,2623702,766945,207821
198,0.001344,0.001343,0.001342,0.001341,0.00134,0.001339,0.001338,0.001337,0.001336,0.001335,0.001347,0.001348,0.001349,0.00135,0.001351,0.001352,0.001353,0.001354,0.001355,0.001356,61827,569883,601922,1038471,726024,32289,1582211,215404,2767256,872486,254155,615532,176169,1493208,864735,558659,436651,474749,766945,558760
199,0.001345,0.001344,0.001343,0.001342,0.001341,0.00134,0.001339,0.001338,0.001337,0.001336,0.001349,0.00135,0.001351,0.001352,0.001353,0.001354,0.001355,0.001356,0.001357,0.001358,86469,88924,715108,400347,715891,747973,217931,1581980,2797716,222249,307497,1136329,1106465,1425596,689322,21595,766945,3085334,1600607,4248393
200,0.001346,0.001345,0.001344,0.001343,0.001342,0.001341,0.00134,0.001339,0.001338,0.001337,0.00135,0.001351,0.001352,0.001354,0.001355,0.001356,0.001357,0.001358,0.001359,0.00136,723555,1000109,18521,1019236,715115,413958,1417692,767276,1581980,2247549,668168,706990,1867533,1109815,1011813,3085334,1600607,1205343,213264,928534
201,0.001348,0.001346,0.001345,0.001344,0.001343,0.001342,0.001341,0.00134,0.001339,0.001338,0.00135,0.001351,0.001352,0.001353,0.001354,0.001355,0.001356,0.001357,0.001358,0.001359,622572,651973,1631588,765312,1252865,206973,2801562,787990,217931,1581980,17730,172667,558659,411396,1109021,804840,350939,1582570,1205343,213264
202,0.001348,0.001346,0.001345,0.001344,0.001343,0.001342,0.001341,0.00134,0.001339,0.001338,0.001351,0.001352,0.001353,0.001354,0.001355,0.001356,0.001357,0.001358,0.001359,0.00136,596586,556792,1227983,1225113,417817,206973,244381,2802933,767276,1581980,599522,694920,1260928,1076789,958952,573492,1359975,263807,213264,928534
203,0.001341,0.00134,0.001339,0.001338,0.001337,0.001336,0.001335,0.001334,0.001333,0.001332,0.001344,0.001345,0.001347,0.001349,0.00135,0.001351,0.001352,0.001353,0.001354,0.001355,10996,721204,217806,1767306,1081818,243082,1345225,769358,2061539,2029136,166264,949394,1653568,776231,615536,561462,207126,555967,228721,765402
204,0.001337,0.001336,0.001335,0.001334,0.001333,0.001332,0.00133,0.001329,0.001328,0.001327,0.001339,0.00134,0.001341,0.001342,0.001343,0.001344,0.001345,0.001346,0.001347,0.001348,399554,14428,575496,1078538,1835024,460016,1419708,1487933,2259542,576364,560119,166760,558659,385087,1634137,1010552,556999,207821,556999,207821
205,0.001339,0.001338,0.001337,0.001336,0.001335,0.001334,0.001333,0.001332,0.001331,0.00133,0.001341,0.001342,0.001343,0.001344,0.001345,0.001346,0.001347,0.001348,0.001349,0.00135,398014,846443,1345164,937947,957121,686769,578871,1220534,208442,2805520,558659,166760,558659,615914,578571,1088612,970053,620875,556173,237930
206,0.001341,0.00134,0.001339,0.001338,0.001337,0.001336,0.001335,0.001334,0.001333,0.001332,0.001345,0.001347,0.001348,0.001349,0.00135,0.001351,0.001352,0.001353,0.001354,0.001355,699099,184465,559910,1498850,982407,24882,766402,770901,770294,2727437,614893,556999,480144,577896,1103891,2242790,555500,1767347,228721,206743
207,0.001346,0.001345,0.001344,0.001343,0.001342,0.001341,0.00134,0.001339,0.001338,0.001337,0.001349,0.00135,0.001351,0.001352,0.001353,0.001354,0.001355,0.001356,0.001357,0.001358,72856,642103,95237,797345,1158893,575775,1196558,767036,765302,1172951,603795,394855,561462,1113273,2037003,21595,378911,1129336,2565387,410678
208,0.001343,0.001342,0.001341,0.00134,0.001339,0.001338,0.001337,0.001336,0.001335,0.001334,0.001347,0.001348,0.001349,0.00135,0.001351,0.001353,0.001354,0.001355,0.001356,0.001357,875604,841642,797139,411750,1258619,8189,965594,783204,2802326,208286,1053488,12639,935024,1107484,583235,951218,228645,378911,1129336,2361351
209,0.001342,0.001341,0.00134,0.001339,0.001338,0.001337,0.001336,0.001335,0.001334,0.001333,0.001345,0.001346,0.001347,0.001348,0.001349,0.00135,0.001351,0.001352,0.001353,0.001354,217794,575775,845613,981356,749574,965594,232625,766402,2797129,873947,126598,69860,987261,1173317,1693419,430166,561462,207434,560538,228645
210,0.001343,0.001342,0.001341,0.00134,0.001339,0.001338,0.001337,0.001336,0.001335,0.001334,0.001345,0.001346,0.001347,0.001348,0.001349,0.00135,0.001351,0.001352,0.001353,0.001354,10996,236706,575775,1775637,972164,19367,1173183,783204,2803083,208286,95173,69860,556586,412023,1665082,430166,561462,207434,560538,228645
211,0.001343,0.001342,0.001341,0.00134,0.001339,0.001338,0.001337,0.001336,0.001335,0.001334,0.001345,0.001346,0.001347,0.001349,0.00135,0.001351,0.001352,0.001353,0.001354,0.001355,707611,648629,1505505,1257536,559910,19367,1173183,783204,2803083,229289,61416,69860,556586,1178577,1137928,561462,207434,560538,228645,378911
212,0.001343,0.001342,0.001341,0.00134,0.001339,0.001338,0.001337,0.001336,0.001335,0.001334,0.001345,0.001346,0.001347,0.001348,0.001349,0.00135,0.001351,0.001352,0.001353,0.001354,604115,236706,1003403,1799824,559910,8189,965594,783204,2803083,229289,25594,69860,556586,424215,1696403,430166,561462,207434,560538,228645
213,0.001342,0.001341,0.00134,0.001339,0.001338,0.001337,0.001336,0.001335,0.001334,0.001333,0.001345,0.001346,0.001347,0.001348,0.001349,0.00135,0.001351,0.001352,0.001353,0.001354,217794,575775,1275361,1529950,438139,965594,783204,2803083,208286,791264,50988,69860,556586,1593177,1276416,430149,561462,207434,768127,228645
214,0.001342,0.001341,0.00134,0.001339,0.001338,0.001337,0.001336,0.001335,0.001334,0.001333,0.001345,0.001346,0.001347,0.001348,0.001349,0.00135,0.001351,0.001352,0.001353,0.001354,217794,575775,1515593,1315800,8189,965594,783204,766402,2245725,791264,23264,69860,999821,1199125,541338,430149,561462,207434,768127,228645
215,0.001343,0.001342,0.001341,0.00134,0.001339,0.001338,0.001337,0.001336,0.001335,0.001334,0.001345,0.001347,0.001349,0.00135,0.001351,0.001352,0.001353,0.001354,0.001355,0.001356,598575,217794,575775,1066283,559910,8189,1173183,2819885,766402,208286,576947,556586,541338,430166,561462,207589,768127,2465440,378911,1129336
216,0.001341,0.00134,0.001339,0.001338,0.001337,0.001336,0.001335,0.001334,0.001333,0.001332,0.001344,0.001346,0.001347,0.001349,0.00135,0.001351,0.001352,0.001353,0.001354,0.001355,944709,845613,1205016,734559,1417769,24882,2877430,863266,2809251,226256,548354,72558,2364487,1005377,1162692,574536,207589,768127,215571,378911
217,0.001346,0.001345,0.001344,0.001343,0.001342,0.001341,0.00134,0.001339,0.001338,0.001337,0.001349,0.00135,0.001351,0.001352,0.001353,0.001354,0.001355,0.001356,0.001357,0.001358,185455,628538,105269,1666347,226194,1710081,1569158,1020437,765766,1173415,68249,89468,1684968,630787,1281222,399201,391985,1129336,640764,969337
218,0.001347,0.001346,0.001345,0.001344,0.001343,0.001341,0.00134,0.001339,0.001338,0.001337,0.00135,0.001351,0.001352,0.001353,0.001354,0.001355,0.001356,0.001357,0.001358,0.001359,566784,168551,564661,906299,557413,781633,1601598,2602467,216010,1194931,241053,945881,672603,944957,30533,185242,1313273,436728,969337,375936
219,0.001349,0.001348,0.001347,0.001346,0.001345,0.001344,0.001343,0.001342,0.001341,0.00134,0.001351,0.001352,0.001353,0.001354,0.001355,0.001356,0.001357,0.001358,0.001359,0.00136,21680,252834,566784,1056312,1722217,12648,557413,206896,2827111,773317,5907,650937,1706400,1166077,207254,1120193,435960,969337,213264,2843282
220,0.001346,0.001345,0.001344,0.001343,0.001342,0.001341,0.00134,0.001339,0.001338,0.001337,0.001349,0.00135,0.001351,0.001352,0.001353,0.001354,0.001355,0.001356,0.001357,0.001358,337239,1399864,226062,557413,411171,1299079,773317,3918853,2944596,1276758,556173,606022,1191382,697425,659944,954550,172168,936409,448958,761594
221,0.001347,0.001346,0.001345,0.001344,0.001343,0.001342,0.001341,0.00134,0.001339,0.001338,0.00135,0.001351,0.001352,0.001353,0.001354,0.001355,0.001356,0.001357,0.001358,0.001359,628076,488239,1798318,700039,1651616,206896,1348008,2254267,766500,216010,14658,555349,730270,1100831,1258002,584860,729513,448958,761594,212497
222,0.001346,0.001345,0.001344,0.001343,0.001341,0.00134,0.001339,0.001338,0.001337,0.001336,0.001349,0.00135,0.001351,0.001352,0.001353,0.001354,0.001355,0.001356,0.001357,0.001358,171297,1399864,645558,1265433,592586,224382,3347236,216010,1173415,4255555,463754,165183,1186517,1129815,21979,563870,562848,729513,448958,761594
223,0.001346,0.001345,0.001344,0.001343,0.001341,0.00134,0.001339,0.001338,0.001337,0.001336,0.001349,0.00135,0.001351,0.001352,0.001353,0.001354,0.001355,0.001356,0.001357,0.001358,161696,1399864,1387183,988430,592586,224382,1315845,2247401,1173415,1526869,432425,165183,824379,1161724,21979,563870,562848,729513,448958,761594
224,0.001349,0.001348,0.001347,0.001346,0.001345,0.001344,0.001343,0.001342,0.001341,0.00134,0.001352,0.001353,0.001354,0.001355,0.001356,0.001357,0.001358,0.001359,0.00136,0.001361,71583,668529,556586,944471,1823023,729211,996313,755167,2619464,224382,556586,168315,563870,1976500,1882024,229294,2714765,212497,400130,982819
225,0.001349,0.001348,0.001347,0.001346,0.001345,0.001344,0.001343,0.001342,0.001341,0.00134,0.001352,0.001353,0.001354,0.001355,0.001356,0.001357,0.001358,0.001359,0.00136,0.001361,626932,174649,1157548,648172,1399864,5907,764003,207050,3374427,224382,545951,199729,1598509,551117,1407282,229294,761594,603177,400130,982819
226,0.001348,0.001347,0.001346,0.001345,0.001344,0.001343,0.001342,0.001341,0.00134,0.001339,0.001351,0.001352,0.001353,0.001354,0.001355,0.001356,0.001357,0.001358,0.001359,0.00136,201959,556586,226938,2482424,5907,557413,207050,3374427,224382,766500,172563,578101,1117819,963870,1280619,1120193,206590,761594,212497,2601077
227,0.001348,0.001347,0.001346,0.001345,0.001344,0.001343,0.001342,0.001341,0.00134,0.001339,0.001351,0.001352,0.001353,0.001354,0.001355,0.001356,0.001357,0.001358,0.001359,0.00136,129189,556586,293329,2567354,747054,557413,207050,3374427,224382,766500,161332,537231,1196915,963870,1559686,729513,206590,1152274,212497,2793105
228,0.001348,0.001347,0.001346,0.001345,0.001344,0.001343,0.001342,0.001341,0.00134,0.001339,0.001351,0.001352,0.001353,0.001354,0.001355,0.001356,0.001357,0.001358,0.001359,0.00136,345677,556586,643968,2125142,1118511,557413,207050,3375929,224382,766500,173878,537231,31298,1703861,1560361,729513,206743,1152274,212497,2793105
229,0.001344,0.001343,0.001342,0.001341,0.00134,0.001339,0.001338,0.001337,0.001336,0.001335,0.001346,0.001347,0.001348,0.00135,0.001351,0.001352,0.001353,0.001354,0.001355,0.001356,5907,88564,235516,1920428,17332,559910,8189,1173415,2267113,757734,524503,164581,556586,2052079,728993,927911,207050,989134,378911,936870
230,0.001342,0.001341,0.00134,0.001339,0.001338,0.001337,0.001336,0.001335,0.001334,0.001333,0.001346,0.001347,0.001348,0.001349,0.00135,0.001351,0.001352,0.001353,0.001354,0.001355,641548,1280066,1305814,559910,8189,965594,232703,757734,2799387,228331,506837,164581,556586,399136,1662078,726964,927911,207050,989134,2738144
231,0.001346,0.001345,0.001344,0.001343,0.001342,0.001341,0.00134,0.001339,0.001338,0.001337,0.001349,0.00135,0.001351,0.001352,0.001353,0.001354,0.001355,0.001356,0.001357,0.001358,342411,939829,645862,1826728,31594,974380,566267,767499,2245663,3062370,112892,558035,170230,558035,391869,1212044,1163251,1115873,219817,969028
232,0.001342,0.001341,0.00134,0.001339,0.001338,0.001337,0.001336,0.001335,0.001334,0.001333,0.001345,0.001346,0.001348,0.001349,0.00135,0.001351,0.001352,0.001353,0.001354,0.001355,73598,660694,45272,1470487,8189,987569,24882,861232,2800145,207050,1252557,556586,556586,849278,558035,5907,1164464,1076446,563870,379218
233,0.00134,0.001339,0.001338,0.001337,0.001336,0.001335,0.001334,0.001333,0.001332,0.001331,0.001343,0.001345,0.001346,0.001348,0.001349,0.00135,0.001351,0.001352,0.001353,0.001354,68394,576966,8189,1350057,931148,21972,763325,758868,2265497,867391,655562,732993,1623225,1237817,428959,966445,213573,765085,207666,576944
234,0.001338,0.001337,0.001336,0.001335,0.001334,0.001332,0.001331,0.00133,0.001329,0.001328,0.001341,0.001342,0.001343,0.001345,0.001346,0.001347,0.001348,0.001349,0.00135,0.001351,73674,366586,1009709,764499,577320,225946,1316229,3531342,2122837,770236,72219,254608,558451,624980,1328901,598656,556586,207743,2842246,400050
235,0.001341,0.00134,0.001338,0.001337,0.001336,0.001335,0.001334,0.001333,0.001332,0.001331,0.001344,0.001345,0.001346,0.001347,0.001348,0.001349,0.00135,0.001351,0.001352,0.001353,594996,1316213,1365640,1932471,24882,759277,763635,2037439,225946,763582,10996,233770,556586,388323,556586,425776,1708142,1534015,1113459,207666
236,0.001344,0.001342,0.001341,0.00134,0.001338,0.001337,0.001336,0.001335,0.001334,0.001332,0.001347,0.001348,0.001349,0.00135,0.001351,0.001352,0.001353,0.001354,0.001355,0.001356,667974,1608452,659230,1271948,827339,1993981,2267870,208286,763635,225946,214669,719158,171866,966179,565472,1784646,597960,773414,221359,767499
237,0.001341,0.00134,0.001338,0.001337,0.001336,0.001335,0.001334,0.001333,0.001332,0.001331,0.001344,0.001345,0.001346,0.001347,0.001348,0.00135,0.001351,0.001352,0.001353,0.001354,10996,934344,1327745,806996,46856,208286,763635,2586985,225946,867391,58038,286686,1171328,1319942,1668331,966445,385587,727638,207280,981080
238,0.001341,0.00134,0.001338,0.001337,0.001336,0.001335,0.001334,0.001333,0.001332,0.001331,0.001344,0.001345,0.001346,0.001347,0.001348,0.00135,0.001351,0.001352,0.001353,0.001354,10996,934344,657407,1541002,476483,208286,763635,2586985,225946,867391,947617,1379538,984759,734006,983932,966445,385587,935459,207280,981080
239,0.001344,0.001343,0.001342,0.001341,0.00134,0.001339,0.001338,0.001337,0.001336,0.001335,0.001347,0.001348,0.001349,0.00135,0.001351,0.001352,0.001353,0.001354,0.001355,0.001356,572362,91339,796356,1067094,1261151,21976,207512,574252,2698099,759277,214117,902732,1061379,1572563,853069,727638,207280,981080,2645104,767499
240,0.001344,0.001343,0.001342,0.00134,0.001339,0.001338,0.001337,0.001336,0.001335,0.001334,0.001347,0.001348,0.001349,0.00135,0.001351,0.001352,0.001353,0.001354,0.001355,0.001356,87412,106718,1869260,1657360,21976,207434,573943,662175,2793687,763635,10996,664164,553701,1849881,576412,1384932,598037,981080,2795450,767499
241,0.001344,0.001343,0.001342,0.00134,0.001339,0.001338,0.001337,0.001336,0.001335,0.001334,0.001347,0.001348,0.001349,0.00135,0.001351,0.001352,0.001353,0.001354,0.001355,0.001356,69480,106718,1158648,1558668,21976,207434,573943,662175,2793687,763635,149545,556586,756548,1771486,1184026,727638,598037,981080,221359,767499
242,0.001345,0.001344,0.001343,0.001342,0.00134,0.001338,0.001337,0.001336,0.001335,0.001334,0.001348,0.001349,0.00135,0.001351,0.001352,0.001353,0.001354,0.001355,0.001356,0.001357,62295,626893,263401,1225866,609567,207434,3157010,662175,208286,763635,547397,342197,1814004,1209239,1107333,390680,981080,221359,767499,614808
243,0.001344,0.001343,0.001342,0.00134,0.001338,0.001337,0.001336,0.001335,0.001334,0.001332,0.001347,0.001348,0.001349,0.00135,0.001351,0.001352,0.001353,0.001354,0.001355,0.001356,626893,36380,1922514,1721607,207434,3157010,232548,208286,763635,225946,38878,547397,342197,1885782,557770,558035,390680,981080,221359,937102
244,0.001348,0.001347,0.001346,0.001345,0.001344,0.001343,0.001342,0.001341,0.00134,0.001339,0.001351,0.001352,0.001353,0.001354,0.001356,0.001357,0.001358,0.001359,0.00136,0.001361,72614,72614,636565,642737,1589468,644481,574196,224899,1343728,2031391,749289,1603681,550922,1361571,1327782,627882,875278,798799,2600230,411239
245,0.001345,0.001344,0.001343,0.001342,0.001341,0.00134,0.001338,0.001337,0.001336,0.001335,0.001347,0.001348,0.001349,0.00135,0.001351,0.001352,0.001353,0.001354,0.001355,0.001356,10996,614251,16199,795945,727155,1009357,647515,2606843,886548,208286,64259,250555,1224860,1268097,2684,1660657,1010036,563870,217980,1389227
246,0.001342,0.001341,0.00134,0.001339,0.001338,0.001337,0.001336,0.001335,0.001334,0.001333,0.001344,0.001345,0.001346,0.001347,0.001348,0.001349,0.00135,0.001351,0.001352,0.001353,10996,96542,587590,404516,1400763,769880,46856,638203,3352478,2657901,54882,617645,756752,1427865,1126360,990419,1309742,372868,730203,207280
247,0.001341,0.00134,0.001339,0.001338,0.001337,0.001336,0.001335,0.001334,0.001333,0.001332,0.001344,0.001345,0.001346,0.001347,0.001349,0.00135,0.001351,0.001352,0.001353,0.001354,138778,587590,1134393,663107,1500979,46856,638203,3353996,207821,225946,203914,617645,782661,1913564,555967,390680,372868,730203,234663,771227
248,0.001346,0.001345,0.001344,0.001343,0.001342,0.001341,0.00134,0.001339,0.001338,0.001337,0.001349,0.00135,0.001351,0.001352,0.001353,0.001354,0.001355,0.001356,0.001357,0.001358,670390,411520,1259351,652719,1311910,436688,794947,206896,2788504,574252,69368,738880,374849,1221347,1502728,966422,403366,1171330,654382,225060
249,0.001344,0.001343,0.001342,0.001341,0.00134,0.001339,0.001337,0.001336,0.001335,0.001334,0.001346,0.001347,0.001348,0.001349,0.00135,0.001351,0.001352,0.001353,0.001354,0.001355,10996,212229,575314,1125881,1214081,724083,574252,2816782,208286,763635,70644,243555,617711,615566,1477031,408757,2021593,776347,771304,403520
250,0.001341,0.00134,0.001338,0.001337,0.001336,0.001335,0.001334,0.001333,0.001332,0.001331,0.001344,0.001345,0.001346,0.001347,0.001348,0.001349,0.00135,0.001351,0.001352,0.001353,77782,587590,1397761,366586,46930,208286,3243233,638383,777098,2844175,622525,514543,2049799,1063527,556586,671251,1165752,210273,1107395,398741
251,0.001341,0.00134,0.001339,0.001338,0.001337,0.001336,0.001335,0.001334,0.001333,0.001332,0.001343,0.001344,0.001345,0.001346,0.001347,0.001348,0.00135,0.001351,0.001352,0.001353,17849,98492,631076,699837,1123390,24882,463117,763170,2677340,777098,238907,558451,548669,1792636,975512,952105,947886,210273,1107395,886287
252,0.00134,0.001339,0.001338,0.001337,0.001336,0.001335,0.001334,0.001333,0.001332,0.001331,0.001343,0.001344,0.001345,0.001346,0.001347,0.001348,0.001349,0.00135,0.001351,0.001352,176276,1895824,234549,1323135,584166,856919,763325,638926,2819043,763482,154308,558451,347845,1024066,1743251,1755920,207898,588010,406743,949536
253,0.001344,0.001343,0.001342,0.001341,0.00134,0.001339,0.001338,0.001337,0.001336,0.001335,0.001347,0.001348,0.001349,0.00135,0.001351,0.001352,0.001353,0.001354,0.001355,0.001356,64719,747984,1159316,1240948,854917,567011,37047,2811462,792142,207976,274594,728754,217494,1225286,1364332,727638,1018715,771304,207050,798664
254,0.001345,0.001344,0.001343,0.001342,0.001341,0.00134,0.001339,0.001338,0.001337,0.001336,0.001348,0.001349,0.00135,0.001351,0.001352,0.001353,0.001354,0.001355,0.001356,0.001357,69290,70680,747984,632622,1272207,41056,567011,222356,777052,2826552,632998,217494,1458404,1118067,2021633,1018715,771304,403520,781885,410779
255,0.001347,0.001346,0.001345,0.001344,0.001343,0.001342,0.001341,0.00134,0.001339,0.001338,0.00135,0.001351,0.001352,0.001353,0.001354,0.001355,0.001356,0.001357,0.001358,0.001359,72189,186602,626289,221071,966770,1807864,980209,226209,2297270,222356,847927,1334362,1300054,1525222,1289691,196470,1185639,410779,3400902,493453
256,0.001345,0.001343,0.001342,0.001341,0.00134,0.001339,0.001338,0.001337,0.001336,0.001335,0.001348,0.001349,0.00135,0.001351,0.001352,0.001353,0.001354,0.001355,0.001356,0.001357,556999,567005,219388,997092,768791,567011,222356,2809197,3196463,207976,712080,704012,1731961,742666,1312815,408065,563870,403520,1185639,410779
257,0.001346,0.001345,0.001344,0.001343,0.001342,0.001341,0.00134,0.001339,0.001338,0.001337,0.001349,0.00135,0.001351,0.001352,0.001353,0.001354,0.001355,0.001356,0.001357,0.001358,174726,556999,224173,943440,654668,579111,248107,567011,222356,2809197,233129,1147977,1034173,1931295,408065,563870,403520,1185639,410779,3888448
258,0.001338,0.001337,0.001336,0.001334,0.001333,0.001332,0.001331,0.00133,0.001329,0.001328,0.00134,0.001341,0.001342,0.001344,0.001346,0.001347,0.001348,0.001349,0.00135,0.001351,14999,91430,584166,2842130,729905,143745,776946,760342,4781214,563113,559910,871707,1706109,1699012,765414,598346,764252,207666,574936,221125
259,0.001336,0.001335,0.001334,0.001333,0.001332,0.001331,0.00133,0.001328,0.001327,0.001326,0.001338,0.001339,0.00134,0.001341,0.001342,0.001344,0.001345,0.001346,0.001347,0.001348,14428,82453,1050274,851568,2005213,556586,22042,1325528,4261696,216187,545003,167133,559910,662077,1905252,948923,428981,765414,404069,1421401
260,0.001338,0.001337,0.001336,0.001335,0.001334,0.001333,0.001332,0.001331,0.00133,0.001329,0.00134,0.001341,0.001342,0.001343,0.001344,0.001345,0.001346,0.001347,0.001348,0.001349,1240111,15866,1864269,10242,1448512,874857,17970,765028,1204466,208676,533657,166636,558243,283254,948923,721947,1935594,1175153,1922887,630040
261,0.001341,0.00134,0.001339,0.001338,0.001337,0.001336,0.001335,0.001334,0.001333,0.001332,0.001343,0.001344,0.001345,0.001346,0.001347,0.001348,0.001349,0.00135,0.001351,0.001352,1325446,8179,1887005,8427,1614927,584860,10242,555349,208053,2819803,155631,558243,166326,557206,587083,1214002,1469562,968609,876961,2901076
262,0.001343,0.001342,0.001341,0.00134,0.001339,0.001338,0.001337,0.001336,0.001335,0.001334,0.001345,0.001346,0.001347,0.001348,0.001349,0.00135,0.001351,0.001352,0.001353,0.001354,81141,638908,439951,928566,1273174,498056,37931,792526,769209,2801895,155420,677111,432543,1159090,1694461,1377292,396871,969351,708905,440708
263,0.00134,0.001339,0.001338,0.001337,0.001336,0.001335,0.001334,0.001333,0.001332,0.001331,0.001344,0.001345,0.001346,0.001347,0.001348,0.001349,0.00135,0.001351,0.001352,0.001353,135320,568196,721800,740002,1710482,32305,762938,2245492,778566,765028,804316,514149,1697217,1477771,726189,615963,1150925,396871,1456897,221359
264,0.001341,0.00134,0.001339,0.001338,0.001337,0.001336,0.001335,0.001334,0.001333,0.001332,0.001344,0.001345,0.001346,0.001347,0.001348,0.001349,0.00135,0.001351,0.001352,0.001353,73759,145248,1208208,737905,15866,584860,240203,762938,2245492,2742595,526398,379858,2103961,1121719,1134643,408065,1150925,396871,969351,708905
265,0.001343,0.001342,0.00134,0.001339,0.001338,0.001337,0.001336,0.001335,0.001334,0.001333,0.001346,0.001347,0.001348,0.001349,0.00135,0.001351,0.001352,0.001353,0.001354,0.001355,66426,651199,893465,568196,30493,15866,792372,2805055,762938,208053,640732,566968,1390506,1072382,1150925,189591,969351,708905,440708,811475
266,0.001345,0.001344,0.001343,0.001342,0.001341,0.00134,0.001339,0.001338,0.001337,0.001336,0.001347,0.001348,0.001349,0.00135,0.001351,0.001352,0.001353,0.001354,0.001355,0.001356,5182,577207,40352,1964040,400880,31995,568196,215707,2257033,792372,153351,726189,645187,1333326,1109451,978576,404989,928254,811475,207976
267,0.001346,0.001344,0.001343,0.001342,0.00134,0.001339,0.001338,0.001337,0.001336,0.001335,0.001349,0.00135,0.001351,0.001352,0.001353,0.001354,0.001355,0.001356,0.001357,0.001358,656749,804504,1063132,578053,239198,2600341,215707,773545,792372,218140,466416,956625,315745,2236990,1052177,599912,794696,1086202,1014418,2468597
268,0.001345,0.001344,0.001343,0.001342,0.001341,0.00134,0.001339,0.001338,0.001337,0.001336,0.001348,0.001349,0.00135,0.001351,0.001352,0.001353,0.001354,0.001355,0.001356,0.001357,60476,769811,226753,921896,598232,31995,568196,215477,2806445,792372,691345,741432,1522896,157227,2096139,390680,806962,1282242,224755,1014418
269,0.001346,0.001344,0.001343,0.001342,0.001341,0.00134,0.001339,0.001338,0.001337,0.001336,0.001349,0.00135,0.001351,0.001352,0.001353,0.001354,0.001355,0.001356,0.001357,0.001358,941696,575965,1225209,578053,22068,217131,2599587,215477,773545,792372,229294,1251737,1341321,1905339,642878,820288,1075192,614432,1177090,2468597
270,0.001351,0.00135,0.001349,0.001348,0.001347,0.001346,0.001345,0.001344,0.001343,0.001342,0.001352,0.001353,0.001354,0.001355,0.001357,0.001358,0.001359,0.00136,0.001361,0.001362,104481,555555,625984,555555,347533,1493729,859632,581872,2234295,1333143,359442,154113,1176513,1181016,969114,2969217,604099,575438,207203,796142
271,0.001351,0.00135,0.001349,0.001348,0.001347,0.001346,0.001345,0.001344,0.001343,0.001342,0.001352,0.001353,0.001354,0.001355,0.001357,0.001358,0.001359,0.00136,0.001361,0.001362,104481,554938,625984,926176,667085,556999,22072,788309,2234295,1333143,257310,730109,1130520,1623001,721956,532555,603024,575438,454361,796142
272,0.00135,0.001349,0.001348,0.001347,0.001346,0.001345,0.001344,0.001343,0.001342,0.001341,0.001352,0.001353,0.001354,0.001355,0.001356,0.001357,0.001358,0.001359,0.00136,0.001361,555349,610690,555555,381332,2103598,22072,581872,206590,2811904,224822,257310,1286649,1248824,1630964,381332,559284,532555,603024,575438,454361
273,0.001346,0.001345,0.001344,0.001343,0.001342,0.001341,0.00134,0.001339,0.001338,0.001337,0.001348,0.001349,0.00135,0.001351,0.001352,0.001353,0.001354,0.001355,0.001356,0.001357,10996,88562,581872,376726,1223813,239928,239198,774633,2247622,223378,12620,861635,1188381,1578247,634036,1042895,586838,1185145,223598,559284
274,0.001346,0.001345,0.001344,0.001343,0.001342,0.001341,0.00134,0.001339,0.001338,0.001337,0.001347,0.001349,0.00135,0.001351,0.001352,0.001353,0.001354,0.001355,0.001356,0.001357,46106,75923,581872,1077223,1820015,17849,239198,1323978,2247622,223378,12620,631890,165895,1178655,1350641,1270091,586838,978326,223598,766487
275,0.001344,0.001343,0.001342,0.001341,0.00134,0.001339,0.001338,0.001337,0.001336,0.001335,0.001346,0.001348,0.001349,0.001351,0.001352,0.001353,0.001354,0.001355,0.001356,0.001357,5907,101406,962010,1076136,20514,788725,30493,784053,782511,4546869,549255,778991,1624234,1264542,267896,762706,794041,991400,234184,3043307
276,0.001345,0.001344,0.001343,0.001342,0.001341,0.00134,0.001339,0.001338,0.001337,0.001336,0.001349,0.001351,0.001352,0.001353,0.001354,0.001355,0.001356,0.001357,0.001358,0.001359,77995,1009270,631105,1157896,647469,20514,568196,215784,2816198,782511,566553,1136243,1233554,1042895,586838,991400,234184,766487,238525,212497
277,0.001346,0.001345,0.001344,0.001343,0.001342,0.001341,0.00134,0.001339,0.001338,0.001337,0.001349,0.00135,0.001351,0.001352,0.001353,0.001354,0.001355,0.001356,0.001357,0.001358,35110,77995,1207159,594251,915501,39843,20514,568196,215784,2816198,547904,231933,1114444,838712,1463613,586838,1478946,234184,766487,238525
278,0.001343,0.001342,0.001341,0.00134,0.001339,0.001338,0.001337,0.001336,0.001335,0.001334,0.001346,0.001347,0.001348,0.001349,0.00135,0.001351,0.001352,0.001353,0.001354,0.001355,176770,79708,907255,586803,1694767,8427,48443,782819,758117,2301221,177260,556999,896029,867976,565663,1270449,865779,762783,793888,600720
279,0.001347,0.001346,0.001344,0.001343,0.001342,0.001341,0.00134,0.001339,0.001338,0.001337,0.00135,0.001351,0.001352,0.001353,0.001354,0.001355,0.001356,0.001357,0.001358,0.001359,635713,29210,894537,863979,947753,1165115,227564,3147426,215939,233964,247505,591192,604605,1483441,1391126,1088266,625095,766487,238525,2464985
280,0.001347,0.001346,0.001345,0.001344,0.001343,0.001342,0.001341,0.00134,0.001339,0.001338,0.00135,0.001351,0.001352,0.001353,0.001354,0.001355,0.001356,0.001357,0.001358,0.001359,71112,679080,302080,1300507,929148,375561,575469,227564,1324437,2246576,221106,591192,604605,1425418,1339777,600720,1112641,766487,238525,2648039
281,0.001347,0.001346,0.001345,0.001344,0.001343,0.001342,0.001341,0.00134,0.001339,0.001338,0.00135,0.001351,0.001352,0.001353,0.001354,0.001355,0.001356,0.001357,0.001358,0.001359,227768,976365,735695,557828,837940,41389,575469,227564,1324437,4730869,261874,591192,565181,1064160,1097224,899557,1112641,766487,238525,2633945
282,0.001348,0.001347,0.001346,0.001345,0.001344,0.001343,0.001342,0.001341,0.00134,0.001339,0.001351,0.001352,0.001353,0.001354,0.001355,0.001356,0.001357,0.001358,0.001359,0.00136,570476,156656,916400,737030,1376581,330864,41389,782365,2128211,1324437,634620,448211,555349,1921140,1626088,418045,766487,238525,212497,928227
283,0.001352,0.001351,0.00135,0.001349,0.001348,0.001346,0.001345,0.001344,0.001343,0.001342,0.001354,0.001355,0.001356,0.001357,0.001358,0.001359,0.00136,0.001361,0.001362,0.001363,23388,276579,869271,780406,891347,1146635,228511,1317779,1987328,226137,586838,27527,190901,1909609,911898,18981,738110,453366,1170020,2639692
284,0.001352,0.001351,0.00135,0.001349,0.001348,0.001347,0.001346,0.001345,0.001344,0.001343,0.001354,0.001355,0.001356,0.001357,0.001358,0.001359,0.00136,0.001361,0.001362,0.001363,566606,390582,568392,1145831,1479186,22000,585383,215034,2478973,239787,567005,27527,190901,1425571,894955,506527,575438,453366,1170020,2639692
285,0.001352,0.001351,0.00135,0.001349,0.001348,0.001347,0.001346,0.001345,0.001344,0.001343,0.001354,0.001355,0.001356,0.001357,0.001358,0.001359,0.00136,0.001361,0.001362,0.001363,606724,177175,568392,10586,1479996,240472,585383,1880687,770478,787496,272130,207842,920106,559284,1414692,18981,575438,453366,1170020,2639692
286,0.001356,0.001355,0.001354,0.001353,0.001352,0.001351,0.00135,0.001349,0.001348,0.001347,0.001359,0.00136,0.001361,0.001362,0.001363,0.001364,0.001365,0.001366,0.001367,0.001368,552893,154722,554323,340125,1502059,262178,791571,1933834,776152,752290,172667,901247,1179659,1045374,2982280,240182,763277,418063,392602,3568319
287,0.001355,0.001354,0.001352,0.001351,0.00135,0.001349,0.001348,0.001347,0.001346,0.001345,0.001358,0.001359,0.00136,0.001361,0.001362,0.001363,0.001364,0.001365,0.001366,0.001367,300586,892829,937164,896915,1261112,10586,2660720,206208,1338079,214729,529645,1027058,552079,1641695,1045374,216347,230673,763201,403754,392602
288,0.001355,0.001354,0.001352,0.001351,0.00135,0.001349,0.001348,0.001347,0.001346,0.001345,0.001358,0.001359,0.00136,0.001361,0.001362,0.001363,0.001364,0.001365,0.001366,0.001367,80609,565943,1738082,20362,608125,216262,3206397,206208,791591,2758674,60576,282746,980370,1195015,1993231,216347,230900,763428,403754,392602
289,0.001354,0.001353,0.001352,0.001351,0.00135,0.001349,0.001348,0.001347,0.001346,0.001345,0.001357,0.001358,0.001359,0.00136,0.001361,0.001362,0.001363,0.001364,0.001365,0.001366,76103,100179,567154,603790,1580989,662719,570476,206208,3085899,214729,238175,967292,1031087,2195645,845128,557828,390680,230900,763428,218902
290,0.001353,0.001352,0.001351,0.00135,0.001349,0.001348,0.001347,0.001346,0.001345,0.001344,0.001356,0.001357,0.001358,0.001359,0.00136,0.001361,0.001362,0.001363,0.001364,0.001365,80703,905397,1163366,586122,620227,570476,206208,3085899,214729,770478,80328,215911,1101015,658388,776547,247158,557828,403754,214121,777737
291,0.001353,0.001352,0.001351,0.00135,0.001349,0.001348,0.001347,0.001346,0.001345,0.001344,0.001356,0.001357,0.001358,0.001359,0.00136,0.001361,0.001362,0.001363,0.001364,0.001365,625625,911878,1169065,586122,609641,570476,206208,3075313,214729,770478,552729,165039,552893,72897,2063389,247158,557828,403754,214121,777737
292,0.001354,0.001353,0.001352,0.001351,0.00135,0.001348,0.001347,0.001346,0.001345,0.001344,0.001356,0.001357,0.001358,0.001359,0.00136,0.001361,0.001362,0.001363,0.001364,0.001365,568578,591374,1155995,237710,1207420,570476,1790425,1327493,214729,770478,54577,165039,552893,72897,2208442,247158,557828,403754,214121,777737
293,0.001359,0.001358,0.001357,0.001356,0.001355,0.001354,0.001352,0.001351,0.00135,0.001349,0.001361,0.001363,0.001364,0.001365,0.001366,0.001367,0.001368,0.001369,0.00137,0.001371,566949,177673,561330,19694,1445718,239801,762017,770808,2204942,205980,195366,619515,906600,2094400,13074,405393,772286,595827,570070,31111
294,0.001355,0.001354,0.001353,0.001352,0.001351,0.00135,0.001348,0.001347,0.001346,0.001345,0.001358,0.001359,0.00136,0.001361,0.001363,0.001364,0.001365,0.001366,0.001367,0.001368,80636,646973,242683,813008,674204,607995,570476,752062,2809707,2530744,699856,616652,503543,893902,1371107,778721,763201,218221,401651,772286
295,0.001362,0.001361,0.00136,0.001359,0.001358,0.001357,0.001356,0.001355,0.001354,0.001353,0.001365,0.001366,0.001367,0.001368,0.001369,0.00137,0.001371,0.001372,0.001373,0.001374,570050,167951,562650,295225,1392719,216759,1199239,747929,2661246,205449,107653,78004,196504,839308,836438,3036806,31111,217619,4363943,218854
296,0.00136,0.001359,0.001358,0.001357,0.001356,0.001354,0.001353,0.001352,0.001351,0.00135,0.001363,0.001364,0.001365,0.001366,0.001367,0.001368,0.001369,0.00137,0.001371,0.001372,562650,259332,845891,226358,1049674,574514,749110,761188,2135705,2692306,58773,550055,792941,1304777,586792,1263584,204620,946441,31111,217544
297,0.001362,0.001361,0.00136,0.001359,0.001358,0.001356,0.001355,0.001354,0.001353,0.001352,0.001365,0.001366,0.001367,0.001368,0.001369,0.00137,0.001372,0.001373,0.001374,0.001375,559619,231290,562650,340742,1395168,552893,747779,2582804,205449,757728,169737,610070,367740,888433,605662,555761,13074,4366758,218854,764559
298,0.001364,0.001362,0.001361,0.00136,0.001359,0.001358,0.001357,0.001356,0.001355,0.001354,0.001367,0.001368,0.001369,0.00137,0.001371,0.001372,0.001373,0.001374,0.001375,0.001376,561005,555214,307037,783105,929562,1330527,2392456,757513,204921,226531,249672,559199,611630,1457165,591525,220713,563870,218629,776582,2366711
299,0.001364,0.001363,0.001362,0.001361,0.00136,0.001359,0.001358,0.001357,0.001356,0.001355,0.001367,0.001368,0.001369,0.00137,0.001372,0.001373,0.001374,0.001375,0.001376,0.001377,72467,98644,702113,367795,562650,1239000,606128,215112,1299971,2075809,166921,559199,367703,1561819,220713,954550,218629,776582,1976031,2551930
300,0.001366,0.001364,0.001363,0.001362,0.001361,0.00136,0.001359,0.001358,0.001357,0.001356,0.001368,0.001369,0.00137,0.001371,0.001372,0.001373,0.001374,0.001375,0.001376,0.001377,566527,549651,222149,925272,607590,1103512,217211,2317642,215112,204620,10553,248102,555761,348176,952727,563870,14309,963166,48506,2551930
301,0.001366,0.001364,0.001363,0.001362,0.001361,0.00136,0.001359,0.001358,0.001357,0.001356,0.00137,0.001371,0.001372,0.001373,0.001375,0.001376,0.001377,0.001378,0.001379,0.00138,621401,549651,357329,1585231,607590,562650,217211,2859301,215112,204620,555761,184673,1330510,563870,963166,48506,2551930,577534,204545,1183527
302,0.001368,0.001367,0.001366,0.001365,0.001364,0.001363,0.001362,0.001361,0.00136,0.001359,0.001371,0.001372,0.001373,0.001374,0.001375,0.001376,0.001377,0.001378,0.001379,0.00138,82474,282717,621401,542972,1109965,379214,1196579,811462,562650,217211,548045,973181,897243,936328,963166,577709,205071,577534,204545,1214638
303,0.001368,0.001367,0.001366,0.001365,0.001364,0.001363,0.001362,0.001361,0.00136,0.001359,0.001371,0.001373,0.001374,0.001375,0.001376,0.001377,0.001378,0.001379,0.00138,0.001381,82474,282717,621401,216219,549651,21885,555214,203872,766373,2469083,504722,563870,219569,963166,17395,205071,577534,204545,235207,3568795
304,0.001373,0.001372,0.001371,0.00137,0.001368,0.001367,0.001366,0.001365,0.001364,0.001363,0.001376,0.001377,0.001378,0.001379,0.00138,0.001381,0.001382,0.001383,0.001384,0.001385,250915,557057,378072,1114383,1446559,20708,769657,742233,2337763,203352,646095,319794,563225,620930,1010632,767386,390680,3066563,216797,1364136
305,0.001372,0.001371,0.00137,0.001369,0.001368,0.001367,0.001366,0.001365,0.001364,0.001363,0.001375,0.001376,0.001377,0.001378,0.00138,0.001381,0.001382,0.001383,0.001384,0.001385,500774,316695,547645,216507,887211,672615,566527,742233,2337763,203352,214671,646095,1262367,1487047,31111,767386,390680,783060,2414073,279235
