timestamp,bid_price_0,bid_price_1,bid_price_2,bid_price_3,bid_price_4,bid_price_5,bid_price_6,bid_price_7,bid_price_8,bid_price_9,ask_price_0,ask_price_1,ask_price_2,ask_price_3,ask_price_4,ask_price_5,ask_price_6,ask_price_7,ask_price_8,ask_price_9,bid_size_0,bid_size_1,bid_size_2,bid_size_3,bid_size_4,bid_size_5,bid_size_6,bid_size_7,bid_size_8,bid_size_9,ask_size_0,ask_size_1,ask_size_2,ask_size_3,ask_size_4,ask_size_5,ask_size_6,ask_size_7,ask_size_8,ask_size_9
0,0.001359,0.001357,0.001356,0.001355,0.001354,0.001353,0.001352,0.001351,0.00135,0.001349,0.001362,0.001363,0.001364,0.001365,0.001366,0.001367,0.001369,0.00137,0.001371,0.001372,1048737,222800,2806085,842002,529242,2565155,205222,1330804,273622,759409,46887,214501,1231498,1347001,2116299,23417,548847,204921,725779,3330767
1,0.001361,0.00136,0.001359,0.001358,0.001357,0.001356,0.001355,0.001354,0.001353,0.001352,0.001364,0.001365,0.001366,0.001367,0.001369,0.001371,0.001372,0.001373,0.001374,0.001375,613873,164674,551673,218128,1398756,1783164,204921,213442,2565155,757260,757703,1398353,1098116,2046598,1369798,725779,204770,781359,205222,225348
2,0.001361,0.00136,0.001359,0.001358,0.001356,0.001355,0.001354,0.001353,0.001352,0.001351,0.001363,0.001364,0.001366,0.001367,0.001369,0.00137,0.001371,0.001372,0.001373,0.001374,45724,782950,913136,771179,941157,226404,2224020,758985,757260,778358,149387,500458,549450,407170,548847,204770,3392292,204770,781359,205222
3,0.001368,0.001367,0.001366,0.001365,0.001364,0.001363,0.001362,0.001361,0.00136,0.001359,0.00137,0.001371,0.001372,0.001373,0.001374,0.001375,0.001376,0.001377,0.001378,0.001379,567603,196025,695505,12454,1052563,814890,790721,204021,1691321,2211983,207595,1050555,814890,1065754,1317800,5907,570288,3084700,204770,756284
4,0.001369,0.001368,0.001367,0.001366,0.001365,0.001364,0.001363,0.001362,0.001361,0.00136,0.001371,0.001372,0.001373,0.001374,0.001375,0.001376,0.001378,0.001379,0.00138,0.001381,123831,567603,190262,1141589,893744,1803490,1272920,2547758,752408,811583,7097,226490,1810636,593983,1265143,1236194,203575,756284,1818821,3275025
5,0.001368,0.001367,0.001366,0.001365,0.001364,0.001363,0.001362,0.001361,0.00136,0.001359,0.00137,0.001371,0.001372,0.001373,0.001374,0.001375,0.001376,0.001378,0.001379,0.00138,10996,453512,557603,12454,549651,922149,1412287,204021,2803660,759496,154343,1815080,1213075,1139147,845909,5907,570288,203575,756284,1818821
6,0.001365,0.001364,0.001362,0.001361,0.00136,0.001359,0.001358,0.001357,0.001356,0.001355,0.001367,0.001368,0.001369,0.00137,0.001371,0.001373,0.001375,0.001376,0.001378,0.001379,237700,607047,556710,1293369,2549897,210227,3965928,204770,757513,204921,12454,151256,1081335,1640429,1841218,562844,209928,583354,203575,756284
7,0.001366,0.001365,0.001364,0.001363,0.001362,0.00136,0.001359,0.001358,0.001357,0.001356,0.001369,0.00137,0.001372,0.001373,0.001374,0.001375,0.001376,0.001378,0.001379,0.00138,548847,497514,2373345,1202140,1295519,2496528,759421,2080331,752015,204620,7097,595170,1861377,8521,2283649,5907,570288,203723,769127,1805755
8,0.001371,0.00137,0.001369,0.001368,0.001367,0.001366,0.001365,0.001364,0.001363,0.001362,0.001374,0.001375,0.001376,0.001377,0.001378,0.001379,0.00138,0.001381,0.001382,0.001383,117557,1243197,853308,1736529,667964,956297,203278,3529981,2737053,760582,4224,545652,1195263,1059877,644547,1736603,528018,785619,2251026,938281
9,0.001364,0.001363,0.001362,0.001361,0.00136,0.001359,0.001358,0.001357,0.001356,0.001355,0.001368,0.001369,0.00137,0.001371,0.001373,0.001374,0.001375,0.001376,0.001377,0.001378,587440,166178,730672,582788,1357321,573054,221201,2190332,750023,550816,1250791,1339281,1280149,1203437,546050,203947,539842,436960,508726,203501
10,0.001356,0.001355,0.001354,0.001353,0.001352,0.001351,0.00135,0.001349,0.001348,0.001347,0.001359,0.001361,0.001362,0.001364,0.001365,0.001366,0.001367,0.001368,0.001369,0.00137,208929,1259677,1299207,1869475,21477,1106398,2243881,2219187,754270,2606565,552079,211223,550863,2063344,752896,549048,228413,548245,204845,217836
11,0.00136,0.001359,0.001358,0.001357,0.001356,0.001355,0.001354,0.001353,0.001352,0.001351,0.001361,0.001362,0.001363,0.001364,0.001365,0.001366,0.001367,0.001368,0.001369,0.00137,1261187,2045759,1224185,568329,924546,559749,8521,1489105,226738,2760572,32696,537230,163325,550055,224318,549048,23417,1793982,204845,217836
12,0.001362,0.001361,0.00136,0.001359,0.001358,0.001357,0.001356,0.001355,0.001354,0.001353,0.001364,0.001365,0.001366,0.001367,0.001368,0.001369,0.00137,0.001371,0.001372,0.001373,46617,1384386,1808141,1442169,908840,568125,939217,559952,213442,5103349,10996,62860,82904,575699,215243,1406835,204470,718560,204245,772332
13,0.001363,0.001362,0.001361,0.00136,0.001359,0.001357,0.001356,0.001355,0.001354,0.001353,0.001366,0.001367,0.001368,0.001369,0.00137,0.001371,0.001372,0.001373,0.001374,0.001375,49818,289935,745823,896409,1365123,808367,1774381,764722,2198562,752766,52587,575699,487741,1298354,1299544,515725,204245,226282,203947,760933
14,0.001363,0.001362,0.001361,0.00136,0.001359,0.001358,0.001357,0.001356,0.001355,0.001354,0.001365,0.001366,0.001367,0.001368,0.001369,0.00137,0.001371,0.001372,0.001373,0.001374,19949,289935,745823,947620,1768118,21378,568125,939222,764722,2198562,7097,147208,575699,1229071,1229071,487741,515725,204245,226282,203947
15,0.001363,0.001362,0.001361,0.00136,0.001359,0.001358,0.001357,0.001356,0.001355,0.001354,0.001365,0.001366,0.001367,0.001369,0.00137,0.001371,0.001372,0.001373,0.001374,0.001375,8471,58915,608789,554552,2020332,555449,589503,388813,1315764,2220109,164531,122927,1982245,1700182,204470,515725,204245,226282,203947,3495675
16,0.001361,0.00136,0.001359,0.001358,0.001357,0.001356,0.001355,0.001354,0.001353,0.001352,0.001364,0.001365,0.001366,0.001367,0.001368,0.001369,0.00137,0.001371,0.001372,0.001373,550660,393581,1609798,1028858,1140801,21373,948887,764513,2716704,205071,10996,601039,581593,692384,1131043,213990,204845,720495,2532908,226432
17,0.001361,0.00136,0.001359,0.001358,0.001357,0.001355,0.001354,0.001353,0.001352,0.001351,0.001364,0.001365,0.001366,0.001367,0.001368,0.00137,0.001371,0.001373,0.001374,0.001375,551065,309312,863092,979592,791578,970259,764739,752766,2167849,758873,48974,601039,778424,1353001,1902451,204845,720495,226432,203947,210677
18,0.001363,0.001362,0.001361,0.00136,0.001359,0.001358,0.001357,0.001356,0.001355,0.001354,0.001365,0.001367,0.001368,0.001369,0.00137,0.001371,0.001373,0.001374,0.001375,0.001376,635051,2028108,2101918,4750,1913115,948890,772670,2188120,764647,213517,22672,101686,549450,610004,1363883,515725,226432,203947,761135,235412
19,0.001365,0.001364,0.001363,0.001362,0.001361,0.00136,0.001359,0.001358,0.001357,0.001356,0.001368,0.001369,0.00137,0.001371,0.001373,0.001375,0.001376,0.001377,0.001378,0.001379,527629,178828,1155923,2420619,2046712,776008,759707,2223046,772670,204695,48828,125639,59070,1814056,1323430,760536,2942486,1480422,203501,754323
20,0.001369,0.001368,0.001367,0.001366,0.001365,0.001364,0.001363,0.001362,0.001361,0.00136,0.001371,0.001372,0.001373,0.001374,0.001375,0.001376,0.001377,0.001378,0.001379,0.00138,547645,197083,732784,163951,990618,1581185,1516438,1650270,1347636,208921,10996,104435,1926609,772411,1999628,17395,3595569,203501,754323,520485
21,0.001373,0.001372,0.001371,0.00137,0.001369,0.001368,0.001367,0.001366,0.001365,0.001364,0.001375,0.001376,0.001377,0.001378,0.001379,0.00138,0.001381,0.001382,0.001383,0.001384,544860,149302,500173,544812,2249459,712485,796274,203278,2742566,758980,10996,703494,695825,621885,2581203,316314,19607,2549389,787233,202687
22,0.001373,0.001372,0.001371,0.00137,0.001369,0.001368,0.001367,0.001366,0.001365,0.001364,0.001375,0.001377,0.001378,0.001379,0.00138,0.001381,0.001382,0.001383,0.001384,0.001385,595393,179199,941447,1369220,1466238,723849,1817597,3079860,752675,211799,17249,1370122,662214,1249633,538531,19607,202687,3190954,215753,1536885
23,0.001378,0.001377,0.001376,0.001375,0.001374,0.001373,0.001372,0.001371,0.00137,0.001369,0.001381,0.001382,0.001383,0.001384,0.001385,0.001386,0.001387,0.001388,0.001389,0.00139,108779,604438,180542,980442,1580046,2541675,662839,1565254,747178,2734881,765751,792401,1263038,667422,57282,930943,237906,1157295,4043895,1649108
24,0.001376,0.001375,0.001374,0.001373,0.001372,0.001371,0.00137,0.001369,0.001368,0.001367,0.001379,0.00138,0.001381,0.001382,0.001383,0.001385,0.001386,0.001387,0.001388,0.001389,62023,544860,261531,880374,729210,1278056,21401,1155745,203056,1320498,599476,653445,2171274,1179254,756046,259969,546249,8301,201954,3840617
25,0.001374,0.001373,0.001372,0.001371,0.00137,0.001369,0.001368,0.001367,0.001366,0.001365,0.001377,0.001378,0.001379,0.00138,0.001381,0.001382,0.001383,0.001384,0.001385,0.001386,320901,892768,736051,1458526,1384172,932926,203056,2560778,749141,751863,54714,244027,606928,1334502,2029168,1216728,20928,672264,259602,546249
26,0.001379,0.001378,0.001377,0.001376,0.001375,0.001373,0.001372,0.001371,0.00137,0.001369,0.001381,0.001382,0.001383,0.001385,0.001386,0.001387,0.001389,0.00139,0.001391,0.001392,673594,549433,1917689,657541,1607828,875304,2826761,726107,202835,547645,64586,46687,627488,707808,1203790,1942569,2039140,1662174,208080,933355
27,0.001378,0.001377,0.001376,0.001375,0.001374,0.001373,0.001372,0.001371,0.00137,0.001369,0.001381,0.001383,0.001384,0.001385,0.001386,0.001387,0.001388,0.001389,0.00139,0.001391,474882,833164,894653,2556728,840442,2626483,683547,523714,202687,2533354,306636,564603,1481184,721640,13066,553557,216392,1495071,1649108,752940
28,0.001382,0.001381,0.00138,0.001379,0.001378,0.001377,0.001376,0.001375,0.001374,0.001373,0.001384,0.001385,0.001386,0.001387,0.001388,0.001389,0.00139,0.001391,0.001392,0.001393,66511,608345,201050,763051,959147,1280803,863080,946589,745299,2775985,42,549532,1983908,1208200,654156,1292015,1662174,752940,373880,2514121
29,0.001386,0.001385,0.001384,0.001383,0.001382,0.001381,0.00138,0.001379,0.001378,0.001377,0.00139,0.001391,0.001392,0.001393,0.001394,0.001396,0.001397,0.001398,0.001399,0.0014,52780,595866,161759,945752,1358558,1671344,902587,543281,2796574,745658,1590722,1899480,1518360,1928180,773629,902282,1966231,7202637,108457,343544
30,0.001387,0.001386,0.001385,0.001384,0.001383,0.001382,0.001381,0.00138,0.001379,0.001378,0.001391,0.001392,0.001393,0.001394,0.001396,0.001397,0.001398,0.001399,0.0014,0.001401,61782,235170,607047,163522,547814,733941,945203,201371,3055917,282979,967834,8521,1487804,26319,876066,1519503,3911594,309393,363151,5988460
31,0.001383,0.001382,0.001381,0.00138,0.001379,0.001378,0.001377,0.001376,0.001375,0.001374,0.001385,0.001386,0.001387,0.001388,0.001389,0.00139,0.001391,0.001392,0.001394,0.001395,69279,197018,542495,332972,1921758,1415760,565214,218984,3272179,202100,10996,633506,737418,1371313,737418,210516,530890,21587,40538,200936
32,0.001388,0.001386,0.001385,0.001384,0.001383,0.001382,0.001381,0.00138,0.001379,0.001378,0.001391,0.001392,0.001393,0.001394,0.001395,0.001396,0.001397,0.001398,0.001399,0.0014,732200,540735,377211,1508433,727886,1535157,1464684,201153,2715841,283124,119201,74443,721979,40538,793389,718003,4031524,36363,206843,363151
33,0.001392,0.001391,0.00139,0.001389,0.001388,0.001387,0.001386,0.001385,0.001384,0.001383,0.001395,0.001396,0.001397,0.001398,0.001399,0.0014,0.001401,0.001402,0.001403,0.001404,67118,38474,538986,297519,1503291,1416177,1305155,556167,1644606,214931,211022,164565,1520005,1472506,805000,342677,1683656,223676,380669,5958930
34,0.001392,0.001391,0.00139,0.001389,0.001388,0.001387,0.001386,0.001385,0.001384,0.001383,0.001395,0.001396,0.001397,0.001398,0.001399,0.0014,0.001401,0.001402,0.001403,0.001404,49500,79164,601132,370133,1308936,791830,540151,2540049,1123256,1735716,115297,93255,1423041,829014,5907,1327935,1476608,236742,380669,5958930
35,0.001393,0.001392,0.001391,0.00139,0.001388,0.001387,0.001386,0.001385,0.001384,0.001383,0.001395,0.001396,0.001397,0.001398,0.001399,0.0014,0.001401,0.001402,0.001403,0.001405,51967,49500,237226,750991,1308936,791830,540151,2540049,1123256,4243244,35526,482109,1418634,849829,681050,357184,1276177,236742,380669,200431
36,0.001394,0.001393,0.001392,0.001391,0.00139,0.001389,0.001388,0.001387,0.001386,0.001385,0.001397,0.001398,0.001399,0.0014,0.001401,0.001402,0.001403,0.001404,0.001405,0.001406,43295,98038,586941,231229,2004089,706180,1308936,1150527,740438,1771041,281619,86701,1229975,1623190,1276177,235806,179733,199928,2324360,251221
37,0.001376,0.001375,0.001374,0.001373,0.001372,0.001371,0.00137,0.001369,0.001368,0.001367,0.001379,0.00138,0.001381,0.001383,0.001384,0.001385,0.001386,0.001387,0.001389,0.00139,159392,1124131,2628179,1256638,566313,1278962,202540,547445,213462,2577601,10996,106540,609209,945289,722622,727870,2550309,217349,203130,217493
38,0.001374,0.001373,0.001372,0.001371,0.00137,0.001369,0.001368,0.001367,0.001366,0.001365,0.001376,0.001377,0.001378,0.001379,0.001381,0.001382,0.001383,0.001384,0.001385,0.001386,559950,741882,1431046,1418073,774241,1222839,10553,571462,2752890,772223,80637,17604,53521,41247,545256,597744,1274735,800708,958187,542409
39,0.001372,0.001371,0.00137,0.001369,0.001368,0.001367,0.001366,0.001365,0.001364,0.001363,0.001375,0.001376,0.001377,0.001378,0.00138,0.001381,0.001382,0.001383,0.001384,0.001385,388028,1240831,174522,1241625,10553,571462,221120,772255,211430,2546183,10996,37894,107944,16750,433252,766365,203056,1472427,930991,219749
40,0.001366,0.001365,0.001364,0.001363,0.001362,0.001361,0.00136,0.001359,0.001358,0.001357,0.001369,0.00137,0.001372,0.001373,0.001374,0.001375,0.001376,0.001377,0.001378,0.001379,650065,166255,1220137,1001503,1022617,220148,11110,547032,17626,203426,10996,401843,546846,1045013,381976,5907,705361,230934,547445,203426
41,0.001365,0.001364,0.001363,0.001362,0.001361,0.00136,0.001359,0.001358,0.001357,0.001356,0.001369,0.00137,0.001371,0.001372,0.001373,0.001374,0.001375,0.001376,0.001377,0.001378,167246,1059791,734968,1240237,741114,1193120,547032,17626,203426,744551,32342,401843,163234,1756998,726530,381976,210003,17395,230934,547445
42,0.001368,0.001367,0.001366,0.001365,0.001364,0.001363,0.001362,0.001361,0.00136,0.001359,0.001371,0.001372,0.001373,0.001375,0.001376,0.001377,0.001378,0.001379,0.00138,0.001381,12426,1303304,1006971,1330024,873637,549853,840548,1061914,215206,751577,209147,154619,105244,555558,1925604,760957,204545,1056024,365950,1276177
43,0.001368,0.001366,0.001365,0.001364,0.001363,0.001362,0.001361,0.00136,0.001359,0.001358,0.001369,0.00137,0.001372,0.001373,0.001374,0.001375,0.001376,0.001377,0.001378,0.001379,9187,53978,549048,312223,1247988,968816,998704,1254157,771987,221946,145448,663108,1703520,1317990,13066,1334743,17395,217868,204545,203426
44,0.001363,0.001362,0.001361,0.00136,0.001359,0.001358,0.001357,0.001356,0.001355,0.001354,0.001367,0.001368,0.001369,0.00137,0.001372,0.001373,0.001374,0.001375,0.001376,0.001377,547645,163771,548646,1055189,1054923,38655,204470,744551,203426,5179915,870421,315381,2437154,2392890,799042,237922,203723,555558,17395,14219
45,0.00136,0.001359,0.001358,0.001357,0.001356,0.001354,0.001353,0.001352,0.001351,0.00135,0.001363,0.001364,0.001365,0.001366,0.001367,0.001368,0.001369,0.00137,0.001371,0.001372,11110,547032,475659,911767,1387450,213141,744848,2874467,2230217,781334,7287,235745,162812,2322644,1473277,224560,547645,13066,204620,2931776
46,0.001366,0.001365,0.001364,0.001363,0.001362,0.001361,0.00136,0.001359,0.001358,0.001357,0.00137,0.001372,0.001373,0.001374,0.001375,0.001376,0.001377,0.001378,0.001379,0.00138,1380616,1792800,407484,1388148,870686,550863,215131,751877,222471,2206526,613795,484980,1140430,230750,1099179,236535,203947,2283556,203426,365950
47,0.001364,0.001363,0.001362,0.001361,0.00136,0.001359,0.001358,0.001357,0.001356,0.001355,0.001367,0.001368,0.001369,0.00137,0.001371,0.001372,0.001373,0.001374,0.001375,0.001376,12463,521293,164433,1022881,1302289,1763001,17626,204845,745970,2207826,29252,144612,697026,1819926,542409,807406,8521,217162,556770,236535
48,0.001358,0.001357,0.001356,0.001354,0.001353,0.001351,0.00135,0.001349,0.001348,0.001347,0.001361,0.001362,0.001363,0.001364,0.001365,0.001367,0.001368,0.001369,0.00137,0.001372,17626,223224,541125,559535,4292863,220377,781635,204620,2218381,746046,28549,1101877,1295798,1254299,1793022,220321,13066,224343,542063,204470
49,0.00136,0.001359,0.001358,0.001357,0.001356,0.001355,0.001354,0.001353,0.001352,0.001351,0.001364,0.001367,0.001368,0.001369,0.00137,0.001372,0.001373,0.001374,0.001375,0.001376,652352,671726,2079818,1297313,562144,929106,859234,1135332,2009765,220377,666301,1263148,1889796,704869,540910,204770,213442,204096,224596,222316
50,0.001353,0.001352,0.001351,0.00135,0.001349,0.001348,0.001347,0.001346,0.001345,0.001344,0.001356,0.001357,0.001359,0.00136,0.001361,0.001362,0.001363,0.001364,0.001365,0.001366,156641,1253322,1443126,2004092,1062008,454687,952333,205980,2512927,759299,62189,561916,194447,1434251,552079,219632,761303,559181,205524,205147
51,0.001349,0.001348,0.001347,0.001346,0.001345,0.001344,0.001343,0.001342,0.001341,0.00134,0.001352,0.001353,0.001355,0.001356,0.001357,0.001358,0.001359,0.00136,0.001361,0.001362,650457,313945,1817055,1322796,681866,1329795,626675,658102,327397,1098955,32383,616911,194447,1238386,780388,38753,212039,206513,555144,206132
52,0.00136,0.001358,0.001357,0.001356,0.001355,0.001354,0.001353,0.001352,0.001351,0.00135,0.001363,0.001364,0.001365,0.001366,0.001367,0.001368,0.001369,0.00137,0.001372,0.001373,552282,958691,1994167,1291418,772789,1219713,1091993,205449,2776470,231195,186182,146187,60741,514194,1817925,1515622,238747,218213,204770,213970
53,0.001355,0.001354,0.001353,0.001352,0.001351,0.00135,0.001349,0.001348,0.001347,0.001346,0.001359,0.00136,0.001361,0.001362,0.001364,0.001365,0.001366,0.001367,0.001369,0.00137,551673,173195,551673,664929,1382238,248154,1939722,1547181,2603954,2777385,374396,533285,1838255,1280031,229788,205071,205071,575699,238747,205147
54,0.001354,0.001353,0.001352,0.001351,0.00135,0.001349,0.001348,0.001347,0.001346,0.001345,0.001357,0.001358,0.001359,0.00136,0.001361,0.001363,0.001364,0.001366,0.001367,0.001368,280696,702127,186309,1202192,1077801,786062,206360,1232590,760215,2235258,56829,1074861,1225492,577636,1515405,13066,2602023,205071,575699,206360
55,0.001357,0.001356,0.001355,0.001354,0.001353,0.001352,0.001351,0.00135,0.001349,0.001348,0.001361,0.001363,0.001364,0.001366,0.001367,0.001368,0.001369,0.00137,0.001371,0.001372,649896,442985,2070388,1531395,1050013,744025,765982,538368,2555600,206360,570822,306424,1800641,13066,584571,220579,2695401,205147,758018,204770
56,0.001359,0.001358,0.001357,0.001356,0.001355,0.001354,0.001353,0.001352,0.001351,0.00135,0.001363,0.001364,0.001366,0.001367,0.001368,0.001369,0.00137,0.001371,0.001372,0.001373,564385,825042,1323960,609566,1364463,760726,1305504,205373,765982,230815,42461,645353,547223,1806865,8872,204921,218213,771016,204770,213970
57,0.001359,0.001358,0.001357,0.001356,0.001355,0.001354,0.001353,0.001352,0.001351,0.00135,0.001363,0.001364,0.001366,0.001367,0.001369,0.00137,0.001371,0.001372,0.001373,0.001374,12509,58322,543908,222477,1395618,693135,1305504,743646,765982,2242056,153214,2146522,1262440,575699,204921,218213,771016,2492588,213970,205449
58,0.001353,0.001352,0.001351,0.00135,0.001349,0.001348,0.001347,0.001346,0.001345,0.001344,0.001355,0.001357,0.001358,0.001359,0.00136,0.001361,0.001362,0.001363,0.001364,0.001365,554118,112981,560230,193318,1312724,1243502,1853827,760215,213517,766727,12564,473481,1320232,674973,81909,551065,8872,218742,560397,14219
59,0.001353,0.001352,0.001351,0.00135,0.001349,0.001348,0.001347,0.001346,0.001345,0.001344,0.001356,0.001357,0.001358,0.001359,0.00136,0.001361,0.001362,0.001363,0.001364,0.001365,554118,175435,1013978,1168159,784376,450779,1074781,760215,754591,766727,10996,12564,550495,683845,1394265,551065,844265,218742,766453,14219
60,0.001359,0.001358,0.001357,0.001355,0.001353,0.001352,0.001351,0.00135,0.001349,0.001348,0.001362,0.001364,0.001366,0.001367,0.001369,0.00137,0.001371,0.001372,0.001373,0.001374,551470,396943,1326392,1881518,1603864,205980,1805944,231043,2761580,205980,10996,560397,463095,1616801,219140,218213,757203,1480947,213970,205449
61,0.001358,0.001357,0.001356,0.001355,0.001354,0.001353,0.001352,0.001351,0.00135,0.001349,0.001361,0.001362,0.001363,0.001364,0.001365,0.001366,0.001367,0.001368,0.001369,0.00137,12518,552282,2949852,1164967,1052310,882380,538273,1805944,231043,2761580,45862,10198,403427,1651059,1052517,90781,577535,205147,219140,2135515
62,0.001363,0.001362,0.001361,0.001359,0.001358,0.001357,0.001356,0.001355,0.001354,0.001353,0.001366,0.001367,0.001368,0.001369,0.00137,0.001371,0.001372,0.001373,0.001374,0.001375,550256,4197,551673,551673,641031,1355290,510606,1296012,2219825,759340,65811,1740917,1385602,802288,8872,552282,204770,2911422,205449,793386
63,0.001364,0.001363,0.001362,0.001361,0.00136,0.001359,0.001358,0.001357,0.001356,0.001355,0.001367,0.001368,0.001369,0.00137,0.001371,0.001373,0.001374,0.001375,0.001376,0.001377,12463,549853,7897,856115,482429,1361403,221871,756527,741455,2763544,619145,1042158,1344955,8872,1416462,8521,204096,3012042,1498794,195345
64,0.001362,0.001361,0.001359,0.001358,0.001357,0.001356,0.001355,0.001354,0.001353,0.001352,0.001365,0.001366,0.001367,0.001368,0.00137,0.001371,0.001373,0.001374,0.001375,0.001376,20369,551673,773208,322701,1424239,204770,758931,751221,2764296,204245,101143,1380013,845871,1394919,8872,634191,8521,204096,3012042,1498794
65,0.00136,0.001359,0.001358,0.001357,0.001356,0.001355,0.001354,0.001353,0.001352,0.001351,0.001363,0.001364,0.001365,0.001366,0.001367,0.001368,0.00137,0.001371,0.001373,0.001374,66910,522382,2963134,1993538,450885,881108,213743,1296089,204245,4021067,71443,451449,1819538,1424679,8872,1432721,204545,552282,213066,767015
66,0.00136,0.001359,0.001358,0.001357,0.001356,0.001355,0.001354,0.001353,0.001352,0.001351,0.001363,0.001364,0.001365,0.001366,0.001368,0.00137,0.001371,0.001373,0.001374,0.001375,12500,982970,2963134,1986578,558227,859566,213743,758214,204245,4021067,113447,11703,558258,1715050,630957,213417,552282,213066,767015,2813282
67,0.001365,0.001364,0.001363,0.001362,0.001361,0.001359,0.001358,0.001357,0.001356,0.001355,0.001368,0.00137,0.001371,0.001372,0.001373,0.001374,0.001375,0.001376,0.001377,0.001378,610216,12463,955056,1248876,1519431,726478,758442,757203,2002414,553709,187398,30826,936047,1034106,1086169,835709,706635,222617,387200,768624
68,0.001363,0.001361,0.00136,0.001359,0.001358,0.001357,0.001356,0.001355,0.001354,0.001353,0.001366,0.001367,0.001368,0.001369,0.00137,0.001371,0.001372,0.001373,0.001374,0.001375,413547,550863,652275,1211568,755086,756752,740856,553709,213743,5220040,68540,174789,978605,1114124,1303995,634191,643136,212692,753800,1486554
69,0.001365,0.001364,0.001363,0.001362,0.001361,0.00136,0.001359,0.001358,0.001357,0.001356,0.001368,0.001369,0.00137,0.001371,0.001373,0.001374,0.001375,0.001376,0.001377,0.001378,549450,18779,413547,657176,1569966,21554,522382,222021,756752,2744735,694433,434622,1378129,1784208,8521,753800,1486554,772268,387200,3257297
70,0.001368,0.001367,0.001366,0.001364,0.001363,0.001362,0.001361,0.00136,0.001359,0.001358,0.001371,0.001372,0.001373,0.001374,0.001375,0.001376,0.001377,0.001378,0.001379,0.00138,548245,12435,549048,1861671,1552469,203947,1289523,204245,2523332,221797,146014,588280,8521,1816360,1322005,99304,934701,2705462,2044517,2454973
71,0.001368,0.001367,0.001366,0.001365,0.001364,0.001363,0.001362,0.001361,0.00136,0.001359,0.001372,0.001373,0.001374,0.001375,0.001376,0.001377,0.001378,0.001379,0.00138,0.001381,679327,61516,1187740,658852,959509,528377,738193,2752839,204245,726105,684450,8521,960151,1131980,1213898,568454,13066,2044517,203947,2510841
72,0.001373,0.001371,0.001369,0.001368,0.001367,0.001366,0.001365,0.001364,0.001363,0.001362,0.001376,0.001377,0.001378,0.001379,0.00138,0.001382,0.001383,0.001384,0.001385,0.001386,547445,547445,1731837,1707296,226252,751883,745732,2551109,203798,203872,10996,218506,1763114,1735450,1213466,1769484,218077,2604808,17282,216715
73,0.001377,0.001375,0.001373,0.001372,0.001371,0.00137,0.001369,0.001368,0.001367,0.001366,0.001381,0.001382,0.001383,0.001384,0.001385,0.001386,0.001387,0.001388,0.001389,0.00139,544069,545058,776218,495311,1758220,202247,743040,751027,2213402,751883,1251165,1014956,820045,806611,17282,1491490,3482020,686117,2536840,4216540
74,0.001374,0.001373,0.001372,0.00137,0.001368,0.001367,0.001366,0.001365,0.001364,0.001363,0.001377,0.001378,0.001379,0.00138,0.001381,0.001383,0.001384,0.001385,0.001386,0.001387,58421,58970,605418,546448,1875376,610425,1294013,896898,2972814,202540,459727,714137,544464,697206,543675,714564,556741,439344,1276177,202614
75,0.001372,0.00137,0.001369,0.001368,0.001367,0.001366,0.001365,0.001364,0.001363,0.001362,0.001376,0.001377,0.001378,0.001379,0.00138,0.001381,0.001383,0.001384,0.001385,0.001386,730595,929344,216547,1240953,226695,752326,744623,2752851,202540,202761,701620,71064,715772,1220242,724370,758279,221386,543675,219822,1276177
76,0.001377,0.001376,0.001375,0.001374,0.001373,0.001372,0.001371,0.00137,0.001369,0.001368,0.00138,0.001381,0.001383,0.001384,0.001385,0.001386,0.001387,0.001388,0.001389,0.00139,70940,701763,949183,1829936,1052875,567888,742767,1422967,203056,2529453,127154,543675,14428,213990,1859606,1902391,215680,490639,749500,3671878
77,0.001387,0.001386,0.001385,0.001384,0.001383,0.001382,0.001381,0.00138,0.001379,0.001378,0.001391,0.001392,0.001393,0.001394,0.001395,0.001396,0.001397,0.001398,0.001399,0.0014,56519,541125,191258,1381098,846895,1498663,645325,201298,962998,2709747,577310,553381,4551111,161384,1424525,639316,4642558,2301608,208080,1135767
78,0.001376,0.001375,0.001374,0.001373,0.001372,0.001371,0.00137,0.001369,0.001368,0.001367,0.001379,0.00138,0.001381,0.001382,0.001383,0.001384,0.001385,0.001386,0.001387,0.001388,558715,191351,796535,1009326,567890,777811,964103,741653,2529453,224788,10996,71808,1048688,449186,786269,1283999,541320,211517,202100,540735
79,0.001373,0.001372,0.001371,0.00137,0.001369,0.001368,0.001367,0.001366,0.001365,0.001364,0.001375,0.001376,0.001377,0.001378,0.001379,0.001381,0.001382,0.001383,0.001384,0.001385,6362,543478,163115,790719,843683,1526465,44847,1292835,2228555,761228,48689,545058,166620,487578,1692170,214630,624703,208668,202173,571668
80,0.001382,0.001381,0.00138,0.001379,0.001378,0.001377,0.001376,0.001375,0.001374,0.001373,0.001384,0.001387,0.001388,0.001389,0.00139,0.001391,0.001392,0.001393,0.001394,0.001395,542103,628661,1233287,1092210,1727530,402129,562255,966931,545851,208682,10996,103925,96553,1231026,703979,1153580,2789462,202247,362392,2697167
81,0.001384,0.001383,0.001382,0.001381,0.00138,0.001379,0.001378,0.001377,0.001376,0.001375,0.001387,0.001388,0.001389,0.00139,0.001391,0.001392,0.001393,0.001394,0.001395,0.001396,541516,165909,555809,408751,1919474,21454,1528948,582339,763771,2183318,156346,16560,158973,1002469,1190190,552196,202247,218179,233933,311151
82,0.001384,0.001383,0.001382,0.001381,0.00138,0.001379,0.001378,0.001377,0.001376,0.001375,0.001387,0.001388,0.001389,0.00139,0.001391,0.001392,0.001393,0.001394,0.001395,0.001396,541516,252242,803851,402413,1135832,699273,543872,201662,1301521,207642,193574,16560,777819,891125,472714,552196,202247,218179,233933,311151
83,0.001384,0.001383,0.001382,0.001381,0.00138,0.001379,0.001378,0.001377,0.001376,0.001375,0.001388,0.001389,0.00139,0.001391,0.001392,0.001394,0.001395,0.001396,0.001397,0.001398,541907,161935,760482,877679,2290918,1182500,1188127,201808,2537218,207642,165310,132466,317586,939585,1156883,218179,2144804,233358,212288,578270
84,0.001386,0.001385,0.001384,0.001383,0.001382,0.00138,0.001379,0.001378,0.001377,0.001376,0.00139,0.001391,0.001392,0.001393,0.001394,0.001395,0.001396,0.001397,0.001398,0.001399,541125,416242,1719675,1603142,2374136,757658,2727083,745461,201808,763118,363571,1031581,552196,690433,17171,45991,31111,212288,779133,208154
85,0.001392,0.001391,0.00139,0.001389,0.001388,0.001387,0.001386,0.001385,0.001384,0.001383,0.001395,0.001396,0.001397,0.001398,0.001399,0.0014,0.001401,0.001402,0.001403,0.001404,538793,319883,638375,173532,540345,592951,1867434,1412835,2506241,215436,696401,691729,10553,1493958,5907,1135767,162672,209819,4119090,2897721
86,0.001385,0.001384,0.001383,0.001382,0.001381,0.00138,0.001379,0.001378,0.001377,0.001376,0.001389,0.00139,0.001391,0.001392,0.001393,0.001395,0.001396,0.001397,0.001398,0.001399,278718,183771,657442,160657,1030178,792410,1705919,1885262,200215,2736010,624018,622670,1180206,21475,1270254,554196,305081,309673,578270,219188
87,0.001387,0.001386,0.001385,0.001384,0.001383,0.001382,0.001381,0.00138,0.001379,0.001378,0.00139,0.001392,0.001393,0.001394,0.001395,0.001396,0.001397,0.001398,0.001399,0.0014,540540,204384,706745,930312,1460769,503510,739294,213766,753172,2716360,539956,834547,628261,828297,554196,1150048,211416,778989,219188,1336920
88,0.001392,0.001391,0.00139,0.001389,0.001388,0.001387,0.001386,0.001385,0.001384,0.001383,0.001395,0.001397,0.001398,0.001399,0.0014,0.001401,0.001402,0.001403,0.001404,0.001406,41072,720219,985640,1332631,318538,1068879,802445,1292437,200647,2516975,521313,228460,578270,798390,1157173,703212,595407,2056579,755378,200359
89,0.001393,0.001392,0.001391,0.00139,0.001389,0.001388,0.001387,0.001386,0.001385,0.001384,0.001397,0.001398,0.001399,0.0014,0.001401,0.001402,0.001403,0.001404,0.001405,0.001406,299737,160772,538599,409765,1096345,861403,1186648,733655,758181,2162869,474378,219460,1189264,1991401,540540,1027167,216846,554370,13066,200359
90,0.001389,0.001388,0.001387,0.001386,0.001385,0.001384,0.001383,0.001382,0.001381,0.00138,0.001392,0.001393,0.001395,0.001396,0.001397,0.001398,0.001399,0.0014,0.001401,0.001402,342364,170851,537827,550430,2009750,638957,1087669,199785,738284,200071,1297,606446,537827,21306,360798,273970,743227,1135767,740611,107073
91,0.001388,0.001387,0.001386,0.001385,0.001383,0.001382,0.001381,0.00138,0.001379,0.001378,0.001392,0.001393,0.001395,0.001396,0.001397,0.001398,0.001399,0.0014,0.001401,0.001402,285935,914275,1816680,1453331,1288316,199785,2707564,2796651,219579,543872,90850,715121,537827,825580,382088,273970,743731,1135767,740611,307576
92,0.001391,0.00139,0.001389,0.001388,0.001387,0.001385,0.001384,0.001383,0.001382,0.001381,0.001394,0.001395,0.001397,0.001398,0.001399,0.0014,0.001401,0.001402,0.001403,0.001404,681735,467181,1286018,664222,1498653,1292581,200647,753288,2164824,757991,10996,537634,303533,747521,543156,1135767,1554884,128529,230127,752693
93,0.001396,0.001395,0.001394,0.001393,0.001392,0.001391,0.00139,0.001389,0.001388,0.001387,0.001399,0.0014,0.001401,0.001402,0.001403,0.001404,0.001405,0.001406,0.001407,0.001408,63447,87624,218739,708002,568806,1301909,212545,1846903,743339,737755,431870,1135767,1183704,673205,1068900,552046,298989,3218743,384646,199785
94,0.001399,0.001398,0.001397,0.001396,0.001394,0.001393,0.001392,0.001391,0.00139,0.001389,0.001401,0.001402,0.001403,0.001404,0.001405,0.001406,0.001407,0.001409,0.00141,0.001411,9090,536672,160254,536864,632970,1360396,1308181,743183,2156253,739210,10996,1310690,139100,775550,899473,539374,399677,1032381,907811,322263
95,0.001394,0.001393,0.001392,0.001391,0.00139,0.001389,0.001388,0.001387,0.001386,0.001385,0.001397,0.001398,0.001399,0.0014,0.001401,0.001402,0.001403,0.001404,0.001405,0.001406,8513,750140,780138,683868,484067,550978,224715,738474,200647,758469,113426,59733,82818,1325766,530806,384663,551439,200287,415780,738659
96,0.001396,0.001395,0.001394,0.001393,0.001392,0.001391,0.00139,0.001389,0.001388,0.001387,0.001399,0.0014,0.001402,0.001403,0.001405,0.001406,0.001407,0.001408,0.001409,0.00141,10996,687739,210387,1044082,1517909,759179,807931,750978,842070,537827,64147,724265,8521,1332128,1123443,738659,384862,213713,200647,907811
97,0.001397,0.001396,0.001395,0.001394,0.001393,0.001392,0.001391,0.00139,0.001389,0.001388,0.0014,0.001401,0.001402,0.001403,0.001405,0.001406,0.001407,0.001408,0.001409,0.00141,12168,241240,537634,991824,1794672,1381898,545281,199499,750978,210310,553647,11702,29862,1331645,1206644,738802,384862,213713,300647,907811
98,0.001395,0.001394,0.001393,0.001392,0.001391,0.00139,0.001389,0.001388,0.001387,0.001386,0.001398,0.001399,0.0014,0.001401,0.001402,0.001403,0.001405,0.001406,0.001407,0.001408,690867,172736,709665,1520406,1642502,825462,550978,210095,537827,200071,2003,91380,516182,21279,68105,551439,1323156,199428,222190,834355
99,0.001399,0.001398,0.001397,0.001396,0.001395,0.001394,0.001393,0.001392,0.001391,0.00139,0.001402,0.001403,0.001404,0.001405,0.001406,0.001407,0.001408,0.001409,0.00141,0.001411,775430,160197,536672,804902,1653129,680477,1580529,207806,744923,199642,28381,92438,83201,141002,668688,21543,1081313,675784,907811,484935
100,0.001399,0.001398,0.001397,0.001396,0.001395,0.001394,0.001393,0.001392,0.001391,0.00139,0.001403,0.001405,0.001406,0.001407,0.001408,0.001409,0.00141,0.001411,0.001412,0.001413,1240550,6066337,1830920,630432,1016623,199214,537827,445494,745209,1957311,65060,61839,661233,558984,96267,697266,802732,484935,224758,2630650
101,0.001404,0.001403,0.001402,0.001401,0.0014,0.001399,0.001397,0.001396,0.001395,0.001394,0.001407,0.001408,0.001409,0.00141,0.001411,0.001412,0.001414,0.001415,0.001416,0.001417,15759,13951,177327,547274,436979,1505149,537441,730903,537441,216243,272720,248895,633807,1786036,129662,401615,225931,901481,2342731,213291
102,0.001404,0.001403,0.001402,0.001401,0.001399,0.001398,0.001397,0.001395,0.001394,0.001393,0.001405,0.001406,0.001407,0.001408,0.001409,0.00141,0.001411,0.001412,0.001414,0.001415,12108,4692314,15666,534759,1518112,710219,537441,557913,216101,748084,11885,11887,379891,12116,827567,639115,108116,46690,224729,168579
103,0.001397,0.001396,0.001395,0.001394,0.001393,0.001392,0.001391,0.00139,0.001389,0.001388,0.0014,0.001401,0.001402,0.001403,0.001404,0.001405,0.001406,0.001407,0.001408,0.001409,13757,225283,1189847,2306032,1336777,542955,545281,200000,734378,416483,117973,568507,12160,805288,609987,376142,199428,414818,200000,537634
104,0.001401,0.0014,0.001399,0.001398,0.001397,0.001396,0.001395,0.001394,0.001393,0.001392,0.001404,0.001405,0.001407,0.001408,0.001409,0.001411,0.001412,0.001413,0.001414,0.001415,158793,1575276,1975096,695246,1245916,214039,537634,216101,736899,2160445,42520,12160,78913,86988,913776,108116,224972,200000,759869,2797647
105,0.001393,0.001392,0.001391,0.00139,0.001389,0.001388,0.001387,0.001386,0.001385,0.001384,0.001397,0.001398,0.001401,0.001402,0.001403,0.001404,0.001405,0.001406,0.001407,0.001408,799555,1186838,3422411,498823,1719327,200000,537827,416246,757250,199428,222426,612313,137559,62987,1127890,1368494,199428,533617,5907,199356
106,0.001395,0.001394,0.001393,0.001392,0.001391,0.00139,0.001389,0.001388,0.001387,0.001386,0.001397,0.001399,0.0014,0.001401,0.001402,0.001403,0.001404,0.001405,0.001406,0.001407,761818,163476,547657,934646,1929876,199713,1069967,200000,737827,2158414,12,383992,683109,12125,735484,764259,1154019,575641,533617,5907
107,0.001395,0.001394,0.001393,0.001392,0.001391,0.00139,0.001389,0.001388,0.001387,0.001386,0.001399,0.0014,0.001401,0.001402,0.001403,0.001404,0.001405,0.001406,0.001407,0.001408,13523,372929,1703482,235915,1906170,21190,1069967,200071,737827,199001,390555,537634,12125,240131,764259,1868329,575998,533617,205763,2463598
108,0.001395,0.001394,0.001393,0.001392,0.001391,0.00139,0.001389,0.001388,0.001387,0.001386,0.001398,0.001399,0.0014,0.001402,0.001403,0.001404,0.001405,0.001406,0.001407,0.001408,484832,878768,1279295,746483,1527670,449247,1819885,200215,737898,199001,5397,227024,537634,376142,764259,1154019,199856,533617,205763,199356
109,0.001393,0.001392,0.001391,0.00139,0.001389,0.001388,0.001387,0.001386,0.001385,0.001384,0.001396,0.001397,0.001399,0.0014,0.001402,0.001403,0.001404,0.001405,0.001406,0.001407,360238,193694,1187540,1036348,1169432,757235,737755,199001,757250,2161650,117448,537056,77582,534433,376142,1743669,1154019,199928,533617,205763
110,0.001393,0.001392,0.001391,0.00139,0.001389,0.001388,0.001387,0.001386,0.001385,0.001384,0.001396,0.001397,0.001399,0.0014,0.001401,0.001402,0.001403,0.001404,0.001405,0.001406,144558,297852,538599,794420,1273973,445031,1233262,221258,1744675,200791,9585619,537441,5907,534433,603707,208449,757140,1168238,199928,200791
111,0.001401,0.0014,0.001399,0.001398,0.001397,0.001396,0.001395,0.001394,0.001393,0.001392,0.001403,0.001404,0.001405,0.001406,0.001407,0.001408,0.001409,0.00141,0.001411,0.001412,231411,592353,223790,962900,759115,557488,669516,754497,575907,756890,534950,160082,684701,659444,543541,1185727,536288,212138,736706,225473
112,0.001399,0.001398,0.001397,0.001396,0.001395,0.001394,0.001393,0.001392,0.001391,0.00139,0.001403,0.001404,0.001405,0.001406,0.001407,0.001409,0.00141,0.001411,0.001412,0.001413,557388,536288,187537,994078,792067,576196,575907,756890,762894,2153121,582494,828733,1316931,618342,1780279,536288,212138,736706,3482357,408002
113,0.001403,0.001402,0.001401,0.0014,0.001399,0.001398,0.001397,0.001396,0.001395,0.001394,0.001406,0.001407,0.001408,0.001409,0.001411,0.001412,0.001413,0.001414,0.001415,0.001416,300760,596527,46787,748456,5907,557491,700788,2402809,2147525,2564563,108421,252736,160082,536288,537634,602682,256980,734999,204979,198717
114,0.001404,0.001403,0.001402,0.0014,0.001399,0.001398,0.001397,0.001396,0.001395,0.001394,0.001406,0.001407,0.001408,0.001409,0.001411,0.001412,0.001413,0.001414,0.001415,0.001416,212331,534568,209036,535331,449862,1326169,1062742,1515121,2059131,1287809,73709,744855,927320,536288,537634,602682,225940,734999,204979,198717
115,0.001409,0.001408,0.001407,0.001405,0.001404,0.001403,0.001402,0.001401,0.0014,0.001399,0.001411,0.001412,0.001413,0.001414,0.001415,0.001417,0.001419,0.00142,0.001421,0.001422,254018,185856,744723,533617,1307724,1421439,815876,198083,2476678,204412,180241,925831,187204,535714,5907,533807,2722147,2302940,3702834,114744
116,0.001408,0.001407,0.001406,0.001405,0.001404,0.001403,0.001402,0.001401,0.0014,0.001399,0.00141,0.001411,0.001412,0.001413,0.001414,0.001415,0.001417,0.001418,0.001419,0.00142,225014,542349,223410,540698,490202,1772120,488447,728943,733273,204412,1638,210368,845015,159911,1160133,5907,546881,198223,541068,364373
117,0.001405,0.001404,0.001403,0.001402,0.001401,0.0014,0.001399,0.001398,0.001397,0.001396,0.001408,0.001409,0.00141,0.001411,0.001412,0.001414,0.001415,0.001416,0.001417,0.001418,292320,545567,17061,540624,717364,1200529,912543,1378222,2742458,734230,300421,596857,159911,1187010,313478,535714,213106,197942,546881,197942
118,0.001407,0.001405,0.001404,0.001403,0.001402,0.001401,0.0014,0.001399,0.001398,0.001397,0.001409,0.00141,0.001411,0.001412,0.001414,0.001415,0.001416,0.001417,0.001418,0.001419,39003,519454,1031123,840655,1008526,21148,535331,912543,734793,2169995,713867,149743,545896,1118507,535714,213106,197942,546881,197942,738481
119,0.001407,0.001406,0.001405,0.001404,0.001403,0.001402,0.001401,0.0014,0.001399,0.001398,0.001411,0.001412,0.001414,0.001415,0.001416,0.001417,0.001418,0.001419,0.00142,0.001421,240406,761252,474882,1787755,56778,914823,729084,733484,204060,2676829,634667,356282,1327069,5907,215486,546881,197802,738481,364020,214786
120,0.001397,0.001396,0.001395,0.001394,0.001393,0.001392,0.001391,0.00139,0.001389,0.001388,0.001399,0.0014,0.001401,0.001402,0.001403,0.001404,0.001405,0.001406,0.001407,0.001408,90536,556326,643100,1233699,898187,1388394,744005,735059,3795249,2156881,10996,250817,535331,499048,1177844,502044,1038653,199499,552788,199143
121,0.001392,0.001391,0.00139,0.001389,0.001388,0.001387,0.001386,0.001385,0.001384,0.001383,0.001395,0.001396,0.001398,0.001399,0.0014,0.001401,0.001402,0.001403,0.001404,0.001405,694012,761563,1219908,539762,747928,399510,732318,754560,200000,5260440,225238,538213,536672,430482,479881,1302723,421663,565085,199642,534568
122,0.001391,0.00139,0.001389,0.001388,0.001387,0.001386,0.001385,0.001384,0.001383,0.001382,0.001393,0.001394,0.001395,0.001396,0.001398,0.001399,0.0014,0.001401,0.001402,0.001403,1229611,1391030,741444,538793,1127889,553227,554417,200647,748692,2166799,10996,573313,160657,538213,536672,445697,939216,535331,208664,565085
123,0.001393,0.001392,0.001391,0.00139,0.001389,0.001388,0.001387,0.001386,0.001385,0.001384,0.001396,0.001397,0.001399,0.0014,0.001401,0.001402,0.001403,0.001405,0.001406,0.001407,631069,966348,994172,1748232,21128,917004,736432,732534,217282,2162869,65487,560472,5907,1573292,535331,438225,565085,200431,213879,744506
124,0.001396,0.001395,0.001394,0.001392,0.001391,0.00139,0.001389,0.001388,0.001387,0.001386,0.001398,0.001399,0.0014,0.001401,0.001402,0.001403,0.001404,0.001406,0.001407,0.001408,202174,58546,1000254,1532014,1093723,748749,1474069,739008,200215,2691731,3093,5907,159796,535331,1503850,1249026,1991704,432355,757580,199143
125,0.001399,0.001398,0.001397,0.001395,0.001394,0.001392,0.001391,0.00139,0.001389,0.001388,0.001402,0.001403,0.001404,0.001405,0.001407,0.001408,0.001409,0.00141,0.001411,0.001412,598519,164824,772711,1254081,1403357,828166,740439,748749,2156826,3120092,66540,552011,469853,1238640,557580,208143,199214,2728903,682955,25473
126,0.001401,0.0014,0.001399,0.001397,0.001396,0.001395,0.001394,0.001393,0.001392,0.001391,0.001404,0.001405,0.001406,0.001407,0.001408,0.001409,0.00141,0.001411,0.001412,0.001413,56708,162680,747689,553263,1143265,376401,1209194,199285,428460,2693560,95508,1803638,1158163,1040141,209274,535140,199072,538213,25473,199072
127,0.001403,0.001402,0.001401,0.0014,0.001399,0.001398,0.001397,0.001395,0.001394,0.001393,0.001406,0.001407,0.001408,0.001409,0.001411,0.001412,0.001413,0.001414,0.001415,0.001416,657595,168882,585945,213449,535140,864090,553263,199001,1288053,2151014,470667,539904,1271522,994811,538213,25473,199072,3215800,234939,2420126
128,0.001407,0.001406,0.001405,0.001404,0.001403,0.001401,0.0014,0.001399,0.001398,0.001397,0.001409,0.00141,0.001411,0.001412,0.001414,0.001415,0.001416,0.001417,0.001418,0.001419,84024,150544,665089,216234,534759,2189655,21147,541047,198505,1284361,1166828,974012,1333275,25473,534950,198397,211509,732912,2338939,205430
129,0.001402,0.001401,0.0014,0.001399,0.001398,0.001397,0.001396,0.001395,0.001394,0.001393,0.001405,0.001406,0.001407,0.001409,0.001411,0.001412,0.001413,0.001414,0.001415,0.001416,386824,277801,535523,165305,533997,413372,751469,732499,1413960,2149552,535523,63131,533049,955528,538213,224687,198294,734170,367793,211509
130,0.001397,0.001396,0.001395,0.001394,0.001393,0.001392,0.001391,0.00139,0.001389,0.001388,0.0014,0.001401,0.001402,0.001403,0.001404,0.001405,0.001407,0.001408,0.001409,0.00141,306322,548624,381996,555384,1100162,858328,383343,739016,757459,737723,56290,620374,1107189,1637258,472779,535523,538956,199214,319248,198788
131,0.001392,0.001391,0.00139,0.001389,0.001388,0.001386,0.001385,0.001384,0.001383,0.001382,0.001394,0.001395,0.001397,0.001398,0.001399,0.0014,0.001401,0.001402,0.001403,0.001404,8521,5907,978482,1419304,917055,553228,17282,199499,1286624,3309963,221986,555194,537249,1395559,536288,476434,735379,199856,551820,199856
132,0.001387,0.001386,0.001385,0.001384,0.001383,0.00138,0.001379,0.001378,0.001377,0.001376,0.00139,0.001391,0.001393,0.001394,0.001395,0.001396,0.001397,0.001398,0.001399,0.0014,1177661,1285261,757596,1211315,1357182,1495809,201226,2172054,736935,3304021,160945,563675,538986,17171,1848082,475350,1232741,200647,206194,2850889
133,0.001381,0.00138,0.001379,0.001378,0.001377,0.001376,0.001375,0.001374,0.001373,0.001372,0.001383,0.001384,0.001385,0.001386,0.001387,0.001388,0.00139,0.001391,0.001392,0.001393,41521,110228,1927468,429319,1273068,38777,556949,918323,207370,3259120,56290,668174,172178,541711,429319,540345,433908,1527063,210037,538986
134,0.001375,0.001374,0.001373,0.001372,0.001371,0.00137,0.001369,0.001368,0.001367,0.001366,0.001378,0.001379,0.00138,0.001383,0.001385,0.001386,0.001387,0.001388,0.001389,0.00139,49473,536288,659045,1203184,1352915,387299,746100,751420,225810,5077006,128735,162405,988551,2117381,435418,746462,202393,742738,378139,202393
135,0.001371,0.00137,0.001369,0.001368,0.001367,0.001366,0.001365,0.001364,0.001363,0.001362,0.001374,0.001375,0.001376,0.001377,0.001378,0.00138,0.001381,0.001382,0.001383,0.001384,47469,106038,559478,1025744,1035490,1202819,538986,211947,748861,2781780,544391,162641,544860,1211407,998673,544069,203426,415531,558497,202687
136,0.00137,0.001369,0.001368,0.001367,0.001366,0.001365,0.001364,0.001363,0.001362,0.001361,0.001373,0.001374,0.001376,0.001377,0.001378,0.00138,0.001381,0.001382,0.001383,0.001384,38365,295464,1717910,451804,958049,923568,212096,749380,989809,2563573,70228,606939,965202,1157203,544860,426391,765780,243221,218300,750732
137,0.001373,0.001372,0.001371,0.00137,0.001369,0.001368,0.001367,0.001366,0.001365,0.001364,0.001376,0.001378,0.001379,0.001381,0.001382,0.001383,0.001384,0.001385,0.001386,0.001387,91045,639824,220459,1016534,1194201,1711873,451883,215088,1287344,2204810,544860,992149,1218169,562354,40534,218300,750732,2059594,202393,749040
138,0.001373,0.001372,0.001371,0.00137,0.001369,0.001368,0.001367,0.001366,0.001365,0.001364,0.001376,0.001378,0.001379,0.001381,0.001382,0.001383,0.001384,0.001385,0.001386,0.001387,82736,600401,393681,982066,808628,1403932,1333940,681315,742561,2001458,526033,992149,1235437,778158,40534,218300,750732,219896,202393,749638
139,0.001378,0.001376,0.001375,0.001374,0.001372,0.001371,0.00137,0.001369,0.001368,0.001367,0.001382,0.001383,0.001384,0.001385,0.001387,0.001389,0.00139,0.001391,0.001392,0.001393,557514,986932,1212576,2202832,3273799,222361,750080,276366,764801,27967,117318,673321,530571,1905621,1745566,375502,760607,3064329,225665,545256
140,0.001384,0.001383,0.001382,0.001381,0.00138,0.001379,0.001378,0.001377,0.001376,0.001375,0.001388,0.001389,0.00139,0.001391,0.001392,0.001393,0.001394,0.001395,0.001396,0.001397,591645,402291,560296,451578,1751355,496413,2531765,201662,562651,208007,1068406,1268072,1742878,5907,8521,758983,17171,263029,758455,375325
141,0.001383,0.001382,0.001381,0.00138,0.001378,0.001377,0.001376,0.001375,0.001374,0.001373,0.001385,0.001386,0.001387,0.001388,0.001389,0.001391,0.001392,0.001393,0.001394,0.001395,81826,403770,12664,763389,1406816,1436029,2091671,2186539,1194486,210621,31215,700702,1777804,447641,1331002,545669,8521,545256,439061,200791
142,0.001379,0.001378,0.001376,0.001375,0.001374,0.001373,0.001372,0.001371,0.00137,0.001369,0.001382,0.001383,0.001384,0.001385,0.001386,0.001387,0.001388,0.001389,0.00139,0.001391,255434,777637,981811,1110216,566636,210621,1290249,4243936,201808,585790,83982,690483,722618,958681,1141532,540151,214321,540151,201881,545669
143,0.001377,0.001376,0.001375,0.001374,0.001373,0.001372,0.001371,0.00137,0.001369,0.001368,0.00138,0.001381,0.001382,0.001384,0.001385,0.001387,0.001388,0.001389,0.00139,0.001391,122771,1320928,1449565,1726357,29897,928268,201589,744825,2598282,202320,31215,228575,543281,1588028,763105,540151,215174,540151,201881,762225
144,0.001378,0.001377,0.001376,0.001375,0.001374,0.001373,0.001372,0.001371,0.00137,0.001369,0.00138,0.001382,0.001384,0.001385,0.001387,0.001388,0.001389,0.00139,0.001391,0.001392,1056311,813733,2728098,448146,1315287,550351,928268,201589,201808,2800455,36928,522770,227787,1953736,540151,215174,540151,201881,762225,210110
145,0.001382,0.001381,0.00138,0.001379,0.001378,0.001377,0.001376,0.001375,0.001374,0.001373,0.001385,0.001386,0.001387,0.001389,0.001391,0.001392,0.001393,0.001394,0.001395,0.001396,60178,58322,560786,452823,1973271,415332,1861577,207861,2726108,210841,247785,541320,456015,994941,1325238,424830,545256,231834,2132284,759179
146,0.001383,0.001382,0.00138,0.001379,0.001378,0.001377,0.001376,0.001375,0.001374,0.001373,0.001386,0.001388,0.001389,0.001391,0.001392,0.001393,0.001394,0.001395,0.001396,0.001397,59617,950097,560786,1197266,573845,595464,1861577,207861,2726108,210841,520990,644970,1696423,1325238,209892,545256,394506,2132284,759179,10553
147,0.001386,0.001385,0.001384,0.001382,0.001381,0.00138,0.001379,0.001378,0.001377,0.001376,0.001389,0.00139,0.001391,0.001392,0.001393,0.001394,0.001396,0.001397,0.001398,0.001399,70819,155834,760114,925683,1500553,1334267,201153,1293839,2188637,1522009,698710,529882,1729478,1105845,758056,209661,557590,23627,200791,751295
148,0.001383,0.001381,0.00138,0.001379,0.001378,0.001377,0.001376,0.001375,0.001374,0.001373,0.001385,0.001386,0.001387,0.001389,0.001391,0.001392,0.001393,0.001394,0.001395,0.001396,12292,70294,557649,380512,552459,984234,1320928,207861,3266829,210841,554172,181615,1340871,1272984,748036,222676,763660,209661,201081,2410653
149,0.001382,0.001381,0.00138,0.001379,0.001378,0.001377,0.001376,0.001375,0.001374,0.001373,0.001384,0.001385,0.001386,0.001387,0.001388,0.001389,0.001391,0.001392,0.001393,0.001394,62120,60275,557649,1001769,1699728,34284,1861577,207861,2725393,210841,27120,541907,632670,540540,1117347,754430,546447,222676,746991,2239529
150,0.001377,0.001376,0.001375,0.001374,0.001373,0.001372,0.001371,0.00137,0.001369,0.001368,0.00138,0.001381,0.001382,0.001384,0.001385,0.001386,0.001387,0.001388,0.001389,0.00139,222469,2087261,606982,1767060,804890,545851,744428,2208716,586568,201808,543872,187071,561888,466398,760539,749980,742348,911749,540540,201808
151,0.001376,0.001375,0.001374,0.001373,0.001372,0.001371,0.00137,0.001369,0.001368,0.001367,0.001379,0.00138,0.001381,0.001383,0.001384,0.001385,0.001386,0.001387,0.001388,0.001389,570335,5907,985221,951767,1365239,21406,50777,1332374,2188237,403834,583388,190878,1032134,1723369,656195,544069,202393,540540,202027,540540
152,0.001374,0.001373,0.001372,0.001371,0.00137,0.001369,0.001368,0.001367,0.001366,0.001364,0.001377,0.001378,0.001379,0.001381,0.001382,0.001383,0.001384,0.001385,0.001386,0.001387,506089,449837,1676526,710412,471354,991123,201808,2751103,742640,210914,607049,209968,644616,978420,1335361,988367,202540,574425,202393,540540
153,0.001369,0.001368,0.001367,0.001366,0.001364,0.001363,0.001362,0.001361,0.00136,0.001359,0.001372,0.001373,0.001374,0.001375,0.001377,0.001379,0.00138,0.001381,0.001382,0.001383,432025,1649030,671210,1335882,8521,1476059,381592,2445752,790163,429559,59612,116107,64957,417435,1571316,1555504,425239,746387,215983,556923
154,0.001377,0.001376,0.001375,0.001374,0.001373,0.001372,0.001371,0.00137,0.001369,0.001368,0.00138,0.001381,0.001383,0.001384,0.001385,0.001386,0.001387,0.001388,0.001389,0.00139,72186,1002027,1075386,1426003,21408,1609939,382595,1098158,216117,765465,84190,543478,556923,637004,405537,3745126,216278,878622,203204,762951
155,0.001381,0.00138,0.001378,0.001377,0.001376,0.001375,0.001374,0.001373,0.001372,0.001371,0.001383,0.001384,0.001385,0.001386,0.001388,0.001389,0.00139,0.001391,0.001392,0.001393,59322,672848,952214,1331207,1272349,952481,1130070,202100,2730039,202393,14428,27483,84626,954717,704113,13074,762951,208300,210768,2557579
156,0.00138,0.001378,0.001377,0.001376,0.001375,0.001374,0.001373,0.001372,0.001371,0.00137,0.001382,0.001383,0.001384,0.001385,0.001386,0.001387,0.001389,0.00139,0.001391,0.001392,553657,770405,407575,1645083,33775,927970,2725327,748642,202393,555141,155331,63352,499742,1119442,954717,216055,214955,762951,208300,210768
157,0.001377,0.001376,0.001375,0.001374,0.001373,0.001372,0.001371,0.00137,0.001369,0.001368,0.00138,0.001381,0.001382,0.001383,0.001384,0.001385,0.001386,0.001389,0.00139,0.001391,234641,778764,438135,1288930,447180,1671152,744867,757534,2202546,765465,138756,67763,66560,1720429,450967,17282,546846,214955,762951,208300
158,0.001378,0.001377,0.001376,0.001375,0.001374,0.001373,0.001372,0.001371,0.00137,0.001369,0.001381,0.001382,0.001383,0.001384,0.001385,0.001386,0.001387,0.001389,0.00139,0.001391,544069,214116,975179,1088636,1686671,21409,748349,2727699,757534,216117,60361,611263,470944,1276627,426197,546846,215886,215028,762951,208300
159,0.001377,0.001376,0.001375,0.001374,0.001373,0.001372,0.001371,0.00137,0.001369,0.001368,0.001381,0.001382,0.001383,0.001384,0.001385,0.001386,0.001389,0.00139,0.001391,0.001392,221806,562398,223220,546249,21407,928392,542620,757534,2201826,765465,122937,611263,432431,1210347,17282,546846,215028,762951,208300,753852
160,0.001381,0.00138,0.001379,0.001378,0.001377,0.001376,0.001375,0.001374,0.001373,0.001372,0.001384,0.001385,0.001386,0.001387,0.001388,0.001389,0.00139,0.001391,0.001392,0.001393,67504,600425,1318882,963846,731162,583810,1130065,2728166,210841,546249,13037,75285,546846,424326,1101295,13074,762951,208300,753852,2557579
161,0.001382,0.001381,0.00138,0.001379,0.001378,0.001376,0.001375,0.001374,0.001373,0.001372,0.001385,0.001386,0.001388,0.00139,0.001391,0.001392,0.001393,0.001394,0.001395,0.001397,62081,67504,818229,400522,1254206,583810,928257,748203,2190804,546249,120512,546846,1512718,546249,208300,766926,2557579,219564,558181,212215
162,0.001375,0.001374,0.001373,0.001372,0.001371,0.00137,0.001369,0.001368,0.001367,0.001366,0.001378,0.001379,0.00138,0.001381,0.001382,0.001384,0.001385,0.001386,0.001387,0.001389,5907,557407,228789,959344,1461005,576693,216117,1336802,2208339,926425,65477,657303,430606,1262971,399741,756939,219236,546846,13074,201662
163,0.001375,0.001374,0.001373,0.001372,0.001371,0.00137,0.001369,0.001368,0.001367,0.001366,0.001378,0.001379,0.00138,0.001381,0.001382,0.001383,0.001384,0.001385,0.001386,0.001387,136893,557407,225512,2129404,382417,576693,759530,792992,2206895,926425,241051,511187,90240,1703076,423737,1163643,542103,219675,546846,13074
164,0.001365,0.001364,0.001363,0.001362,0.001361,0.00136,0.001359,0.001358,0.001357,0.001356,0.001367,0.001368,0.001369,0.001371,0.001372,0.001373,0.001374,0.001375,0.001376,0.001377,377928,1231838,1040375,547645,387962,832182,300947,1340975,2724805,305396,548847,191357,565198,547045,1427706,1201734,217170,766973,221118,203723
165,0.001356,0.001355,0.001354,0.001353,0.001352,0.001351,0.00135,0.001349,0.001348,0.001347,0.001359,0.00136,0.001361,0.001364,0.001365,0.001366,0.001367,0.001369,0.00137,0.001371,553097,12546,1204166,626534,2227784,605167,613671,3039598,939949,428910,77565,224883,628951,578286,226521,205676,239697,204695,204695,204395
166,0.001354,0.001353,0.001352,0.001351,0.00135,0.001349,0.001348,0.001347,0.001346,0.001345,0.001356,0.001358,0.001359,0.001361,0.001362,0.001363,0.001364,0.001365,0.001366,0.001367,553709,421827,1664215,910012,958789,796719,550863,223158,2961421,214653,4315932,12546,21468,897320,205828,1150190,228962,1035656,205676,195585
167,0.001346,0.001345,0.001344,0.001343,0.001342,0.001341,0.00134,0.001339,0.001338,0.001337,0.00135,0.001351,0.001352,0.001353,0.001354,0.001355,0.001356,0.001357,0.001358,0.001359,961565,640329,1550759,866458,550863,120884,972618,319798,2485274,758542,64144,555967,219700,553914,374621,1196549,399442,1194406,236756,1002777
168,0.001347,0.001346,0.001345,0.001344,0.001343,0.001342,0.001341,0.00134,0.001339,0.001338,0.00135,0.001351,0.001353,0.001354,0.001355,0.001356,0.001357,0.001358,0.001359,0.00136,158054,740317,634822,1259562,608293,1226839,615497,770802,320638,2237917,194476,555967,938384,1082678,588292,221653,206896,780888,2902229,206056
169,0.001346,0.001345,0.001344,0.001343,0.001342,0.001341,0.00134,0.001339,0.001338,0.001337,0.001348,0.001349,0.00135,0.001351,0.001352,0.001353,0.001355,0.001356,0.001357,0.001358,575119,178353,957436,614318,2271781,408524,563522,320638,2237917,758542,12630,535737,168588,555967,385141,1230311,1235344,221653,206896,780888
170,0.001346,0.001345,0.001344,0.001343,0.001342,0.001341,0.00134,0.001339,0.001338,0.001337,0.001349,0.00135,0.001352,0.001353,0.001354,0.001355,0.001357,0.001358,0.001359,0.00136,573467,8521,572295,590163,1677117,236461,563522,217449,4553350,861885,55893,621674,728503,2103278,387605,554528,206513,809865,212344,206819
171,0.001343,0.001342,0.001341,0.00134,0.001339,0.001337,0.001336,0.001335,0.001334,0.001333,0.001346,0.001347,0.001348,0.001349,0.00135,0.001351,0.001352,0.001353,0.001354,0.001355,30288,65344,778568,1054125,968222,1144604,426508,2267778,781764,330968,84902,251853,556586,997699,1281813,987586,234895,556173,215571,207589
172,0.00134,0.001339,0.001338,0.001337,0.001336,0.001335,0.001334,0.001333,0.001332,0.001331,0.001344,0.001346,0.001347,0.001348,0.001349,0.00135,0.001351,0.001352,0.001353,0.001354,119208,571684,1743868,1247466,117849,619113,552486,207589,5484808,781020,592144,429050,2216404,650913,1106169,573491,5907,207357,776604,8521
173,0.001341,0.00134,0.001339,0.001338,0.001337,0.001336,0.001335,0.001334,0.001333,0.001332,0.001344,0.001345,0.001346,0.001347,0.001348,0.001349,0.00135,0.001351,0.001352,0.001353,77289,139661,1206085,697497,955686,14428,851569,552486,311242,5484808,62198,570777,428825,1518015,1134720,404199,586565,5907,221666,763530
174,0.001342,0.001341,0.00134,0.001339,0.001338,0.001337,0.001336,0.001335,0.001334,0.001333,0.001345,0.001346,0.001347,0.001348,0.001349,0.00135,0.001351,0.001352,0.001353,0.001354,12667,1009164,739903,1232002,1117293,545301,222249,629052,2592963,560262,66353,249739,556586,713026,1706688,1743463,5907,221821,776604,216342
175,0.001342,0.001341,0.00134,0.001339,0.001338,0.001337,0.001336,0.001335,0.001334,0.001333,0.001344,0.001345,0.001346,0.001347,0.001348,0.001349,0.00135,0.001351,0.001352,0.001353,10996,1122262,223297,1732334,404865,545301,222249,629052,2592963,540536,33589,66353,249739,1306939,1165147,1727811,573491,5907,221821,776604
176,0.001341,0.00134,0.001339,0.001338,0.001337,0.001336,0.001335,0.001334,0.001333,0.001332,0.001344,0.001345,0.001346,0.001347,0.001348,0.00135,0.001351,0.001352,0.001353,0.001354,19873,66957,571684,404870,1371513,14428,629052,760229,540536,2264748,624618,381789,1310003,21107,1860266,573491,5907,207357,776604,216342
177,0.001336,0.001335,0.001333,0.001332,0.001331,0.00133,0.001329,0.001328,0.001327,0.001326,0.001338,0.001339,0.001341,0.001342,0.001343,0.001344,0.001345,0.001346,0.001347,0.001348,64884,632746,1208930,1138611,1921251,2536853,934798,559821,208364,3565744,3902,571822,939590,2254109,1162364,563320,8521,780383,208131,558243
178,0.001337,0.001336,0.001335,0.001334,0.001333,0.001332,0.001331,0.00133,0.001329,0.001328,0.00134,0.001341,0.001342,0.001343,0.001344,0.001345,0.001346,0.001347,0.001348,0.001349,10996,572146,607370,749069,1209925,932754,1415490,1018936,2255475,767952,559492,286375,1165574,1208966,563320,557954,557413,221205,766529,2119141
179,0.001333,0.001332,0.001331,0.00133,0.001329,0.001328,0.001327,0.001326,0.001325,0.001324,0.001336,0.001337,0.001338,0.001339,0.00134,0.001341,0.001342,0.001343,0.001344,0.001345,307847,599902,1264492,2026617,1180988,559821,209145,320853,773892,2092160,70244,225876,560747,749780,2063945,549433,559492,221672,563320,217119
180,0.001332,0.001331,0.00133,0.001329,0.001328,0.001326,0.001325,0.001324,0.001323,0.001322,0.001335,0.001336,0.001337,0.001338,0.001339,0.00134,0.001341,0.001342,0.001343,0.001344,17970,477810,1814615,1026890,1344414,612823,773892,2284942,786182,333250,79288,562008,167383,1315240,1805812,808705,209223,559492,221672,563320
181,0.001333,0.001332,0.001331,0.00133,0.001329,0.001328,0.001327,0.001326,0.001325,0.001324,0.001336,0.001337,0.001338,0.001339,0.00134,0.001341,0.001342,0.001343,0.001344,0.001345,191329,659333,1040881,1365227,801721,567667,394898,217666,773892,2284942,53086,167383,560747,286000,1282691,1353913,559492,221672,563320,217119
182,0.00133,0.001329,0.001328,0.001327,0.001326,0.001325,0.001324,0.001323,0.001322,0.001321,0.001333,0.001334,0.001335,0.001336,0.001337,0.001338,0.001339,0.00134,0.001341,0.001342,67268,65194,1063094,1852368,1314508,565761,628459,577584,313114,5418511,632526,167759,562008,761508,1842282,560747,209302,573402,226916,783339
183,0.001331,0.00133,0.001329,0.001328,0.001327,0.001326,0.001325,0.001324,0.001323,0.001322,0.001335,0.001336,0.001337,0.001338,0.00134,0.001341,0.001342,0.001343,0.001344,0.001345,79614,210198,888895,580439,805500,8521,775299,628380,577584,208598,586152,418585,1402296,560747,573402,226916,783339,2879835,772858,217119
184,0.001331,0.00133,0.001329,0.001328,0.001327,0.001326,0.001325,0.001324,0.001323,0.001322,0.001335,0.001337,0.001338,0.001339,0.00134,0.001341,0.001342,0.001343,0.001344,0.001345,109730,658034,1465092,1054625,1605139,403669,775063,232695,2631072,208598,625402,929481,1809549,570794,573402,226916,783339,2311687,772858,217119
185,0.001329,0.001328,0.001327,0.001326,0.001325,0.001324,0.001323,0.001322,0.001321,0.00132,0.001333,0.001334,0.001335,0.001336,0.001337,0.001338,0.001339,0.00134,0.001341,0.001342,80157,658960,477836,1054750,961265,820529,577584,208598,2271010,584923,606155,385591,1368020,502538,1835514,560747,209380,573402,226916,783339
186,0.001328,0.001327,0.001326,0.001325,0.001324,0.001323,0.001321,0.00132,0.001319,0.001318,0.00133,0.001332,0.001333,0.001334,0.001335,0.001337,0.001338,0.001339,0.00134,0.001341,5907,81915,78431,1311706,1738677,577584,2271010,584923,209302,209853,564121,522422,2300908,1212096,1070706,209538,560747,209380,783255,2776995
