timestamp,bid_price_0,bid_price_1,bid_price_2,bid_price_3,bid_price_4,bid_price_5,bid_price_6,bid_price_7,bid_price_8,bid_price_9,ask_price_0,ask_price_1,ask_price_2,ask_price_3,ask_price_4,ask_price_5,ask_price_6,ask_price_7,ask_price_8,ask_price_9,bid_size_0,bid_size_1,bid_size_2,bid_size_3,bid_size_4,bid_size_5,bid_size_6,bid_size_7,bid_size_8,bid_size_9,ask_size_0,ask_size_1,ask_size_2,ask_size_3,ask_size_4,ask_size_5,ask_size_6,ask_size_7,ask_size_8,ask_size_9
0,0.001359,0.001357,0.001356,0.001355,0.001354,0.001353,0.001352,0.001351,0.00135,0.001349,0.001362,0.001363,0.001364,0.001365,0.001366,0.001367,0.001369,0.00137,0.001371,0.001372,1048737,222800,2806085,842002,529242,2565155,205222,1330804,273622,759409,46887,214501,1231498,1347001,2116299,23417,548847,204921,725779,3330767
1,0.001361,0.00136,0.001359,0.001358,0.001357,0.001356,0.001355,0.001354,0.001353,0.001352,0.001364,0.001365,0.001366,0.001367,0.001369,0.001371,0.001372,0.001373,0.001374,0.001375,613873,164674,551673,218128,1398756,1783164,204921,213442,2565155,757260,757703,1398353,1098116,2046598,1369798,725779,204770,781359,205222,225348
2,0.001361,0.00136,0.001359,0.001358,0.001356,0.001355,0.001354,0.001353,0.001352,0.001351,0.001363,0.001364,0.001366,0.001367,0.001369,0.00137,0.001371,0.001372,0.001373,0.001374,45724,782950,913136,771179,941157,226404,2224020,758985,757260,778358,149387,500458,549450,407170,548847,204770,3392292,204770,781359,205222
3,0.001368,0.001367,0.001366,0.001365,0.001364,0.001363,0.001362,0.001361,0.00136,0.001359,0.00137,0.001371,0.001372,0.001373,0.001374,0.001375,0.001376,0.001377,0.001378,0.001379,567603,196025,695505,12454,1052563,814890,790721,204021,1691321,2211983,207595,1050555,814890,1065754,1317800,5907,570288,3084700,204770,756284
4,0.001369,0.001368,0.001367,0.001366,0.001365,0.001364,0.001363,0.001362,0.001361,0.00136,0.001371,0.001372,0.001373,0.001374,0.001375,0.001376,0.001378,0.001379,0.00138,0.001381,123831,567603,190262,1141589,893744,1803490,1272920,2547758,752408,811583,7097,226490,1810636,593983,1265143,1236194,203575,756284,1818821,3275025
5,0.001368,0.001367,0.001366,0.001365,0.001364,0.001363,0.001362,0.001361,0.00136,0.001359,0.00137,0.001371,0.001372,0.001373,0.001374,0.001375,0.001376,0.001378,0.001379,0.00138,10996,453512,557603,12454,549651,922149,1412287,204021,2803660,759496,154343,1815080,1213075,1139147,845909,5907,570288,203575,756284,1818821
6,0.001365,0.001364,0.001362,0.001361,0.00136,0.001359,0.001358,0.001357,0.001356,0.001355,0.001367,0.001368,0.001369,0.00137,0.001371,0.001373,0.001375,0.001376,0.001378,0.001379,237700,607047,556710,1293369,2549897,210227,3965928,204770,757513,204921,12454,151256,1081335,1640429,1841218,562844,209928,583354,203575,756284
7,0.001366,0.001365,0.001364,0.001363,0.001362,0.00136,0.001359,0.001358,0.001357,0.001356,0.001369,0.00137,0.001372,0.001373,0.001374,0.001375,0.001376,0.001378,0.001379,0.00138,548847,497514,2373345,1202140,1295519,2496528,759421,2080331,752015,204620,7097,595170,1861377,8521,2283649,5907,570288,203723,769127,1805755
8,0.001371,0.00137,0.001369,0.001368,0.001367,0.001366,0.001365,0.001364,0.001363,0.001362,0.001374,0.001375,0.001376,0.001377,0.001378,0.001379,0.00138,0.001381,0.001382,0.001383,117557,1243197,853308,1736529,667964,956297,203278,3529981,2737053,760582,4224,545652,1195263,1059877,644547,1736603,528018,785619,2251026,938281
9,0.001364,0.001363,0.001362,0.001361,0.00136,0.001359,0.001358,0.001357,0.001356,0.001355,0.001368,0.001369,0.00137,0.001371,0.001373,0.001374,0.001375,0.001376,0.001377,0.001378,587440,166178,730672,582788,1357321,573054,221201,2190332,750023,550816,1250791,1339281,1280149,1203437,546050,203947,539842,436960,508726,203501
10,0.001356,0.001355,0.001354,0.001353,0.001352,0.001351,0.00135,0.001349,0.001348,0.001347,0.001359,0.001361,0.001362,0.001364,0.001365,0.001366,0.001367,0.001368,0.001369,0.00137,208929,1259677,1299207,1869475,21477,1106398,2243881,2219187,754270,2606565,552079,211223,550863,2063344,752896,549048,228413,548245,204845,217836
11,0.00136,0.001359,0.001358,0.001357,0.001356,0.001355,0.001354,0.001353,0.001352,0.001351,0.001361,0.001362,0.001363,0.001364,0.001365,0.001366,0.001367,0.001368,0.001369,0.00137,1261187,2045759,1224185,568329,924546,559749,8521,1489105,226738,2760572,32696,537230,163325,550055,224318,549048,23417,1793982,204845,217836
12,0.001362,0.001361,0.00136,0.001359,0.001358,0.001357,0.001356,0.001355,0.001354,0.001353,0.001364,0.001365,0.001366,0.001367,0.001368,0.001369,0.00137,0.001371,0.001372,0.001373,46617,1384386,1808141,1442169,908840,568125,939217,559952,213442,5103349,10996,62860,82904,575699,215243,1406835,204470,718560,204245,772332
13,0.001363,0.001362,0.001361,0.00136,0.001359,0.001357,0.001356,0.001355,0.001354,0.001353,0.001366,0.001367,0.001368,0.001369,0.00137,0.001371,0.001372,0.001373,0.001374,0.001375,49818,289935,745823,896409,1365123,808367,1774381,764722,2198562,752766,52587,575699,487741,1298354,1299544,515725,204245,226282,203947,760933
14,0.001363,0.001362,0.001361,0.00136,0.001359,0.001358,0.001357,0.001356,0.001355,0.001354,0.001365,0.001366,0.001367,0.001368,0.001369,0.00137,0.001371,0.001372,0.001373,0.001374,19949,289935,745823,947620,1768118,21378,568125,939222,764722,2198562,7097,147208,575699,1229071,1229071,487741,515725,204245,226282,203947
15,0.001363,0.001362,0.001361,0.00136,0.001359,0.001358,0.001357,0.001356,0.001355,0.001354,0.001365,0.001366,0.001367,0.001369,0.00137,0.001371,0.001372,0.001373,0.001374,0.001375,8471,58915,608789,554552,2020332,555449,589503,388813,1315764,2220109,164531,122927,1982245,1700182,204470,515725,204245,226282,203947,3495675
16,0.001361,0.00136,0.001359,0.001358,0.001357,0.001356,0.001355,0.001354,0.001353,0.001352,0.001364,0.001365,0.001366,0.001367,0.001368,0.001369,0.00137,0.001371,0.001372,0.001373,550660,393581,1609798,1028858,1140801,21373,948887,764513,2716704,205071,10996,601039,581593,692384,1131043,213990,204845,720495,2532908,226432
17,0.001361,0.00136,0.001359,0.001358,0.001357,0.001355,0.001354,0.001353,0.001352,0.001351,0.001364,0.001365,0.001366,0.001367,0.001368,0.00137,0.001371,0.001373,0.001374,0.001375,551065,309312,863092,979592,791578,970259,764739,752766,2167849,758873,48974,601039,778424,1353001,1902451,204845,720495,226432,203947,210677
18,0.001363,0.001362,0.001361,0.00136,0.001359,0.001358,0.001357,0.001356,0.001355,0.001354,0.001365,0.001367,0.001368,0.001369,0.00137,0.001371,0.001373,0.001374,0.001375,0.001376,635051,2028108,2101918,4750,1913115,948890,772670,2188120,764647,213517,22672,101686,549450,610004,1363883,515725,226432,203947,761135,235412
19,0.001365,0.001364,0.001363,0.001362,0.001361,0.00136,0.001359,0.001358,0.001357,0.001356,0.001368,0.001369,0.00137,0.001371,0.001373,0.001375,0.001376,0.001377,0.001378,0.001379,527629,178828,1155923,2420619,2046712,776008,759707,2223046,772670,204695,48828,125639,59070,1814056,1323430,760536,2942486,1480422,203501,754323
20,0.001369,0.001368,0.001367,0.001366,0.001365,0.001364,0.001363,0.001362,0.001361,0.00136,0.001371,0.001372,0.001373,0.001374,0.001375,0.001376,0.001377,0.001378,0.001379,0.00138,547645,197083,732784,163951,990618,1581185,1516438,1650270,1347636,208921,10996,104435,1926609,772411,1999628,17395,3595569,203501,754323,520485
21,0.001373,0.001372,0.001371,0.00137,0.001369,0.001368,0.001367,0.001366,0.001365,0.001364,0.001375,0.001376,0.001377,0.001378,0.001379,0.00138,0.001381,0.001382,0.001383,0.001384,544860,149302,500173,544812,2249459,712485,796274,203278,2742566,758980,10996,703494,695825,621885,2581203,316314,19607,2549389,787233,202687
22,0.001373,0.001372,0.001371,0.00137,0.001369,0.001368,0.001367,0.001366,0.001365,0.001364,0.001375,0.001377,0.001378,0.001379,0.00138,0.001381,0.001382,0.001383,0.001384,0.001385,595393,179199,941447,1369220,1466238,723849,1817597,3079860,752675,211799,17249,1370122,662214,1249633,538531,19607,202687,3190954,215753,1536885
23,0.001378,0.001377,0.001376,0.001375,0.001374,0.001373,0.001372,0.001371,0.00137,0.001369,0.001381,0.001382,0.001383,0.001384,0.001385,0.001386,0.001387,0.001388,0.001389,0.00139,108779,604438,180542,980442,1580046,2541675,662839,1565254,747178,2734881,765751,792401,1263038,667422,57282,930943,237906,1157295,4043895,1649108
24,0.001376,0.001375,0.001374,0.001373,0.001372,0.001371,0.00137,0.001369,0.001368,0.001367,0.001379,0.00138,0.001381,0.001382,0.001383,0.001385,0.001386,0.001387,0.001388,0.001389,62023,544860,261531,880374,729210,1278056,21401,1155745,203056,1320498,599476,653445,2171274,1179254,756046,259969,546249,8301,201954,3840617
25,0.001374,0.001373,0.001372,0.001371,0.00137,0.001369,0.001368,0.001367,0.001366,0.001365,0.001377,0.001378,0.001379,0.00138,0.001381,0.001382,0.001383,0.001384,0.001385,0.001386,320901,892768,736051,1458526,1384172,932926,203056,2560778,749141,751863,54714,244027,606928,1334502,2029168,1216728,20928,672264,259602,546249
26,0.001379,0.001378,0.001377,0.001376,0.001375,0.001373,0.001372,0.001371,0.00137,0.001369,0.001381,0.001382,0.001383,0.001385,0.001386,0.001387,0.001389,0.00139,0.001391,0.001392,673594,549433,1917689,657541,1607828,875304,2826761,726107,202835,547645,64586,46687,627488,707808,1203790,1942569,2039140,1662174,208080,933355
27,0.001378,0.001377,0.001376,0.001375,0.001374,0.001373,0.001372,0.001371,0.00137,0.001369,0.001381,0.001383,0.001384,0.001385,0.001386,0.001387,0.001388,0.001389,0.00139,0.001391,474882,833164,894653,2556728,840442,2626483,683547,523714,202687,2533354,306636,564603,1481184,721640,13066,553557,216392,1495071,1649108,752940
28,0.001382,0.001381,0.00138,0.001379,0.001378,0.001377,0.001376,0.001375,0.001374,0.001373,0.001384,0.001385,0.001386,0.001387,0.001388,0.001389,0.00139,0.001391,0.001392,0.001393,66511,608345,201050,763051,959147,1280803,863080,946589,745299,2775985,42,549532,1983908,1208200,654156,1292015,1662174,752940,373880,2514121
29,0.001386,0.001385,0.001384,0.001383,0.001382,0.001381,0.00138,0.001379,0.001378,0.001377,0.00139,0.001391,0.001392,0.001393,0.001394,0.001396,0.001397,0.001398,0.001399,0.0014,52780,595866,161759,945752,1358558,1671344,902587,543281,2796574,745658,1590722,1899480,1518360,1928180,773629,902282,1966231,7202637,108457,343544
30,0.001387,0.001386,0.001385,0.001384,0.001383,0.001382,0.001381,0.00138,0.001379,0.001378,0.001391,0.001392,0.001393,0.001394,0.001396,0.001397,0.001398,0.001399,0.0014,0.001401,61782,235170,607047,163522,547814,733941,945203,201371,3055917,282979,967834,8521,1487804,26319,876066,1519503,3911594,309393,363151,5988460
31,0.001383,0.001382,0.001381,0.00138,0.001379,0.001378,0.001377,0.001376,0.001375,0.001374,0.001385,0.001386,0.001387,0.001388,0.001389,0.00139,0.001391,0.001392,0.001394,0.001395,69279,197018,542495,332972,1921758,1415760,565214,218984,3272179,202100,10996,633506,737418,1371313,737418,210516,530890,21587,40538,200936
32,0.001388,0.001386,0.001385,0.001384,0.001383,0.001382,0.001381,0.00138,0.001379,0.001378,0.001391,0.001392,0.001393,0.001394,0.001395,0.001396,0.001397,0.001398,0.001399,0.0014,732200,540735,377211,1508433,727886,1535157,1464684,201153,2715841,283124,119201,74443,721979,40538,793389,718003,4031524,36363,206843,363151
33,0.001392,0.001391,0.00139,0.001389,0.001388,0.001387,0.001386,0.001385,0.001384,0.001383,0.001395,0.001396,0.001397,0.001398,0.001399,0.0014,0.001401,0.001402,0.001403,0.001404,67118,38474,538986,297519,1503291,1416177,1305155,556167,1644606,214931,211022,164565,1520005,1472506,805000,342677,1683656,223676,380669,5958930
34,0.001392,0.001391,0.00139,0.001389,0.001388,0.001387,0.001386,0.001385,0.001384,0.001383,0.001395,0.001396,0.001397,0.001398,0.001399,0.0014,0.001401,0.001402,0.001403,0.001404,49500,79164,601132,370133,1308936,791830,540151,2540049,1123256,1735716,115297,93255,1423041,829014,5907,1327935,1476608,236742,380669,5958930
35,0.001393,0.001392,0.001391,0.00139,0.001388,0.001387,0.001386,0.001385,0.001384,0.001383,0.001395,0.001396,0.001397,0.001398,0.001399,0.0014,0.001401,0.001402,0.001403,0.001405,51967,49500,237226,750991,1308936,791830,540151,2540049,1123256,4243244,35526,482109,1418634,849829,681050,357184,1276177,236742,380669,200431
36,0.001394,0.001393,0.001392,0.001391,0.00139,0.001389,0.001388,0.001387,0.001386,0.001385,0.001397,0.001398,0.001399,0.0014,0.001401,0.001402,0.001403,0.001404,0.001405,0.001406,43295,98038,586941,231229,2004089,706180,1308936,1150527,740438,1771041,281619,86701,1229975,1623190,1276177,235806,179733,199928,2324360,251221
37,0.001376,0.001375,0.001374,0.001373,0.001372,0.001371,0.00137,0.001369,0.001368,0.001367,0.001379,0.00138,0.001381,0.001383,0.001384,0.001385,0.001386,0.001387,0.001389,0.00139,159392,1124131,2628179,1256638,566313,1278962,202540,547445,213462,2577601,10996,106540,609209,945289,722622,727870,2550309,217349,203130,217493
38,0.001374,0.001373,0.001372,0.001371,0.00137,0.001369,0.001368,0.001367,0.001366,0.001365,0.001376,0.001377,0.001378,0.001379,0.001381,0.001382,0.001383,0.001384,0.001385,0.001386,559950,741882,1431046,1418073,774241,1222839,10553,571462,2752890,772223,80637,17604,53521,41247,545256,597744,1274735,800708,958187,542409
39,0.001372,0.001371,0.00137,0.001369,0.001368,0.001367,0.001366,0.001365,0.001364,0.001363,0.001375,0.001376,0.001377,0.001378,0.00138,0.001381,0.001382,0.001383,0.001384,0.001385,388028,1240831,174522,1241625,10553,571462,221120,772255,211430,2546183,10996,37894,107944,16750,433252,766365,203056,1472427,930991,219749
40,0.001366,0.001365,0.001364,0.001363,0.001362,0.001361,0.00136,0.001359,0.001358,0.001357,0.001369,0.00137,0.001372,0.001373,0.001374,0.001375,0.001376,0.001377,0.001378,0.001379,650065,166255,1220137,1001503,1022617,220148,11110,547032,17626,203426,10996,401843,546846,1045013,381976,5907,705361,230934,547445,203426
41,0.001365,0.001364,0.001363,0.001362,0.001361,0.00136,0.001359,0.001358,0.001357,0.001356,0.001369,0.00137,0.001371,0.001372,0.001373,0.001374,0.001375,0.001376,0.001377,0.001378,167246,1059791,734968,1240237,741114,1193120,547032,17626,203426,744551,32342,401843,163234,1756998,726530,381976,210003,17395,230934,547445
42,0.001368,0.001367,0.001366,0.001365,0.001364,0.001363,0.001362,0.001361,0.00136,0.001359,0.001371,0.001372,0.001373,0.001375,0.001376,0.001377,0.001378,0.001379,0.00138,0.001381,12426,1303304,1006971,1330024,873637,549853,840548,1061914,215206,751577,209147,154619,105244,555558,1925604,760957,204545,1056024,365950,1276177
43,0.001368,0.001366,0.001365,0.001364,0.001363,0.001362,0.001361,0.00136,0.001359,0.001358,0.001369,0.00137,0.001372,0.001373,0.001374,0.001375,0.001376,0.001377,0.001378,0.001379,9187,53978,549048,312223,1247988,968816,998704,1254157,771987,221946,145448,663108,1703520,1317990,13066,1334743,17395,217868,204545,203426
44,0.001363,0.001362,0.001361,0.00136,0.001359,0.001358,0.001357,0.001356,0.001355,0.001354,0.001367,0.001368,0.001369,0.00137,0.001372,0.001373,0.001374,0.001375,0.001376,0.001377,547645,163771,548646,1055189,1054923,38655,204470,744551,203426,5179915,870421,315381,2437154,2392890,799042,237922,203723,555558,17395,14219
45,0.00136,0.001359,0.001358,0.001357,0.001356,0.001354,0.001353,0.001352,0.001351,0.00135,0.001363,0.001364,0.001365,0.001366,0.001367,0.001368,0.001369,0.00137,0.001371,0.001372,11110,547032,475659,911767,1387450,213141,744848,2874467,2230217,781334,7287,235745,162812,2322644,1473277,224560,547645,13066,204620,2931776
46,0.001366,0.001365,0.001364,0.001363,0.001362,0.001361,0.00136,0.001359,0.001358,0.001357,0.00137,0.001372,0.001373,0.001374,0.001375,0.001376,0.001377,0.001378,0.001379,0.00138,1380616,1792800,407484,1388148,870686,550863,215131,751877,222471,2206526,613795,484980,1140430,230750,1099179,236535,203947,2283556,203426,365950
47,0.001364,0.001363,0.001362,0.001361,0.00136,0.001359,0.001358,0.001357,0.001356,0.001355,0.001367,0.001368,0.001369,0.00137,0.001371,0.001372,0.001373,0.001374,0.001375,0.001376,12463,521293,164433,1022881,1302289,1763001,17626,204845,745970,2207826,29252,144612,697026,1819926,542409,807406,8521,217162,556770,236535
48,0.001358,0.001357,0.001356,0.001354,0.001353,0.001351,0.00135,0.001349,0.001348,0.001347,0.001361,0.001362,0.001363,0.001364,0.001365,0.001367,0.001368,0.001369,0.00137,0.001372,17626,223224,541125,559535,4292863,220377,781635,204620,2218381,746046,28549,1101877,1295798,1254299,1793022,220321,13066,224343,542063,204470
49,0.00136,0.001359,0.001358,0.001357,0.001356,0.001355,0.001354,0.001353,0.001352,0.001351,0.001364,0.001367,0.001368,0.001369,0.00137,0.001372,0.001373,0.001374,0.001375,0.001376,652352,671726,2079818,1297313,562144,929106,859234,1135332,2009765,220377,666301,1263148,1889796,704869,540910,204770,213442,204096,224596,222316
50,0.001353,0.001352,0.001351,0.00135,0.001349,0.001348,0.001347,0.001346,0.001345,0.001344,0.001356,0.001357,0.001359,0.00136,0.001361,0.001362,0.001363,0.001364,0.001365,0.001366,156641,1253322,1443126,2004092,1062008,454687,952333,205980,2512927,759299,62189,561916,194447,1434251,552079,219632,761303,559181,205524,205147
51,0.001349,0.001348,0.001347,0.001346,0.001345,0.001344,0.001343,0.001342,0.001341,0.00134,0.001352,0.001353,0.001355,0.001356,0.001357,0.001358,0.001359,0.00136,0.001361,0.001362,650457,313945,1817055,1322796,681866,1329795,626675,658102,327397,1098955,32383,616911,194447,1238386,780388,38753,212039,206513,555144,206132
52,0.00136,0.001358,0.001357,0.001356,0.001355,0.001354,0.001353,0.001352,0.001351,0.00135,0.001363,0.001364,0.001365,0.001366,0.001367,0.001368,0.001369,0.00137,0.001372,0.001373,552282,958691,1994167,1291418,772789,1219713,1091993,205449,2776470,231195,186182,146187,60741,514194,1817925,1515622,238747,218213,204770,213970
53,0.001355,0.001354,0.001353,0.001352,0.001351,0.00135,0.001349,0.001348,0.001347,0.001346,0.001359,0.00136,0.001361,0.001362,0.001364,0.001365,0.001366,0.001367,0.001369,0.00137,551673,173195,551673,664929,1382238,248154,1939722,1547181,2603954,2777385,374396,533285,1838255,1280031,229788,205071,205071,575699,238747,205147
54,0.001354,0.001353,0.001352,0.001351,0.00135,0.001349,0.001348,0.001347,0.001346,0.001345,0.001357,0.001358,0.001359,0.00136,0.001361,0.001363,0.001364,0.001366,0.001367,0.001368,280696,702127,186309,1202192,1077801,786062,206360,1232590,760215,2235258,56829,1074861,1225492,577636,1515405,13066,2602023,205071,575699,206360
55,0.001357,0.001356,0.001355,0.001354,0.001353,0.001352,0.001351,0.00135,0.001349,0.001348,0.001361,0.001363,0.001364,0.001366,0.001367,0.001368,0.001369,0.00137,0.001371,0.001372,649896,442985,2070388,1531395,1050013,744025,765982,538368,2555600,206360,570822,306424,1800641,13066,584571,220579,2695401,205147,758018,204770
56,0.001359,0.001358,0.001357,0.001356,0.001355,0.001354,0.001353,0.001352,0.001351,0.00135,0.001363,0.001364,0.001366,0.001367,0.001368,0.001369,0.00137,0.001371,0.001372,0.001373,564385,825042,1323960,609566,1364463,760726,1305504,205373,765982,230815,42461,645353,547223,1806865,8872,204921,218213,771016,204770,213970
57,0.001359,0.001358,0.001357,0.001356,0.001355,0.001354,0.001353,0.001352,0.001351,0.00135,0.001363,0.001364,0.001366,0.001367,0.001369,0.00137,0.001371,0.001372,0.001373,0.001374,12509,58322,543908,222477,1395618,693135,1305504,743646,765982,2242056,153214,2146522,1262440,575699,204921,218213,771016,2492588,213970,205449
58,0.001353,0.001352,0.001351,0.00135,0.001349,0.001348,0.001347,0.001346,0.001345,0.001344,0.001355,0.001357,0.001358,0.001359,0.00136,0.001361,0.001362,0.001363,0.001364,0.001365,554118,112981,560230,193318,1312724,1243502,1853827,760215,213517,766727,12564,473481,1320232,674973,81909,551065,8872,218742,560397,14219
59,0.001353,0.001352,0.001351,0.00135,0.001349,0.001348,0.001347,0.001346,0.001345,0.001344,0.001356,0.001357,0.001358,0.001359,0.00136,0.001361,0.001362,0.001363,0.001364,0.001365,554118,175435,1013978,1168159,784376,450779,1074781,760215,754591,766727,10996,12564,550495,683845,1394265,551065,844265,218742,766453,14219
60,0.001359,0.001358,0.001357,0.001355,0.001353,0.001352,0.001351,0.00135,0.001349,0.001348,0.001362,0.001364,0.001366,0.001367,0.001369,0.00137,0.001371,0.001372,0.001373,0.001374,551470,396943,1326392,1881518,1603864,205980,1805944,231043,2761580,205980,10996,560397,463095,1616801,219140,218213,757203,1480947,213970,205449
61,0.001358,0.001357,0.001356,0.001355,0.001354,0.001353,0.001352,0.001351,0.00135,0.001349,0.001361,0.001362,0.001363,0.001364,0.001365,0.001366,0.001367,0.001368,0.001369,0.00137,12518,552282,2949852,1164967,1052310,882380,538273,1805944,231043,2761580,45862,10198,403427,1651059,1052517,90781,577535,205147,219140,2135515
