timestamp,bid_price_0,bid_price_1,bid_price_2,bid_price_3,bid_price_4,bid_price_5,bid_price_6,bid_price_7,bid_price_8,bid_price_9,ask_price_0,ask_price_1,ask_price_2,ask_price_3,ask_price_4,ask_price_5,ask_price_6,ask_price_7,ask_price_8,ask_price_9,bid_size_0,bid_size_1,bid_size_2,bid_size_3,bid_size_4,bid_size_5,bid_size_6,bid_size_7,bid_size_8,bid_size_9,ask_size_0,ask_size_1,ask_size_2,ask_size_3,ask_size_4,ask_size_5,ask_size_6,ask_size_7,ask_size_8,ask_size_9
0,0.271,0.27,0.269,0.268,0.267,0.266,0.265,0.263,0.259,0.258,0.272,0.273,0.274,0.275,0.276,0.277,0.278,0.279,0.28,0.281,12416.8,36127.2,19547.4,12793.4,1911.9,952,3164.3,132.9,40.6,46,12201.9,25440.6,14481.1,14002.9,3904.3,4871.2,27296.3,16779.3,13441.4,849
1,0.271,0.27,0.269,0.268,0.267,0.266,0.265,0.263,0.259,0.258,0.272,0.273,0.274,0.275,0.276,0.277,0.278,0.279,0.28,0.281,19578.4,36436.6,19438.4,12793.9,1911.9,952,3164.3,132.9,40.6,46,12336.4,25390.2,14481.1,13896.3,5659.6,3222.1,5386.1,38702,13441.4,849
2,0.271,0.27,0.269,0.268,0.267,0.266,0.265,0.263,0.259,0.258,0.272,0.273,0.274,0.275,0.276,0.277,0.278,0.279,0.28,0.281,243.5,43338,21568.3,12710.2,2848.4,952,3164.3,132.9,40.6,46,12566.2,25186.8,15406.6,12973.1,5553.4,3433.7,4698.1,39306.7,13441.4,849
3,0.271,0.27,0.269,0.268,0.267,0.266,0.265,0.263,0.259,0.258,0.272,0.273,0.274,0.275,0.276,0.277,0.278,0.279,0.28,0.281,243.5,42892.7,26850,11864.4,2738.6,1062.2,3164.3,132.9,40.6,46,14036.7,25186.8,15406.6,12866.5,5447.2,3645.3,4497.8,39521.1,13441.4,849
4,0.27,0.269,0.268,0.267,0.266,0.265,0.263,0.259,0.258,0.255,0.272,0.273,0.274,0.275,0.276,0.277,0.278,0.279,0.28,0.281,33738,25197.2,12447.9,3544,1062.2,3164.3,132.9,40.6,46,1405,22518.9,25186.8,15225.3,12866.5,5447.2,6061.6,2131.6,39521.1,930.2,13396.1
5,0.271,0.27,0.269,0.268,0.267,0.266,0.265,0.263,0.259,0.258,0.272,0.273,0.274,0.275,0.276,0.277,0.278,0.279,0.28,0.281,243.5,34063.8,23206.5,11864.4,3905.4,952,3164.3,132.9,40.6,46,20845.4,25186.8,15225.3,13047.8,5659.6,5850,2131.6,39521.1,930.2,13396.1
6,0.271,0.27,0.269,0.268,0.267,0.266,0.265,0.263,0.259,0.258,0.272,0.273,0.274,0.275,0.276,0.277,0.278,0.279,0.28,0.281,243.5,33738,22311.7,11864.4,2738.6,1062.2,3164.3,132.9,40.6,46,20580.4,25186.8,15225.3,11914.1,249,7788.5,5603.2,39521.1,930.2,13396.1
7,0.271,0.27,0.269,0.268,0.267,0.266,0.265,0.263,0.259,0.258,0.272,0.273,0.274,0.275,0.276,0.277,0.278,0.279,0.28,0.281,294,34012,21984.7,10625.2,2738.6,1062.2,3164.3,132.9,40.6,46,16726.4,25186.8,15225.3,11489.3,673.8,7576.9,5814.2,39521.1,930.2,13396.1
8,0.271,0.27,0.269,0.268,0.267,0.266,0.265,0.263,0.259,0.258,0.272,0.273,0.274,0.275,0.276,0.277,0.278,0.279,0.28,0.281,12299.4,34324.2,21480.3,10624,2738.6,1062.2,3164.3,132.9,40.6,46,13175.6,25444.9,14299.8,12436.5,673.8,7576.9,5814.2,39501.3,930.2,13396.1
9,0.271,0.27,0.269,0.268,0.267,0.266,0.265,0.263,0.259,0.258,0.272,0.273,0.274,0.275,0.276,0.277,0.278,0.279,0.28,0.281,13489.4,36331.9,19247.7,11565.8,1911.9,952,3164.3,132.9,40.6,46,254,26404.8,15063.1,12436.5,673.8,7576.9,5814.2,39501.3,930.2,13396.1
10,0.271,0.27,0.269,0.268,0.267,0.266,0.265,0.263,0.259,0.258,0.272,0.273,0.274,0.275,0.276,0.277,0.278,0.279,0.28,0.281,13597.6,36223.3,19465.7,11661.3,1589.6,952,3164.3,132.9,40.6,46,254,26404.8,15063.1,12436.5,673.8,7471.1,5919.7,39487.5,930.2,13396.1
11,0.271,0.27,0.269,0.268,0.267,0.266,0.265,0.263,0.259,0.258,0.272,0.273,0.274,0.275,0.276,0.277,0.278,0.279,0.28,0.281,17557,37322.2,21384.3,9896.4,1440.7,2788.4,1270.6,132.9,40.6,46,125,24939.6,15063.1,12436.5,673.8,7576.9,5814.2,39487.5,930.2,13396.1
12,0.271,0.27,0.269,0.268,0.267,0.266,0.265,0.263,0.259,0.258,0.272,0.273,0.274,0.275,0.276,0.277,0.278,0.279,0.28,0.281,17557,38651.8,21384.3,9896.4,2607.2,2788.4,1270.6,132.9,40.6,46,125,24935.6,15063.1,12436.5,673.8,7471.1,5814.2,39592.6,930.2,13396.1
13,0.271,0.27,0.269,0.268,0.267,0.266,0.265,0.263,0.259,0.258,0.272,0.273,0.274,0.275,0.276,0.277,0.278,0.279,0.28,0.281,17778,38503.7,21384.3,9896.4,2607.2,2788.4,1270.6,132.9,40.6,46,125,24934.8,15063.1,12436.5,673.8,5822,7252.3,39802.8,930.2,13396.1
14,0.271,0.27,0.269,0.268,0.267,0.266,0.265,0.263,0.259,0.258,0.272,0.273,0.274,0.275,0.276,0.277,0.278,0.279,0.28,0.281,17778,38083.6,21595.2,9684.7,2607.2,2788.4,1270.6,132.9,40.6,46,125,24934.8,15063.1,12436.5,673.8,5822,3675.2,43379.9,930.2,13396.1
15,0.271,0.27,0.269,0.268,0.267,0.266,0.265,0.263,0.259,0.258,0.272,0.273,0.274,0.275,0.276,0.277,0.278,0.279,0.28,0.281,18191.5,38208.7,21384.3,9896.4,1440.7,2788.4,1270.6,132.9,40.6,46,125,24934.8,15063.1,12436.5,673.8,5716.2,3675.2,43274.8,1139.6,13396.1
16,0.271,0.27,0.269,0.268,0.267,0.266,0.265,0.263,0.259,0.258,0.272,0.273,0.274,0.275,0.276,0.277,0.278,0.279,0.28,0.281,19667.5,38208.7,21384.3,9896.4,1440.7,2788.4,1270.6,132.9,40.6,46,205,24934.8,15063.1,12436.5,673.8,5716.2,3675.2,43379.9,1034.9,13396.1
17,0.271,0.27,0.269,0.268,0.267,0.266,0.265,0.263,0.259,0.258,0.272,0.273,0.274,0.275,0.276,0.277,0.278,0.279,0.28,0.281,19667.5,38208.7,21384.3,9896.4,1440.7,2788.4,1270.6,132.9,40.6,46,205,24934.8,15063.1,12436.5,673.8,5716.2,7357.8,39630.9,1034.9,13396.1
18,0.271,0.27,0.269,0.268,0.267,0.266,0.265,0.263,0.259,0.258,0.272,0.273,0.274,0.275,0.276,0.277,0.278,0.279,0.28,0.281,19446.3,38584.9,21384.3,9896.4,1440.7,2788.4,1270.6,132.9,40.6,46,205,24934.8,15063.1,12436.5,673.8,5716.2,7357.8,39630.9,1034.9,13396.1
19,0.271,0.27,0.269,0.268,0.267,0.266,0.265,0.263,0.259,0.258,0.272,0.273,0.274,0.275,0.276,0.277,0.278,0.279,0.28,0.281,19446.3,38458.8,21384.3,9896.4,1440.7,2788.4,1270.6,132.9,40.6,46,142,24934.8,15063.1,12436.5,673.8,5716.2,7310.2,39630.9,1034.9,13396.1
20,0.271,0.27,0.269,0.268,0.267,0.266,0.265,0.263,0.259,0.258,0.272,0.273,0.274,0.275,0.276,0.277,0.278,0.279,0.28,0.281,15856.7,40559.6,21384.3,9896.4,1440.7,952,3132.9,132.9,40.6,46,12000.9,24934.8,14809.1,12436.5,673.8,5716.2,7415.7,39525.8,1034.9,13396.1
21,0.271,0.27,0.269,0.268,0.267,0.266,0.265,0.263,0.259,0.258,0.272,0.273,0.274,0.275,0.276,0.277,0.278,0.279,0.28,0.281,13883.6,40865.8,21400.7,10005.8,1440.7,952,3132.9,132.9,40.6,46,11973.9,24934.8,14809.1,12436.5,673.8,5716.2,7521.2,39525.8,930.2,13396.1
22,0.271,0.27,0.269,0.268,0.267,0.266,0.265,0.263,0.259,0.258,0.273,0.274,0.275,0.276,0.277,0.278,0.279,0.28,0.281,0.282,26172.1,38137.3,18217.9,9896.4,1550.5,952,3132.9,132.9,40.6,46,27634.5,18760.7,12436.5,1943,4252,8880,39420.7,1034.9,13500.4,898.7
23,0.271,0.27,0.269,0.268,0.267,0.266,0.265,0.264,0.263,0.259,0.273,0.274,0.275,0.276,0.277,0.278,0.279,0.28,0.281,0.282,26280.3,38137.3,19454,9896.4,1440.7,952,3132.9,113.4,19.1,40.6,29099.7,20450.7,12436.5,1943,4252,5197.4,42947.5,1139.6,13500.4,898.7
24,0.272,0.271,0.27,0.269,0.268,0.267,0.266,0.265,0.264,0.263,0.273,0.274,0.275,0.276,0.277,0.278,0.279,0.28,0.281,0.282,3211.1,23960.8,36171.4,19328.6,10005.8,1440.7,2787.7,1270.6,113.4,19.1,27470,23033.7,12436.5,1943,4252,5197.4,42947.5,1244.3,13396.1,898.7
25,0.272,0.271,0.27,0.269,0.268,0.267,0.266,0.265,0.264,0.263,0.273,0.274,0.275,0.276,0.277,0.278,0.279,0.28,0.281,0.282,10531,26292.4,33483.1,18945.4,9896.4,1550.5,2787.7,1270.6,113.4,19.1,24240.9,23239.1,12000.8,1953.4,4676.8,5197.4,42858,1340.3,13396.1,898.7
26,0.272,0.271,0.27,0.269,0.268,0.267,0.266,0.265,0.264,0.263,0.273,0.274,0.275,0.276,0.277,0.278,0.279,0.28,0.281,0.282,15173.6,28031.8,32763.5,18066.2,9645.8,1440.7,2787.7,1270.6,113.4,19.1,12859.2,26440.2,11571.4,1624.1,1127.7,8746.5,42858,1235.6,13500.4,898.7
27,0.272,0.271,0.27,0.269,0.268,0.267,0.266,0.265,0.264,0.263,0.273,0.274,0.275,0.276,0.277,0.278,0.279,0.28,0.281,0.282,15114,31358.9,33004.4,14605.5,10807.9,1440.7,2787.7,1270.6,113.4,19.1,13224.2,25489.6,11053.6,1624.1,1127.7,8746.5,42858,1157.1,13578.9,898.7
28,0.272,0.271,0.27,0.269,0.268,0.267,0.266,0.265,0.264,0.263,0.273,0.274,0.275,0.276,0.277,0.278,0.279,0.28,0.281,0.282,15112.9,31212.4,33043.1,14714.6,10807.9,1440.7,2787.7,1270.6,113.4,19.1,13224.2,25489.6,11053.6,1624.1,1127.7,8746.5,42858,1261.8,13474.6,898.7
29,0.272,0.271,0.27,0.269,0.268,0.267,0.266,0.265,0.264,0.263,0.273,0.274,0.275,0.276,0.277,0.278,0.279,0.28,0.281,0.282,14472.6,31419.6,33043.1,14566.7,9794.1,1440.7,2787.7,1270.6,113.4,19.1,13275.8,25439,10746.4,1931.8,1127.7,8746.5,43068.2,1052.4,13474.6,898.7
30,0.272,0.271,0.27,0.269,0.268,0.267,0.266,0.265,0.264,0.263,0.273,0.274,0.275,0.276,0.277,0.278,0.279,0.28,0.281,0.282,2185.9,29851.8,33303.2,15592.5,10005.8,1440.7,2787.7,1270.6,113.4,19.1,13691.4,25233.6,11685.7,2387.9,4676.8,5197.4,43068.2,1052.4,13474.6,898.7
31,0.272,0.271,0.27,0.269,0.268,0.267,0.266,0.265,0.264,0.263,0.273,0.274,0.275,0.276,0.277,0.278,0.279,0.28,0.281,0.282,1646.6,37013.9,33023.9,15701.5,9896.4,1550.5,2787.7,1270.6,113.4,19.1,15156.6,25233.6,11685.7,2812.7,4252,5302.9,42963.1,1052.4,13474.6,898.7
32,0.272,0.271,0.27,0.269,0.268,0.267,0.266,0.265,0.264,0.263,0.273,0.274,0.275,0.276,0.277,0.278,0.279,0.28,0.281,0.282,1646.6,36201.9,33132.8,15592.9,9896.4,2717,2787.7,1270.6,113.4,19.1,15156.6,25233.6,11685.7,2387.9,4676.8,5197.4,20957,23165.8,13474.6,898.7
33,0.272,0.271,0.27,0.269,0.268,0.267,0.266,0.265,0.264,0.263,0.273,0.274,0.275,0.276,0.277,0.278,0.279,0.28,0.281,0.282,1646.6,36201.9,33132.8,15592.9,11058.5,1550.5,2787.7,1270.6,113.4,19.1,16621.8,25233.6,11685.7,991.9,1127.7,8746.5,20393.2,23757.9,13474.6,898.7
34,0.272,0.271,0.27,0.269,0.268,0.267,0.266,0.265,0.264,0.263,0.273,0.274,0.275,0.276,0.277,0.278,0.279,0.28,0.281,0.282,13479.4,36150.3,34370.1,14568,10846.8,1550.5,2787.7,1270.6,113.4,19.1,16206.2,25438.9,10746.4,1934.3,1127.7,8746.5,20393.2,23757.9,927.5,13433.6
35,0.272,0.271,0.27,0.269,0.268,0.267,0.266,0.265,0.264,0.263,0.273,0.274,0.275,0.276,0.277,0.278,0.279,0.28,0.281,0.282,13682.6,36555.5,32515.1,15592.3,11167.9,1440.7,2787.7,1270.6,113.4,19.1,14689.4,25489.3,10746.4,1934.3,1127.7,7688.7,21485.5,23757.9,927.5,13433.6
36,0.272,0.271,0.27,0.269,0.268,0.267,0.266,0.265,0.264,0.263,0.273,0.274,0.275,0.276,0.277,0.278,0.279,0.28,0.281,0.282,22427.1,36772.3,24720.1,14567.1,10956.2,1440.7,2787.7,1270.6,113.4,19.1,13832.4,25489.3,10746.4,1934.3,1127.7,7688.7,21485.5,23757.9,927.5,13433.6
37,0.272,0.271,0.27,0.269,0.268,0.267,0.266,0.265,0.264,0.263,0.273,0.274,0.275,0.276,0.277,0.278,0.279,0.28,0.281,0.282,22043.1,39313.4,22411.9,15551.6,9861.2,1440.7,2787.7,1270.6,113.4,19.1,749.7,25220.9,11509.5,1934.3,1127.7,7583.2,20889,24474.7,927.5,13433.6
