timestamp,bid_price_0,bid_price_1,bid_price_2,bid_price_3,bid_price_4,bid_price_5,bid_price_6,bid_price_7,bid_price_8,bid_price_9,ask_price_0,ask_price_1,ask_price_2,ask_price_3,ask_price_4,ask_price_5,ask_price_6,ask_price_7,ask_price_8,ask_price_9,bid_size_0,bid_size_1,bid_size_2,bid_size_3,bid_size_4,bid_size_5,bid_size_6,bid_size_7,bid_size_8,bid_size_9,ask_size_0,ask_size_1,ask_size_2,ask_size_3,ask_size_4,ask_size_5,ask_size_6,ask_size_7,ask_size_8,ask_size_9
0,0.273,0.272,0.271,0.27,0.269,0.268,0.267,0.265,0.263,0.259,0.274,0.275,0.276,0.277,0.278,0.279,0.28,0.281,0.282,0.283,42503.4,39545.1,18375.1,15299,2035.8,1307.1,2275.2,8056,41.4,40.6,1917.7,23914.8,9616.2,3631.9,1809.5,17808.1,8775.3,22887.1,78.5,12230.8
1,0.273,0.272,0.271,0.27,0.269,0.268,0.267,0.265,0.263,0.259,0.274,0.275,0.276,0.277,0.278,0.279,0.28,0.281,0.282,0.283,34505.1,39841.1,18266.9,15299,2144.8,1307.1,2275.2,8056,41.4,40.6,9442.4,24428.2,8690.7,3631.9,1809.5,17808.1,8775.3,22887.1,78.5,12230.8
2,0.273,0.272,0.271,0.27,0.269,0.268,0.267,0.265,0.263,0.259,0.274,0.275,0.276,0.277,0.278,0.279,0.28,0.281,0.282,0.283,34710.6,42307.5,18521.7,15043.2,2144.8,1307.1,2275.2,8056,41.4,40.6,1917.7,20997.9,9618.5,3631.9,1809.5,17808.1,9399.3,22176.7,78.5,12230.8
3,0.273,0.272,0.271,0.27,0.269,0.268,0.267,0.265,0.263,0.259,0.274,0.275,0.276,0.277,0.278,0.279,0.28,0.281,0.282,0.283,34117.6,36883.1,18375.1,15299,2035.8,1307.1,2275.2,8056,41.4,40.6,9922.2,24485.9,8690.7,3631.9,1809.5,17808.1,9399.3,22176.7,78.5,12230.8
4,0.273,0.272,0.271,0.27,0.269,0.268,0.267,0.265,0.263,0.259,0.274,0.275,0.276,0.277,0.278,0.279,0.28,0.281,0.282,0.283,33828.2,44569.3,16889.5,15190.4,2253.8,1307.1,2275.2,8056,41.4,40.6,9922.2,21464.7,8690.7,3631.9,1809.5,17808.1,9399.3,22176.7,78.5,12230.8
5,0.273,0.272,0.271,0.27,0.269,0.268,0.267,0.265,0.263,0.259,0.274,0.275,0.276,0.277,0.278,0.279,0.28,0.281,0.282,0.283,32888.9,42245.5,16991.6,15190.4,2253.8,1307.1,2275.2,8056,41.4,40.6,9908,24514.9,8690.7,3631.9,1809.5,17808.1,9399.3,22176.7,78.5,12230.8
6,0.273,0.272,0.271,0.27,0.269,0.268,0.267,0.265,0.263,0.259,0.274,0.275,0.276,0.277,0.278,0.279,0.28,0.281,0.282,0.283,32853.2,39320.1,16991.6,15190.4,2253.8,1307.1,2275.2,8056,41.4,40.6,14378.1,21464.7,8690.7,3631.9,1809.5,17808.1,9399.3,22176.7,78.5,12230.8
7,0.273,0.272,0.271,0.27,0.269,0.268,0.267,0.265,0.263,0.259,0.274,0.275,0.276,0.277,0.278,0.279,0.28,0.281,0.282,0.283,35053.2,42542.6,16866.1,15291.4,2253.8,1307.1,430,8056,41.4,40.6,2108.5,24033.8,9615.3,3631.9,1809.5,17808.1,5822.2,25753.8,78.5,12230.8
8,0.273,0.272,0.271,0.27,0.269,0.268,0.267,0.266,0.265,0.263,0.274,0.275,0.276,0.277,0.278,0.279,0.28,0.281,0.282,0.283,25107.7,57378.9,18851.5,15291.4,2253.8,1307.1,430,1830.4,8056,41.4,14369.9,21465.5,8690.7,3635.9,1809.5,23006.3,4305.8,22072.4,78.5,12230.8
9,0.273,0.272,0.271,0.27,0.269,0.268,0.267,0.266,0.265,0.263,0.274,0.275,0.276,0.277,0.278,0.279,0.28,0.281,0.282,0.283,25056.9,54497.7,18743.3,15252.8,2292.5,1416.5,430,1830.4,8056,41.4,14572.5,21262.4,8796.9,3530.1,1809.5,23006.3,4305.8,22072.4,78.5,12230.8
10,0.273,0.272,0.271,0.27,0.269,0.268,0.267,0.266,0.265,0.263,0.274,0.275,0.276,0.277,0.278,0.279,0.28,0.281,0.282,0.283,25212.7,57319.9,17536.8,16152.6,2502.9,1525.9,430,1855.5,8056,41.4,14319.9,24633,8796.9,3530.1,1809.5,23006.3,4305.8,22072.4,78.5,12230.8
11,0.273,0.272,0.271,0.27,0.269,0.268,0.267,0.265,0.263,0.259,0.274,0.275,0.276,0.277,0.278,0.279,0.28,0.281,0.282,0.283,19714.3,54208.4,17536.8,16044,2502.9,1635.3,2337.7,8056,41.4,40.6,15937.4,20180,8796.9,3530.1,1809.5,23006.3,4305.8,22072.4,78.5,12230.8
12,0.273,0.272,0.271,0.27,0.269,0.268,0.267,0.265,0.263,0.259,0.274,0.275,0.276,0.277,0.278,0.279,0.28,0.281,0.282,0.283,19629.2,57877.3,19736.8,16152.6,2284.9,1744.7,2337.7,8056,41.4,40.6,16505.4,23364.1,8796.9,3530.1,1809.5,23006.3,4305.8,22072.4,78.5,12230.8
13,0.273,0.272,0.271,0.27,0.269,0.268,0.267,0.265,0.263,0.259,0.274,0.275,0.276,0.277,0.278,0.279,0.28,0.281,0.282,0.283,19628,52118.1,19736.8,16044,2502.9,1635.3,2314.2,8056,41.4,40.6,15733.3,23545.5,8796.9,3530.1,1809.5,23006.3,4305.8,22084.4,78.5,12230.8
14,0.273,0.272,0.271,0.27,0.269,0.268,0.267,0.265,0.263,0.259,0.274,0.275,0.276,0.277,0.278,0.279,0.28,0.281,0.282,0.283,19772.1,52577.8,19218.5,16509.4,1926.8,1744.7,2322.4,8056,41.4,40.6,14650.9,24609.8,8796.9,3530.1,1809.5,23006.3,4305.8,22084.4,78.5,12230.8
15,0.273,0.272,0.271,0.27,0.269,0.268,0.267,0.265,0.263,0.259,0.274,0.275,0.276,0.277,0.278,0.279,0.28,0.281,0.282,0.283,19808.1,46744.1,18855.8,15400,2144.8,1416.5,2348,8056,41.4,40.6,10119.8,21573.5,8796.9,3530.1,1809.5,23006.3,4305.8,22084.4,78.5,12230.8
16,0.273,0.272,0.271,0.27,0.269,0.268,0.267,0.265,0.263,0.259,0.274,0.275,0.276,0.277,0.278,0.279,0.28,0.281,0.282,0.283,19523.8,59511.7,19373.5,15617.2,2035.8,1307.1,2296.7,8056,41.4,40.6,14329.9,24627.7,8903.1,3635.9,1809.5,19457.2,7847.9,22084.4,78.5,12230.8
17,0.273,0.272,0.271,0.27,0.269,0.268,0.267,0.265,0.263,0.259,0.274,0.275,0.276,0.277,0.278,0.279,0.28,0.281,0.282,0.283,19626.8,50194.8,18855.8,15725.8,1926.8,1307.1,2349.1,8056,41.4,40.6,14279,21515.5,8690.7,3953.3,1809.5,17808.1,9497,22084.4,78.5,12230.8
18,0.273,0.272,0.271,0.27,0.269,0.268,0.267,0.265,0.263,0.259,0.274,0.275,0.276,0.277,0.278,0.279,0.28,0.281,0.282,0.283,27119.4,48086.9,16649.4,15725.8,1926.8,1307.1,2285.7,8056,41.4,40.6,14325.7,21464,8690.7,3953.3,1809.5,17808.1,9392.3,22188.7,78.5,12230.8
19,0.273,0.272,0.271,0.27,0.269,0.268,0.267,0.265,0.263,0.259,0.274,0.275,0.276,0.277,0.278,0.279,0.28,0.281,0.282,0.283,27071.5,47934.8,16899.9,15516.2,1926.8,1307.1,2285.7,8056,41.4,40.6,14325.7,24512.2,8690.7,3953.3,1809.5,17383.3,9817.1,22188.7,78.5,12230.8
20,0.273,0.272,0.271,0.27,0.269,0.268,0.267,0.265,0.263,0.259,0.274,0.275,0.276,0.277,0.278,0.279,0.28,0.281,0.282,0.283,27275.9,38699.6,16899.9,15516.2,1926.8,1307.1,2285.7,8056,41.4,40.6,1546.7,20997.3,9728.2,3847.5,1809.5,17383.3,9817.1,22188.7,78.5,12230.8
21,0.273,0.272,0.271,0.27,0.269,0.268,0.267,0.265,0.263,0.259,0.274,0.275,0.276,0.277,0.278,0.279,0.28,0.281,0.282,0.283,39654.8,47015.8,17539.3,14826,1926.8,1307.1,2263.3,8056,41.4,40.6,1546.7,20997.3,9728.2,3847.5,1809.5,17383.3,9817.1,22188.7,78.5,12230.8
22,0.273,0.272,0.271,0.27,0.269,0.268,0.267,0.265,0.263,0.259,0.274,0.275,0.276,0.277,0.278,0.279,0.28,0.281,0.282,0.283,39654.6,45438.7,16318,14826,1926.8,1307.1,2263.3,8056,41.4,40.6,1546.7,23900.3,9622,3847.5,1915,17383.3,9817.1,22188.7,78.5,12230.8
23,0.273,0.272,0.271,0.27,0.269,0.268,0.267,0.265,0.263,0.259,0.274,0.275,0.276,0.277,0.278,0.279,0.28,0.281,0.282,0.283,39551.8,42523.4,16318,14826,1926.8,1307.1,2263.3,8056,41.4,40.6,1546.7,20997.3,9622,3635.9,2020.5,17488.4,9817.1,22188.7,78.5,12230.8
24,0.274,0.273,0.272,0.271,0.27,0.269,0.268,0.267,0.265,0.263,0.275,0.276,0.277,0.278,0.279,0.28,0.281,0.282,0.283,0.285,20208.3,56119,27955.5,16318,14826,1025.3,1908.2,430,8056,41.4,14401.4,16141.8,2605.5,2850.4,18429.2,1961,30859.7,78.5,12334.4,36.9
25,0.274,0.273,0.272,0.271,0.27,0.269,0.268,0.267,0.265,0.263,0.275,0.276,0.277,0.278,0.279,0.28,0.281,0.282,0.283,0.285,20310,63143.3,23824.6,16209.5,14826,1025.3,1834.9,430,8056,41.4,14122.8,13105.9,2605.5,2744.9,18324.1,2065.7,9228.8,21692.3,12334.4,36.9
26,0.274,0.273,0.272,0.271,0.27,0.269,0.267,0.266,0.265,0.263,0.275,0.276,0.277,0.278,0.279,0.28,0.281,0.282,0.283,0.285,20544.9,61323.2,26114.3,15892.4,14826,1025.3,430,112.5,7943,41.4,14627.8,12904.4,2605.5,2744.9,18324.1,1536.2,9757.9,21692.3,12334.4,36.9
27,0.274,0.273,0.272,0.271,0.27,0.269,0.268,0.267,0.266,0.265,0.275,0.276,0.277,0.278,0.279,0.28,0.281,0.282,0.283,0.285,20646.6,61244.9,23113.3,16101.3,14826,1025.3,1823.3,430,112.5,7943,14627.8,16059,2605.5,2744.9,18429.2,1961,9228.8,21692.3,12334.4,36.9
28,0.274,0.273,0.272,0.271,0.27,0.269,0.268,0.267,0.266,0.265,0.275,0.276,0.277,0.278,0.279,0.28,0.281,0.282,0.283,0.284,18339.6,66475.5,20596.2,15993.1,15043.2,1025.3,1919.3,430,112.5,7943,19409.8,16085.4,3536,1915,18534.3,1856.3,8775.3,22027,103.6,12196.5
29,0.274,0.273,0.272,0.271,0.27,0.269,0.267,0.266,0.265,0.263,0.275,0.276,0.277,0.278,0.279,0.28,0.281,0.282,0.283,0.284,17279.6,66835.8,20301.9,15993.1,15043.2,1025.3,2302.8,112.5,7943,41.4,19409.8,16121.9,3536,2126,18324.1,1856.3,8775.3,21948.5,182.1,12196.5
30,0.274,0.273,0.272,0.271,0.27,0.269,0.267,0.266,0.265,0.263,0.275,0.276,0.277,0.278,0.279,0.28,0.281,0.282,0.283,0.284,19639,69691,20301.9,15993.1,15043.2,1025.3,2302.8,112.5,7943,41.4,14627.8,12904.4,3536,2126,18324.1,1856.3,8775.3,21948.5,182.1,12196.5
31,0.274,0.273,0.272,0.271,0.27,0.269,0.267,0.266,0.265,0.263,0.275,0.276,0.277,0.278,0.279,0.28,0.281,0.282,0.283,0.284,20741.1,46811.5,20301.9,15993.1,15043.2,1025.3,2349.1,112.5,7943,41.4,14627.8,12904.4,3405.6,2257.9,18324.1,1239.3,9397.8,21948.5,182.1,12196.5
32,0.274,0.273,0.272,0.271,0.27,0.269,0.268,0.267,0.266,0.265,0.275,0.276,0.277,0.278,0.279,0.28,0.281,0.282,0.283,0.284,20741.1,54821.6,21492.5,15884,15151.8,1025.3,1867.2,374,112.5,7943,14625.6,16045.2,3405.6,2257.9,18324.1,1239.3,9397.8,21948.5,182.1,12196.5
33,0.274,0.273,0.272,0.271,0.27,0.269,0.267,0.266,0.265,0.263,0.275,0.276,0.277,0.278,0.279,0.28,0.281,0.282,0.283,0.284,20637.7,50311.3,19995.1,15806.7,15151.8,1025.3,2193.4,112.5,7943,41.4,14627.4,16040.6,3405.6,2257.9,18324.1,1239.3,9397.8,21948.5,182.1,12196.5
34,0.274,0.273,0.272,0.271,0.27,0.269,0.267,0.266,0.265,0.263,0.275,0.276,0.277,0.278,0.279,0.28,0.281,0.282,0.283,0.284,20740.2,50238,19589.9,15452.1,15508.7,1025.3,2193.4,112.5,7943,41.4,13513.3,16155.8,3299.8,2257.9,18324.1,1239.3,5820.7,25525.6,182.1,12196.5
35,0.274,0.273,0.272,0.271,0.27,0.269,0.267,0.266,0.265,0.263,0.275,0.276,0.277,0.278,0.279,0.28,0.281,0.282,0.283,0.284,20740.2,53299,19589.9,15452.1,15508.7,1025.3,2193.4,112.5,7943,41.4,13687.5,16564,3088.2,2257.9,18324.1,1239.3,5820.7,25525.6,182.1,12196.5
36,0.274,0.273,0.272,0.271,0.27,0.269,0.267,0.266,0.265,0.263,0.275,0.276,0.277,0.278,0.279,0.28,0.281,0.282,0.283,0.284,20738.6,47522.8,19589.9,15450.6,15508.7,1025.3,2193.4,112.5,7943,41.4,14007.3,16233.6,3088.2,2257.9,18324.1,1239.3,5820.7,25525.6,182.1,12196.5
37,0.274,0.273,0.272,0.271,0.27,0.269,0.267,0.266,0.265,0.263,0.275,0.276,0.277,0.278,0.279,0.28,0.281,0.282,0.283,0.284,20737.2,50566.8,20020.7,14869.3,15400.1,1243.3,2193.4,112.5,7943,41.4,14487.7,16237.6,3088.2,2257.9,16819.7,2745,5820.7,25525.6,182.1,12196.5
38,0.274,0.273,0.272,0.271,0.27,0.269,0.267,0.266,0.265,0.263,0.275,0.276,0.277,0.278,0.279,0.28,0.281,0.282,0.283,0.284,20737.5,47405.7,20020.7,14868.9,15400.1,1243.3,2193.4,112.5,7943,41.4,14689,16041.1,2771.6,2574,16819.7,2745,5820.7,25629.6,78.5,12196.5
39,0.274,0.273,0.272,0.271,0.27,0.269,0.267,0.266,0.265,0.263,0.275,0.276,0.277,0.278,0.279,0.28,0.281,0.282,0.283,0.284,18278.5,35453.4,20020.7,14867.3,15400.1,1243.3,2193.4,112.5,7943,41.4,14689,12904.4,2771.6,2574,16819.7,2745,5820.7,25629.6,78.5,12196.5
40,0.274,0.273,0.272,0.271,0.27,0.269,0.267,0.266,0.265,0.263,0.275,0.276,0.277,0.278,0.279,0.28,0.281,0.282,0.283,0.284,20737.8,44386.6,18810.9,16081.8,15035.7,1609,2193.4,112.5,7943,41.4,14487.7,16286.8,2771.6,2679.5,16714.6,2745,5820.7,25629.6,78.5,12196.5
41,0.274,0.273,0.272,0.271,0.27,0.269,0.267,0.266,0.265,0.263,0.275,0.276,0.277,0.278,0.279,0.28,0.281,0.282,0.283,0.284,11752.1,38310.6,18810.9,16079.6,14826,1819.4,2193.4,112.5,7943,41.4,17972.3,12792.8,2771.6,2679.5,16714.6,2745,5925,25525.6,78.5,12196.5
42,0.274,0.273,0.272,0.271,0.27,0.269,0.267,0.266,0.265,0.263,0.275,0.276,0.277,0.278,0.279,0.28,0.281,0.282,0.283,0.284,8521.2,38268.7,22065.6,16079.6,14826,1819.4,2249.6,112.5,7943,41.4,22754.3,9622,2771.6,2679.5,16714.6,2745,5925,25525.6,78.5,12196.5
43,0.273,0.272,0.271,0.27,0.269,0.268,0.267,0.266,0.265,0.263,0.274,0.275,0.276,0.277,0.278,0.279,0.28,0.281,0.282,0.283,39741.5,33045.2,19215.2,16932.6,2610.2,1114.1,374,1817.7,8056,41.4,1038.9,26018.1,10449.3,3571.4,2679.5,16408.8,6703.9,4199.6,21990.3,78.5
44,0.273,0.272,0.271,0.27,0.269,0.268,0.267,0.266,0.265,0.263,0.274,0.275,0.276,0.277,0.278,0.279,0.28,0.281,0.282,0.283,29509.8,39865.1,20429.6,15713.7,2719.2,1004.7,374,1817.7,8056,41.4,1955.8,25804.9,10555.5,3571.4,2574,16408.8,6703.9,4199.6,22068.8,12159.5
45,0.273,0.272,0.271,0.27,0.269,0.268,0.267,0.265,0.263,0.259,0.274,0.275,0.276,0.277,0.278,0.279,0.28,0.281,0.282,0.283,29408.9,39382,19215.2,16932.6,2719.2,1004.7,2263.7,8056,41.4,40.6,9222.2,26271.2,9624.2,3571.4,2574,16408.8,6703.9,4199.6,22068.8,12159.5
46,0.273,0.272,0.271,0.27,0.269,0.268,0.267,0.265,0.263,0.259,0.274,0.275,0.276,0.277,0.278,0.279,0.28,0.281,0.282,0.283,29056.2,54985.5,19731.5,16932.6,2610.2,1114.1,2263.7,8056,41.4,40.6,14207.5,29209,9624.2,4020.2,2125.6,16408.8,7337.7,3577.1,22068.8,12159.5
47,0.273,0.272,0.271,0.27,0.269,0.268,0.267,0.265,0.263,0.259,0.274,0.275,0.276,0.277,0.278,0.279,0.28,0.281,0.282,0.283,28584.9,48220.9,19731.5,16932.6,2244.5,1481.2,2263.7,8056,41.4,40.6,14207.5,29231,9624.2,4020.2,2231.1,16303.7,7337.7,3577.1,22068.8,12159.5
48,0.273,0.272,0.271,0.27,0.269,0.268,0.267,0.265,0.263,0.259,0.274,0.275,0.276,0.277,0.278,0.279,0.28,0.281,0.282,0.283,28296.4,53412.3,19797.6,16932.6,2392.2,1332.9,2263.7,8056,41.4,40.6,14207.5,29306.9,9624.2,4020.2,2125.6,16408.8,7337.7,3577.1,22068.8,12159.5
49,0.273,0.272,0.271,0.27,0.269,0.268,0.267,0.265,0.263,0.259,0.274,0.275,0.276,0.277,0.278,0.279,0.28,0.281,0.282,0.283,28015.3,55177.5,19797.6,16932.6,2244.5,1481.2,2263.7,8056,41.4,40.6,14207.5,26219.9,9624.2,4020.2,2125.6,16408.8,7337.7,3577.1,22068.8,12159.5
50,0.273,0.272,0.271,0.27,0.269,0.268,0.267,0.265,0.263,0.259,0.274,0.275,0.276,0.277,0.278,0.279,0.28,0.281,0.282,0.283,27870.9,53577.8,21476.1,16824,2353.5,1481.2,2263.7,8056,41.4,40.6,14348.5,29336.4,9624.2,4020.2,2125.6,16408.8,7337.7,3577.1,22068.8,12159.5
51,0.273,0.272,0.271,0.27,0.269,0.268,0.267,0.265,0.263,0.259,0.274,0.275,0.276,0.277,0.278,0.279,0.28,0.281,0.282,0.283,27871,58260.5,15441.7,16153.5,2244.5,1481.2,2263.7,8056,41.4,40.6,14348.5,29104.6,8796.9,3220.4,2125.6,16408.8,7337.7,3577.1,22068.8,12159.5
52,0.273,0.272,0.271,0.27,0.269,0.268,0.267,0.265,0.263,0.259,0.274,0.275,0.276,0.277,0.278,0.279,0.28,0.281,0.282,0.283,27871,57622.9,20639.2,16153.5,2244.6,1481.2,2263.7,8056,41.4,40.6,14348.5,29108.5,9758.2,3220.4,2125.6,17913,5832,3577.1,22068.8,12159.5
53,0.273,0.272,0.271,0.27,0.269,0.268,0.267,0.265,0.263,0.259,0.274,0.275,0.276,0.277,0.278,0.279,0.28,0.281,0.282,0.283,25407,60396.7,20639.2,16153.5,2392.3,1332.9,2263.7,8056,41.4,40.6,14348.5,28893.7,9758.2,3537.2,1809.5,17913,5832,3577.1,22068.8,12159.5
54,0.273,0.272,0.271,0.27,0.269,0.268,0.267,0.265,0.263,0.259,0.274,0.275,0.276,0.277,0.278,0.279,0.28,0.281,0.282,0.283,25158.3,56422.3,22215.6,16044.9,2353.6,1481.2,2263.7,8056,41.4,40.6,14554.3,28681.1,9758.2,3537.2,1809.5,17913,5832,3577.1,22068.8,12159.5
55,0.273,0.272,0.271,0.27,0.269,0.268,0.267,0.265,0.263,0.259,0.274,0.275,0.276,0.277,0.278,0.279,0.28,0.281,0.282,0.283,25212.2,54777.7,22215.6,16044.9,2143.1,1692.4,2263.7,8056,41.4,40.6,14554.3,28753,9758.2,3537.2,1809.5,17913,5832,25169.4,455,12159.5
56,0.273,0.272,0.271,0.27,0.269,0.268,0.267,0.265,0.263,0.259,0.274,0.275,0.276,0.277,0.278,0.279,0.28,0.281,0.282,0.283,25212.2,54637.5,22215.6,16044.9,2143.1,1692.4,2263.7,8056,41.4,40.6,14493.3,28753,9758.2,3537.2,1809.5,17913,5832,25169.4,455,12159.5
57,0.273,0.272,0.271,0.27,0.269,0.268,0.267,0.265,0.263,0.259,0.274,0.275,0.276,0.277,0.278,0.279,0.28,0.281,0.282,0.283,8206.6,50805.9,22915.5,15846.6,3069,1692.4,374,8056,41.4,40.6,15817.7,24601.6,10600.2,2606.7,2339.8,20932.2,2282.9,25169.4,455,12159.5
58,0.273,0.272,0.271,0.27,0.269,0.268,0.267,0.265,0.263,0.259,0.274,0.275,0.276,0.277,0.278,0.279,0.28,0.281,0.282,0.283,17658.8,45438.9,22915.5,14627.7,3069,1692.4,2288,8056,41.4,40.6,15727.8,24601.6,10600.2,2606.7,2234.3,21037.3,2282.9,25533.1,78.5,12159.5
59,0.273,0.272,0.271,0.27,0.269,0.268,0.267,0.265,0.263,0.259,0.274,0.275,0.276,0.277,0.278,0.279,0.28,0.281,0.282,0.283,8276.2,50709.8,22915.5,14627.7,3069,1544.1,2405.5,8056,41.4,40.6,15728.2,27759.4,10600.2,2606.7,2339.8,20932.2,5860,21956,78.5,12159.5
60,0.273,0.272,0.271,0.27,0.269,0.268,0.267,0.266,0.265,0.263,0.274,0.275,0.276,0.277,0.278,0.279,0.28,0.281,0.282,0.283,15301.5,48576.8,25115.5,14627.7,3069,1544.1,522.9,1833.1,8056,41.4,16795.2,24601.6,10600.2,2606.7,2339.8,20932.2,5860,21956,78.5,12159.5
61,0.273,0.272,0.271,0.27,0.269,0.268,0.267,0.266,0.265,0.263,0.274,0.275,0.276,0.277,0.278,0.279,0.28,0.281,0.282,0.283,17659.8,41320.4,25115.5,14627.7,3069,1692.5,374,1833.1,8056,41.4,16371.2,24805.1,10600.2,2606.7,2234.3,21037.3,5860,21956,78.5,12159.5
62,0.273,0.272,0.271,0.27,0.269,0.268,0.267,0.266,0.265,0.263,0.274,0.275,0.276,0.277,0.278,0.279,0.28,0.281,0.282,0.283,17659.8,42922.3,25115.5,14627.7,2960,1434.8,593.6,1833.1,8056,41.4,16371.2,27958,10600.2,2606.7,2234.3,21037.3,5902.6,21956,78.5,12159.5
63,0.273,0.272,0.271,0.27,0.269,0.268,0.267,0.266,0.265,0.263,0.274,0.275,0.276,0.277,0.278,0.279,0.28,0.281,0.282,0.283,17659.8,39756.5,25013.4,14627.7,2960,1692.5,483.8,1833.1,8056,41.4,15060.2,24806.2,10600.2,2606.7,2234.3,21037.3,5902.6,21956,78.5,12159.5
64,0.273,0.272,0.271,0.27,0.269,0.268,0.267,0.266,0.265,0.263,0.274,0.275,0.276,0.277,0.278,0.279,0.28,0.281,0.282,0.283,15449.5,48366.7,24947.3,14627.7,2960,1583.1,593.6,1833.1,8056,41.4,15321.5,27718.7,10600.2,2606.7,2234.3,21037.3,5902.6,21956,78.5,12159.5
65,0.273,0.272,0.271,0.27,0.269,0.268,0.267,0.266,0.265,0.263,0.274,0.275,0.276,0.277,0.278,0.279,0.28,0.281,0.282,0.283,8276.2,45643.1,24947.3,14627.7,2960,1325.4,852.3,1925.1,8056,41.4,15361.5,27798.9,10600.2,2606.7,2234.3,21037.3,5902.6,21956,78.5,12159.5
66,0.273,0.272,0.271,0.27,0.269,0.268,0.267,0.266,0.265,0.263,0.274,0.275,0.276,0.277,0.278,0.279,0.28,0.281,0.282,0.283,3715.1,48315.2,24947.3,14627.7,2851,1544.2,742.5,1903.1,8056,41.4,15556.5,24601.6,10600.2,2606.7,2234.3,21037.3,5902.6,21956,78.5,12159.5
67,0.273,0.272,0.271,0.27,0.269,0.268,0.267,0.266,0.265,0.263,0.274,0.275,0.276,0.277,0.278,0.279,0.28,0.281,0.282,0.283,19079.2,48547.4,24947.3,14627.7,2960,1544.2,632.7,1928.7,8056,41.4,17340.2,22607.9,9652,3543.8,2234.3,21037.3,5902.6,21956,78.5,12159.5
68,0.273,0.272,0.271,0.27,0.269,0.268,0.267,0.266,0.265,0.263,0.274,0.275,0.276,0.277,0.278,0.279,0.28,0.281,0.282,0.283,20190.1,48079,24898.3,14627.7,3178,1583.1,374,1852,8056,41.4,17545.1,25538.8,9652,3543.8,2234.3,20932.2,6007.3,21956,78.5,12159.5
69,0.273,0.272,0.271,0.27,0.269,0.268,0.267,0.266,0.265,0.263,0.274,0.275,0.276,0.277,0.278,0.279,0.28,0.281,0.282,0.283,20139.4,50729.8,24898.3,14844.9,3178,1364.3,374,1868.3,8056,41.4,17331.1,25670.8,9758.2,3543.8,2234.3,20932.2,6007.3,21956,78.5,12159.5
70,0.273,0.272,0.271,0.27,0.269,0.268,0.267,0.266,0.265,0.263,0.274,0.275,0.276,0.277,0.278,0.279,0.28,0.281,0.282,0.283,17689,55167.8,28182.9,16173.9,3279.5,1153,374,1868.3,8056,41.4,17283.2,25674.8,10464.1,2606.7,2234.3,22581.3,4358.2,21956,78.5,12159.5
71,0.273,0.272,0.271,0.27,0.269,0.268,0.267,0.266,0.265,0.263,0.274,0.275,0.276,0.277,0.278,0.279,0.28,0.281,0.282,0.283,4701.5,49867.8,28182.9,16173.9,3069,1364.3,374,1925.3,8056,41.4,19151,25469.4,10676.5,2606.7,2234.3,22581.3,4358.2,21956,78.5,12159.5
72,0.273,0.272,0.271,0.27,0.269,0.268,0.267,0.265,0.263,0.259,0.274,0.275,0.276,0.277,0.278,0.279,0.28,0.281,0.282,0.283,4806.3,39848.1,28182.9,16173.9,2960,1473.7,2205.7,8056,41.4,40.6,19044,22401.6,10676.5,2606.7,2234.3,22686.4,4253.5,21956,78.5,12159.5
73,0.273,0.272,0.271,0.27,0.269,0.268,0.267,0.266,0.265,0.263,0.274,0.275,0.276,0.277,0.278,0.279,0.28,0.281,0.282,0.283,9308.3,55667.8,27962.4,16173.9,3170.5,1262.4,374,1870.3,8056,41.4,21963.6,22614.8,10464.1,2606.7,2234.3,22581.3,4358.2,21966.2,78.5,12159.5
74,0.273,0.272,0.271,0.27,0.269,0.268,0.267,0.266,0.265,0.263,0.274,0.275,0.276,0.277,0.278,0.279,0.28,0.281,0.282,0.283,9308.3,47352.7,27962.4,16173.9,3279.5,1153,374,1870.3,8056,41.4,22034.6,22401.6,10676.5,2606.7,2234.3,22581.3,4358.2,21966.2,78.5,12159.5
75,0.273,0.272,0.271,0.27,0.269,0.268,0.267,0.266,0.265,0.263,0.274,0.275,0.276,0.277,0.278,0.279,0.28,0.281,0.282,0.283,9308.3,57326.7,28182.9,16173.9,3069,1364.3,374,1870.3,8056,41.4,20574.8,25644.2,10570.3,2712.5,2234.3,22581.3,4358.2,21966.2,78.5,12159.5
76,0.273,0.272,0.271,0.27,0.269,0.268,0.267,0.266,0.265,0.263,0.274,0.275,0.276,0.277,0.278,0.279,0.28,0.281,0.282,0.283,8363.7,57152.4,28182.9,14954.6,2851,1583.1,374,1870.3,8056,41.4,19656.7,22295,10676.5,2606.7,2234.3,22686.4,4253.5,21966.2,78.5,12159.5
77,0.273,0.272,0.271,0.27,0.269,0.268,0.267,0.265,0.263,0.259,0.274,0.275,0.276,0.277,0.278,0.279,0.28,0.281,0.282,0.283,5768.6,52241.5,26386,14954.6,2851,1583.1,2196.1,8056,41.4,40.6,15241.3,25555,10464.1,2818.3,2234.3,20932.2,6019.8,21966.2,78.5,12159.5
78,0.273,0.272,0.271,0.27,0.269,0.268,0.267,0.265,0.263,0.259,0.274,0.275,0.276,0.277,0.278,0.279,0.28,0.281,0.282,0.283,19216.3,52232.9,24683.1,14954.6,2851,1583.1,2294.7,8056,41.4,40.6,15241.3,22508.2,10464.1,2606.7,2234.3,20932.2,6019.8,21966.2,78.5,12159.5
79,0.273,0.272,0.271,0.27,0.269,0.268,0.267,0.266,0.265,0.263,0.274,0.275,0.276,0.277,0.278,0.279,0.28,0.281,0.282,0.283,19267.5,61346.3,24683.1,14737.4,3178,1473.7,374,1872.5,8056,41.4,15357.4,25652.9,10357.9,2606.7,2234.3,20932.2,6019.8,21966.2,78.5,12159.5
80,0.273,0.272,0.271,0.27,0.269,0.268,0.267,0.266,0.265,0.263,0.274,0.275,0.276,0.277,0.278,0.279,0.28,0.281,0.282,0.283,19267.5,60912,24683.1,14737.4,3178,1473.7,374,1890.2,8056,41.4,15357.4,25636,10357.9,2606.7,2234.3,20932.2,2442.7,25543.3,78.5,12159.5
81,0.273,0.272,0.271,0.27,0.269,0.268,0.267,0.266,0.265,0.263,0.274,0.275,0.276,0.277,0.278,0.279,0.28,0.281,0.282,0.283,19268.5,61281.7,24683.1,14846,3178,1364.3,374,1890.2,8056,41.4,13693.4,25432.2,10357.9,2606.7,2234.3,20932.2,2442.7,25543.3,78.5,12159.5
82,0.273,0.272,0.271,0.27,0.269,0.268,0.267,0.266,0.265,0.263,0.274,0.275,0.276,0.277,0.278,0.279,0.28,0.281,0.282,0.283,19412.5,51597.7,21966.8,14846,3178,1364.3,374,1879.8,8056,41.4,11289.6,24700.2,9432.1,3549.7,2234.3,20932.2,2442.7,25543.3,78.5,12159.5
83,0.273,0.272,0.271,0.27,0.269,0.268,0.267,0.266,0.265,0.263,0.274,0.275,0.276,0.277,0.278,0.279,0.28,0.281,0.282,0.283,22054.1,61259.3,22487.3,14846,3178,1364.3,374,1879.8,8056,41.4,6715.6,28839.6,9432.1,3549.7,2234.3,20932.2,2442.7,25543.3,78.5,12159.5
84,0.273,0.272,0.271,0.27,0.269,0.268,0.267,0.265,0.263,0.259,0.274,0.275,0.276,0.277,0.278,0.279,0.28,0.281,0.282,0.283,22452,47616.1,19748.7,15670.1,2361.1,1364.3,2266.3,8056,41.4,40.6,2454.1,24232.5,10354.6,3549.7,2234.3,20932.2,6019.8,21966.2,78.5,12159.5
85,0.273,0.272,0.271,0.27,0.269,0.268,0.267,0.265,0.263,0.259,0.274,0.275,0.276,0.277,0.278,0.279,0.28,0.281,0.282,0.283,22452,45153.1,19748.7,15887.3,2143.1,1364.3,2266.3,8056,41.4,40.6,1371.7,28256.9,10354.6,3549.7,2234.3,20932.2,2338,25647.6,78.5,12159.5
86,0.273,0.272,0.271,0.27,0.269,0.268,0.267,0.265,0.263,0.259,0.274,0.275,0.276,0.277,0.278,0.279,0.28,0.281,0.282,0.283,22452,37481.6,19748.7,15778.7,2462.6,1153,2266.3,8056,41.4,40.6,1130.9,28232.4,10354.6,3549.7,1809.5,17807.9,5887.1,25647.6,78.5,12159.5
87,0.273,0.272,0.271,0.27,0.269,0.268,0.267,0.265,0.263,0.259,0.274,0.275,0.276,0.277,0.278,0.279,0.28,0.281,0.282,0.283,22452,37454.1,19748.7,15778.7,2610.4,1004.7,2266.3,8056,41.4,40.6,1130.9,28204.9,10354.6,3549.7,1809.5,17807.9,5887.1,25647.6,78.5,12159.5
88,0.273,0.272,0.271,0.27,0.269,0.268,0.267,0.265,0.263,0.259,0.274,0.275,0.276,0.277,0.278,0.279,0.28,0.281,0.282,0.283,33176.9,39182.8,19700.5,15887.3,2501.4,1004.7,2266.3,8056,41.4,40.6,1071.9,28183.9,10354.6,3549.7,1809.5,17807.9,5887.1,25647.6,78.5,12159.5
89,0.273,0.272,0.271,0.27,0.269,0.268,0.267,0.265,0.263,0.259,0.274,0.275,0.276,0.277,0.278,0.279,0.28,0.281,0.282,0.283,41954.7,44375.6,19706.9,15887.3,2501.4,1004.7,2266.3,8056,41.4,40.6,1033.9,28147.9,10354.6,3549.7,1809.5,17807.9,5887.1,25647.6,78.5,12159.5
90,0.273,0.272,0.271,0.27,0.269,0.268,0.267,0.265,0.263,0.259,0.274,0.275,0.276,0.277,0.278,0.279,0.28,0.281,0.282,0.283,41954.7,47465,19706.9,15887.3,2501.4,1004.7,2266.3,8056,41.4,40.6,1033.9,28157.4,10354.6,3549.7,1809.5,17807.9,5887.1,25647.6,78.5,12159.5
91,0.273,0.272,0.271,0.27,0.269,0.268,0.267,0.265,0.263,0.259,0.274,0.275,0.276,0.277,0.278,0.279,0.28,0.281,0.282,0.283,40490.1,47355.4,19706.9,15778.7,2610.4,1004.7,2266.3,8056,41.4,40.6,951.9,25314.9,10354.6,3549.7,1809.5,17807.9,5887.1,25647.6,78.5,12159.5
92,0.273,0.272,0.271,0.27,0.269,0.268,0.267,0.265,0.263,0.259,0.274,0.275,0.276,0.277,0.278,0.279,0.28,0.281,0.282,0.283,40383,42846.4,19706.9,15778.7,2462.6,1153,2266.3,8056,41.4,40.6,1173.7,28150.4,10354.6,3549.7,1809.5,17807.9,5855.2,25629.3,78.5,12159.5
93,0.273,0.272,0.271,0.27,0.269,0.268,0.267,0.265,0.263,0.259,0.274,0.275,0.276,0.277,0.278,0.279,0.28,0.281,0.282,0.283,34286.6,50011.1,20216.1,15670.1,2361.1,1364.3,2266.3,8056,41.4,40.6,17240.4,24699.1,9432.1,3549.7,2234.3,20932.2,5987.9,21947.9,78.5,12159.5
94,0.273,0.272,0.271,0.27,0.269,0.268,0.267,0.266,0.265,0.263,0.274,0.275,0.276,0.277,0.278,0.279,0.28,0.281,0.282,0.283,26830,60081.6,20216.1,15670.1,2361.1,1364.3,374,1918.8,8056,41.4,14329.2,27774.4,9432.1,3549.7,2234.3,20932.2,5987.9,21947.9,78.5,12159.5
95,0.273,0.272,0.271,0.27,0.269,0.268,0.267,0.266,0.265,0.263,0.274,0.275,0.276,0.277,0.278,0.279,0.28,0.281,0.282,0.283,26938.8,51833,22416.1,15670.1,2361.1,1364.3,374,1918.8,8056,41.4,14329.2,27847.9,9432.1,3549.7,2234.3,20932.2,5987.9,21947.9,78.5,12159.5
96,0.273,0.272,0.271,0.27,0.269,0.268,0.267,0.266,0.265,0.263,0.274,0.275,0.276,0.277,0.278,0.279,0.28,0.281,0.282,0.283,26938.8,51822.6,22416.1,15778.7,2252.1,1364.3,374,1918.8,8056,41.4,14222.2,27943.7,9432.1,3549.7,2234.3,20932.2,5987.9,21947.9,78.5,12159.5
97,0.273,0.272,0.271,0.27,0.269,0.268,0.267,0.266,0.265,0.263,0.274,0.275,0.276,0.277,0.278,0.279,0.28,0.281,0.282,0.283,26831.1,48790.5,22416.1,15887.3,2143.1,1364.3,374,1918.8,8056,41.4,14099.2,24697.3,9693,3549.7,2234.3,20932.2,5987.9,21947.9,78.5,12159.5
98,0.273,0.272,0.271,0.27,0.269,0.268,0.267,0.266,0.265,0.263,0.274,0.275,0.276,0.277,0.278,0.279,0.28,0.281,0.282,0.283,27082.8,54445.4,22416.1,15887.3,2143.1,1364.3,374,1918.8,8056,41.4,13016.8,28900.7,9644.5,3598.2,2234.3,20932.2,5987.9,21947.9,78.5,12159.5
99,0.273,0.272,0.271,0.27,0.269,0.268,0.267,0.266,0.265,0.263,0.274,0.275,0.276,0.277,0.278,0.279,0.28,0.281,0.282,0.283,27082.8,51933.4,22685.8,15670.1,2353.6,1153,374,1918.8,8056,41.4,13016.8,28855.7,9432.1,3809.8,2234.3,20932.2,2306.1,25629.3,78.5,12159.5
100,0.273,0.272,0.271,0.27,0.269,0.268,0.267,0.266,0.265,0.263,0.274,0.275,0.276,0.277,0.278,0.279,0.28,0.281,0.282,0.283,27320.9,53429.8,19868.4,15778.7,2501.4,1004.7,374,1875.3,8056,41.4,7817.3,25312.9,10579.1,3598.2,1809.5,17807.9,5855.2,25629.3,78.5,12159.5
101,0.273,0.272,0.271,0.27,0.269,0.268,0.267,0.266,0.265,0.263,0.274,0.275,0.276,0.277,0.278,0.279,0.28,0.281,0.282,0.283,27320.9,44730.8,19760.2,15887.3,2353.6,1153,374,1875.3,8056,41.4,7817.3,28299.2,10627.6,3549.7,2234.3,20932.2,2306.1,25629.3,78.5,12159.5
102,0.273,0.272,0.271,0.27,0.269,0.268,0.267,0.266,0.265,0.263,0.274,0.275,0.276,0.277,0.278,0.279,0.28,0.281,0.282,0.283,27320.9,53712.7,19760.2,15887.3,2501.4,1004.7,374,1875.3,8056,41.4,8234.1,25821.5,9693,3549.7,1809.5,17807.9,5855.2,25629.3,78.5,12159.5
103,0.273,0.272,0.271,0.27,0.269,0.268,0.267,0.265,0.263,0.259,0.274,0.275,0.276,0.277,0.278,0.279,0.28,0.281,0.282,0.283,29050.9,42608.6,15153.6,15145.9,2353.6,1153,2278.5,8056,41.4,40.6,8210.1,22687,9468.4,3549.7,2234.3,20932.2,2306.1,25629.3,78.5,12159.5
104,0.273,0.272,0.271,0.27,0.269,0.268,0.267,0.265,0.263,0.259,0.274,0.275,0.276,0.277,0.278,0.279,0.28,0.281,0.282,0.283,28965.1,32516.6,15153.6,15145.9,2353.6,1153,2278.5,8056,41.4,40.6,8210.1,25777.9,9353.7,3549.7,2234.3,20932.2,2306.1,25629.3,78.5,12159.5
105,0.273,0.272,0.271,0.27,0.269,0.268,0.267,0.265,0.263,0.259,0.274,0.275,0.276,0.277,0.278,0.279,0.28,0.281,0.282,0.283,29051,35228.1,15153.6,15145.9,2501.4,1004.7,2278.5,8056,41.4,40.6,8210.1,25934,9199,3549.7,2234.3,17383.1,5855.2,25629.3,78.5,12159.5
106,0.273,0.272,0.271,0.27,0.269,0.268,0.267,0.266,0.265,0.263,0.274,0.275,0.276,0.277,0.278,0.279,0.28,0.281,0.282,0.283,28849.2,38335.9,15153.6,15145.9,2501.4,1004.7,374,1850.6,8056,41.4,8899.9,26188,8903.1,3549.7,1809.5,17807.9,5855.2,25629.3,78.5,12159.5
107,0.273,0.272,0.271,0.27,0.269,0.268,0.267,0.266,0.265,0.263,0.274,0.275,0.276,0.277,0.278,0.279,0.28,0.281,0.282,0.283,20031.4,36062.4,17401.8,15145.9,2501.4,1004.7,374,1850.6,8056,41.4,13352.8,23157.8,8951.6,3549.7,1809.5,17807.9,5855.2,25629.3,78.5,12159.5
108,0.273,0.272,0.271,0.27,0.269,0.268,0.267,0.265,0.263,0.259,0.274,0.275,0.276,0.277,0.278,0.279,0.28,0.281,0.282,0.283,22017.8,41040.3,15201.8,15145.9,2501.4,1004.7,2288.9,8056,41.4,40.6,972.5,22690.9,9885,3549.7,1809.5,17807.9,5855.2,25629.3,78.5,12159.5
109,0.273,0.272,0.271,0.27,0.269,0.268,0.267,0.265,0.263,0.259,0.274,0.275,0.276,0.277,0.278,0.279,0.28,0.281,0.282,0.283,22018.5,32693.5,16633.5,15037.3,2392.4,1004.7,2288.9,8056,41.4,40.6,731.7,25678.4,9836.5,3549.7,1809.5,17807.9,5855.2,25629.3,78.5,12159.5
110,0.273,0.272,0.271,0.27,0.269,0.268,0.267,0.265,0.263,0.259,0.274,0.275,0.276,0.277,0.278,0.279,0.28,0.281,0.282,0.283,22018.5,37449.5,16741.7,14928.7,2392.4,1004.7,2288.9,8056,41.4,40.6,972.5,25617.9,9885,3549.7,1809.5,17807.9,5855.2,25629.3,78.5,12159.5
111,0.273,0.272,0.271,0.27,0.269,0.268,0.267,0.265,0.263,0.259,0.274,0.275,0.276,0.277,0.278,0.279,0.28,0.281,0.282,0.283,22095.2,37489.5,16741.7,14928.7,2392.4,1004.7,2288.9,8056,41.4,40.6,972.5,25607.9,9778.8,3655.5,1809.5,17807.9,5855.2,25629.3,78.5,12159.5
112,0.273,0.272,0.271,0.27,0.269,0.268,0.267,0.265,0.263,0.259,0.274,0.275,0.276,0.277,0.278,0.279,0.28,0.281,0.282,0.283,21987.1,40254.4,15526.4,14928.7,2392.4,1004.7,2288.9,8056,41.4,40.6,731.7,25596.4,9885,3549.7,1809.5,17807.9,5855.2,25629.3,78.5,12159.5
113,0.273,0.272,0.271,0.27,0.269,0.268,0.267,0.265,0.263,0.259,0.274,0.275,0.276,0.277,0.278,0.279,0.28,0.281,0.282,0.283,29394.7,40298.7,16741.9,15037.3,2283.4,1004.7,2288.9,8056,41.4,40.6,731.7,25801.6,9624.1,3598.2,1809.5,17807.9,5855.2,25629.3,78.5,12159.5
114,0.274,0.273,0.272,0.271,0.27,0.269,0.267,0.265,0.263,0.259,0.275,0.276,0.277,0.278,0.279,0.28,0.281,0.282,0.283,0.284,1780.7,37790.1,32686.4,15418.2,15502.8,1025.3,2288.9,8056,41.4,40.6,25295.4,9624.1,3549.7,1809.5,18018.1,6850.2,25525,78.5,12159.5,103.2
115,0.274,0.273,0.272,0.271,0.27,0.269,0.267,0.266,0.265,0.263,0.275,0.276,0.277,0.278,0.279,0.28,0.281,0.282,0.283,0.284,16135.9,33571.1,29228.8,16692.1,15285.6,1134.3,2288.9,112.5,7943,41.4,24307.3,9825.7,3549.7,1809.5,17961.5,6954.9,3932.7,21633.8,12159.5,103.2
116,0.274,0.273,0.272,0.271,0.27,0.269,0.267,0.266,0.265,0.263,0.275,0.276,0.277,0.278,0.279,0.28,0.281,0.282,0.283,0.284,16136.2,30459.7,30826.8,16799.2,15285.6,1025.3,2307.1,112.5,7943,41.4,24313,9624.1,2606.7,2750.1,17807.9,7003.4,4037,21633.8,12238,103.2
117,0.274,0.273,0.272,0.271,0.27,0.269,0.267,0.266,0.265,0.263,0.275,0.276,0.277,0.278,0.279,0.28,0.281,0.282,0.283,0.284,16841.6,42867.4,26112.2,16691.5,15394.2,1025.3,2307.1,112.5,7943,41.4,22858.5,12776.7,2606.7,2750.1,17913,6898.7,4037,21633.8,12238,103.2
118,0.274,0.273,0.272,0.271,0.27,0.269,0.267,0.266,0.265,0.263,0.275,0.276,0.277,0.278,0.279,0.28,0.281,0.282,0.283,0.284,16949.4,43709.2,23726.7,16691.5,15394.2,1025.3,2251.1,112.5,7943,41.4,22858.5,12776.7,2606.7,2961.1,17856.4,6850.2,3932.7,21633.8,12238,103.2
119,0.274,0.273,0.272,0.271,0.27,0.269,0.268,0.267,0.266,0.265,0.275,0.276,0.277,0.278,0.279,0.28,0.281,0.282,0.283,0.284,17000.6,51573.5,23079.8,16583.4,15502.8,1025.3,1853.8,374,112.5,7943,16793.8,12983.1,2606.7,3009.6,17807.9,6850.2,3932.7,21633.8,78.5,12324.7
120,0.274,0.273,0.272,0.271,0.27,0.269,0.268,0.267,0.266,0.265,0.275,0.276,0.277,0.278,0.279,0.28,0.281,0.282,0.283,0.284,20231.9,47932.3,20937,15793.5,15075.9,1025.3,1853.8,374,112.5,7943,15711.4,10913.1,2157.9,3350.9,17488.2,7275,3932.7,21633.8,78.5,12324.7
121,0.274,0.273,0.272,0.271,0.27,0.269,0.268,0.267,0.266,0.265,0.275,0.276,0.277,0.278,0.279,0.28,0.281,0.282,0.283,0.284,20154.7,38603.5,20419.4,15939.2,14928.7,1025.3,1853.8,374,112.5,7943,13511.4,13113.1,6565.9,3302.4,17431.6,7379.7,3932.7,21633.8,78.5,12324.7
122,0.274,0.273,0.272,0.271,0.27,0.269,0.268,0.267,0.266,0.265,0.275,0.276,0.277,0.278,0.279,0.28,0.281,0.282,0.283,0.284,19902.5,53936.5,21039,15939,14820.1,1025.3,1853.8,374,112.5,7943,13472.4,16168,6565.9,3196.9,17383.1,6827.4,4279.3,21983.4,78.5,12324.7
123,0.274,0.273,0.272,0.271,0.27,0.269,0.268,0.267,0.266,0.265,0.275,0.276,0.277,0.278,0.279,0.28,0.281,0.282,0.283,0.284,19902.5,48000.2,20931.2,15831,15037.3,1025.3,1853.8,374,112.5,7943,13678.4,16007.8,6565.9,3407.9,17383.1,6666.5,4230.8,21983.4,78.5,12324.7
124,0.274,0.273,0.272,0.271,0.27,0.269,0.268,0.267,0.266,0.265,0.275,0.276,0.277,0.278,0.279,0.28,0.281,0.282,0.283,0.284,20010.7,51304.9,20684.8,15684.9,15184.5,1025.3,1853.8,374,112.5,7943,13774.4,16034.7,6720.2,3302.4,17383.1,6618,4230.8,21983.4,78.5,12324.7
125,0.274,0.273,0.272,0.271,0.27,0.269,0.268,0.267,0.266,0.265,0.275,0.276,0.277,0.278,0.279,0.28,0.281,0.282,0.283,0.284,19967.7,49224.6,19474.3,16791.6,15293.1,1025.3,1853.8,374,112.5,7943,14478,16032.3,6826,3196.9,17383.1,6618,4230.8,21983.4,78.5,12324.7
126,0.274,0.273,0.272,0.271,0.27,0.269,0.268,0.267,0.266,0.265,0.275,0.276,0.277,0.278,0.279,0.28,0.281,0.282,0.283,0.284,19967.7,49083,19474.3,16791.9,15293.1,1025.3,1863.5,374,112.5,7943,19302,16091.7,6777.5,3196.9,17383.1,6618,4230.8,21983.4,78.5,12324.7
127,0.274,0.273,0.272,0.271,0.27,0.269,0.268,0.267,0.266,0.265,0.275,0.276,0.277,0.278,0.279,0.28,0.281,0.282,0.283,0.284,20575.7,48980.2,19474.3,16790.8,15293.1,1025.3,1914.1,374,112.5,7943,20756.5,16105.6,6460.7,3513.6,17383.1,6618,4230.8,21983.4,78.5,12324.7
128,0.274,0.273,0.272,0.271,0.27,0.269,0.268,0.267,0.266,0.265,0.275,0.276,0.277,0.278,0.279,0.28,0.281,0.282,0.283,0.284,20524.5,43463.9,19372.2,16582.9,15502.8,1025.3,1914.1,374,112.5,7943,20863.1,16210.8,6249.1,3513.6,15878.9,8120.5,4230.8,21983.4,182.1,12221.5
129,0.274,0.273,0.272,0.271,0.27,0.269,0.267,0.266,0.265,0.263,0.275,0.276,0.277,0.278,0.279,0.28,0.281,0.282,0.283,0.284,3774.1,43906.6,25216.1,15976.5,15394.2,1352.3,2264.4,112.5,7943,41.4,22662.9,9836.5,7197.3,2573,15878.9,8120.5,4230.8,21983.4,182.1,12221.5
130,0.274,0.273,0.272,0.271,0.27,0.269,0.267,0.266,0.265,0.263,0.275,0.276,0.277,0.278,0.279,0.28,0.281,0.282,0.283,0.284,15102.7,46965.5,25216.1,16085.7,15177,1461.3,2264.4,112.5,7943,41.4,21478.6,13926.8,7197.3,2573,15878.9,8120.5,4230.8,21983.4,182.1,12221.5
131,0.274,0.273,0.272,0.271,0.27,0.269,0.267,0.266,0.265,0.263,0.275,0.276,0.277,0.278,0.279,0.28,0.281,0.282,0.283,0.284,7906.2,41264.5,25216.1,15977.5,15285.6,1461.3,2264.4,112.5,7943,41.4,22561,12817.5,7197.3,2573,16303.7,7695.7,4230.8,21983.4,182.1,12221.5
132,0.274,0.273,0.272,0.271,0.27,0.269,0.268,0.267,0.266,0.265,0.275,0.276,0.277,0.278,0.279,0.28,0.281,0.282,0.283,0.284,2382,46910,25631.4,15977.5,15285.6,1243.3,218.8,2264.4,112.5,7943,22925,9624.1,7197.3,2573,16303.7,7695.7,4230.8,22087.4,78.5,12221.5
133,0.274,0.273,0.272,0.271,0.27,0.269,0.268,0.267,0.266,0.265,0.275,0.276,0.277,0.278,0.279,0.28,0.281,0.282,0.283,0.284,2622.8,49159.9,25631.4,15977.5,15285.6,1352.3,109.4,2264.4,112.5,7943,22925,12891.1,7197.3,2573,16303.7,7695.7,4230.8,22087.4,78.5,12221.5
134,0.274,0.273,0.272,0.271,0.27,0.269,0.268,0.267,0.266,0.265,0.275,0.276,0.277,0.278,0.279,0.28,0.281,0.282,0.283,0.284,2622.8,37403.9,25631.4,15977.5,15285.6,1134.3,328.2,2264.4,112.5,7943,22768,9624.1,7197.3,2573,16303.7,7695.7,4230.8,22087.4,78.5,12221.5
135,0.274,0.273,0.272,0.271,0.27,0.269,0.268,0.267,0.266,0.265,0.275,0.276,0.277,0.278,0.279,0.28,0.281,0.282,0.283,0.284,2622.8,40676.6,25631.4,15977.5,15285.6,1134.3,328.2,2264.4,112.5,7943,24222.5,12896.9,7197.3,2573,16303.7,7695.7,4230.8,22087.4,78.5,12221.5
136,0.274,0.273,0.272,0.271,0.27,0.269,0.268,0.267,0.266,0.265,0.275,0.276,0.277,0.278,0.279,0.28,0.281,0.282,0.283,0.284,1679.1,40585.9,25631.4,15977.5,15285.6,1134.3,328.2,2264.4,112.5,7943,26992,9624.1,7197.3,2573,16303.7,7695.7,4230.8,22087.4,78.5,12221.5
137,0.274,0.273,0.272,0.271,0.27,0.269,0.268,0.267,0.266,0.265,0.275,0.276,0.277,0.278,0.279,0.28,0.281,0.282,0.283,0.284,943.1,40603.9,25631.4,15977.5,15285.6,1134.3,328.2,2264.4,112.5,7943,25537.5,12905.9,7197.3,2573,16303.7,7695.7,4262.6,22111.8,78.5,12221.5
138,0.274,0.273,0.272,0.271,0.27,0.269,0.268,0.267,0.266,0.265,0.275,0.276,0.277,0.278,0.279,0.28,0.281,0.282,0.283,0.284,1886.8,40603.9,25631.4,15977.5,15285.6,1134.3,328.2,2264.4,112.5,7943,25537.5,12905.9,7197.3,2573,16303.7,7695.7,4262.6,22111.8,78.5,12221.5
139,0.274,0.273,0.272,0.271,0.27,0.269,0.268,0.267,0.266,0.265,0.275,0.276,0.277,0.278,0.279,0.28,0.281,0.282,0.283,0.284,1886.8,46466.5,25631.4,15977.5,15285.6,1134.3,328.2,2264.4,112.5,7943,25674.5,12905.9,7197.3,2573,16303.7,7695.7,4262.6,22111.8,78.5,12221.5
140,0.274,0.273,0.272,0.271,0.27,0.269,0.268,0.267,0.266,0.265,0.275,0.276,0.277,0.278,0.279,0.28,0.281,0.282,0.283,0.284,1183.9,37325.2,25631.4,15977.5,15285.6,1134.3,328.2,2264.4,112.5,7943,24145,9624.1,7197.3,2573,16303.7,7695.7,4262.6,22111.8,78.5,12221.5
141,0.274,0.273,0.272,0.271,0.27,0.269,0.268,0.267,0.266,0.265,0.275,0.276,0.277,0.278,0.279,0.28,0.281,0.282,0.283,0.284,1183.9,46523,25631.4,15977.5,15285.6,1134.3,328.2,2264.4,112.5,7943,25599.5,12904.9,7197.3,2573,16303.7,7695.7,4262.6,22111.8,78.5,12221.5
142,0.274,0.273,0.272,0.271,0.27,0.269,0.268,0.267,0.266,0.265,0.275,0.276,0.277,0.278,0.279,0.28,0.281,0.282,0.283,0.284,1184.5,40631.1,25631.4,15977.5,15285.6,1134.3,328.2,2264.4,112.5,7943,27194,12934.6,7197.3,2573,16303.7,7695.7,4262.6,22111.8,78.5,12221.5
143,0.274,0.273,0.272,0.271,0.27,0.269,0.268,0.267,0.266,0.265,0.275,0.276,0.277,0.278,0.279,0.28,0.281,0.282,0.283,0.284,1887.4,42488.3,25631.4,15977.5,15285.6,1134.3,328.2,2264.4,112.5,7943,25739.5,12943,7197.3,2573,16303.7,7695.7,4262.6,22111.8,78.5,12221.5
144,0.274,0.273,0.272,0.271,0.27,0.269,0.268,0.267,0.266,0.265,0.275,0.276,0.277,0.278,0.279,0.28,0.281,0.282,0.283,0.284,1634,42404.1,25625.7,15977.5,15285.6,1134.3,328.2,2264.4,112.5,7943,25687.5,12858.8,7197.3,2573,16303.7,7695.7,4262.6,22111.8,78.5,12221.5
145,0.274,0.273,0.272,0.271,0.27,0.269,0.268,0.267,0.266,0.265,0.275,0.276,0.277,0.278,0.279,0.28,0.281,0.282,0.283,0.284,2026.7,51254.8,25625.7,15977.5,15285.6,1134.3,328.2,2264.4,112.5,7943,25687.5,12858.8,7197.3,2573,16303.7,7695.7,4262.6,22111.8,78.5,12221.5
146,0.274,0.273,0.272,0.271,0.27,0.269,0.268,0.267,0.266,0.265,0.275,0.276,0.277,0.278,0.279,0.28,0.281,0.282,0.283,0.284,2133.7,45552,25625.7,15977.5,15285.6,1134.3,328.2,2264.4,112.5,7943,24429.5,9624.1,7197.3,2573,16303.7,7695.7,4262.6,22111.8,78.5,12221.5
147,0.274,0.273,0.272,0.271,0.27,0.269,0.268,0.267,0.266,0.265,0.275,0.276,0.277,0.278,0.279,0.28,0.281,0.282,0.283,0.284,2133.7,51902.8,25625.7,15977.5,15285.6,1243.3,218.8,2264.4,112.5,7943,24429.5,12858.2,7197.3,2573,16303.7,7695.7,4262.6,22111.8,78.5,12221.5
148,0.274,0.273,0.272,0.271,0.27,0.269,0.268,0.267,0.266,0.265,0.275,0.276,0.277,0.278,0.279,0.28,0.281,0.282,0.283,0.284,1190,42673.6,25625.7,15977.5,15285.6,1243.3,218.8,2264.4,112.5,7943,25884,12858.2,7197.3,2573,16303.7,7695.7,4262.6,22111.8,78.5,12221.5
149,0.273,0.272,0.271,0.27,0.269,0.268,0.267,0.266,0.265,0.263,0.274,0.275,0.276,0.277,0.278,0.279,0.28,0.281,0.282,0.283,47906.9,33157.9,15977.5,15138.4,2291,1213.2,2264.4,112.5,7943,41.4,1130.5,26055.4,12714.5,7197.3,2573,16303.7,6805.4,4262.6,22007.8,12257.9
150,0.273,0.272,0.271,0.27,0.269,0.268,0.267,0.265,0.263,0.259,0.274,0.275,0.276,0.277,0.278,0.279,0.28,0.281,0.282,0.283,44816.5,49099.4,15977.5,14928.7,2501.5,1213.2,2264.4,8056,41.4,40.6,476.1,24552.4,9624.1,7645,2126.2,16303.7,6805.4,4262.6,22007.8,12257.9
151,0.274,0.273,0.272,0.271,0.27,0.269,0.268,0.267,0.265,0.263,0.275,0.276,0.277,0.278,0.279,0.28,0.281,0.282,0.283,0.285,943.7,55777.3,43410.1,15977.5,14928.7,2610.5,109.4,2264.4,8056,41.4,22621.3,12544,7645,2126.2,16303.7,7693.4,4262.6,22007.8,12179.4,36.9
152,0.274,0.273,0.272,0.271,0.27,0.269,0.268,0.267,0.266,0.265,0.275,0.276,0.277,0.278,0.279,0.28,0.281,0.282,0.283,0.285,240.8,52847.1,41089.3,15977.5,14928.7,2501.5,218.8,2264.4,112.5,7943,22405.1,9624.1,7645,2126.2,16303.7,7588.7,4366.9,22014.5,12257.9,36.9
153,0.274,0.273,0.272,0.271,0.27,0.269,0.268,0.267,0.266,0.265,0.275,0.276,0.277,0.278,0.279,0.28,0.281,0.282,0.283,0.285,1902.3,50548.6,43988.5,15977.5,14928.7,1492.6,218.8,2374.2,112.5,7943,22405.1,12909.6,7645,2126.2,16303.7,7588.7,4278.9,22118.5,12257.9,36.9
154,0.274,0.273,0.272,0.271,0.27,0.269,0.268,0.267,0.266,0.265,0.275,0.276,0.277,0.278,0.279,0.28,0.281,0.282,0.283,0.285,975.2,50656,41172.7,15977.5,14928.7,1492.6,328.2,2264.4,112.5,7943,22463.1,12901.3,7645,2126.2,16303.7,7588.7,4278.9,22118.5,12257.9,36.9
155,0.274,0.273,0.272,0.271,0.27,0.269,0.268,0.267,0.266,0.265,0.275,0.276,0.277,0.278,0.279,0.28,0.281,0.282,0.283,0.285,1772.6,50548.6,39273,15977.5,14928.7,1492.6,328.2,2264.4,112.5,7943,23917.6,12925.8,7645,2126.2,16303.7,7588.7,4278.9,22118.5,12257.9,36.9
156,0.274,0.273,0.272,0.271,0.27,0.269,0.268,0.267,0.266,0.265,0.275,0.276,0.277,0.278,0.279,0.28,0.281,0.282,0.283,0.285,975.2,56594.5,35794.2,15977.5,14928.7,1492.6,328.2,2264.4,112.5,7943,24055.6,12907.2,7645,2126.2,16303.7,7588.7,4278.9,22118.5,12257.9,36.9
157,0.273,0.272,0.271,0.27,0.269,0.268,0.267,0.265,0.263,0.259,0.274,0.275,0.276,0.277,0.278,0.279,0.28,0.281,0.282,0.283,42295.4,41036.6,20433.7,15563.7,2656.6,1192.6,2264.4,8056,41.4,40.6,1982.8,25802.2,15015.5,7961.7,1809.5,16303.7,6805.4,4278.9,22014.5,12257.9
158,0.273,0.272,0.271,0.27,0.269,0.268,0.267,0.265,0.263,0.259,0.274,0.275,0.276,0.277,0.278,0.279,0.28,0.281,0.282,0.283,40515.9,51161,20433.7,15672.3,2438.6,1302,2264.4,8056,41.4,40.6,1930.8,25802.2,14834.5,7961.7,1809.5,16303.7,6805.4,4278.9,22014.5,12257.9
159,0.273,0.272,0.271,0.27,0.269,0.268,0.267,0.265,0.263,0.259,0.274,0.275,0.276,0.277,0.278,0.279,0.28,0.281,0.282,0.283,40798.6,34403.9,20433.7,15563.7,2547.6,1302,2264.4,8056,41.4,40.6,1930.8,25802.2,11906.1,7961.7,1809.5,17807.1,5302.9,4278.9,22014.5,12257.9
160,0.273,0.272,0.271,0.27,0.269,0.268,0.267,0.265,0.263,0.259,0.274,0.275,0.276,0.277,0.278,0.279,0.28,0.281,0.282,0.283,40689.9,42200.9,19585,16783.2,2547.5,1302,2264.4,8056,41.4,40.6,1930.8,25802.2,11906.1,7961.7,1809.5,17912.2,5198.2,25884.3,380.7,12257.9
161,0.273,0.272,0.271,0.27,0.269,0.268,0.267,0.266,0.265,0.263,0.274,0.275,0.276,0.277,0.278,0.279,0.28,0.281,0.282,0.283,22691.7,47393.9,22298,16783.2,1971.3,1552.1,703.4,1892.8,8056,41.4,14073.6,26322.5,10972.7,7961.7,2339.8,20931.4,1649.1,25884.3,380.7,12257.9
162,0.273,0.272,0.271,0.27,0.269,0.268,0.267,0.265,0.263,0.259,0.274,0.275,0.276,0.277,0.278,0.279,0.28,0.281,0.282,0.283,22700.2,45150.6,24575,15563.7,1971.3,1442.7,2739.8,8056,41.4,40.6,15208,28140.2,11918.8,7013.5,2339.8,20931.4,5226.2,22307.2,459.2,12179.4
163,0.273,0.272,0.271,0.27,0.269,0.268,0.267,0.266,0.265,0.263,0.274,0.275,0.276,0.277,0.278,0.279,0.28,0.281,0.282,0.283,22844.2,48390.8,24575,15563.7,1971.3,1442.7,703.4,2017.8,8056,41.4,15208,24936.4,10972.7,7944.6,2339.8,20931.4,5226.2,22307.2,459.2,12179.4
164,0.273,0.272,0.271,0.27,0.269,0.268,0.267,0.266,0.265,0.263,0.274,0.275,0.276,0.277,0.278,0.279,0.28,0.281,0.282,0.283,22613.7,42786.5,24575,15563.7,1971.3,1442.7,2480.4,220.4,8056,41.4,15208,28091.9,10972.7,7944.6,2339.8,20931.4,5226.2,22307.2,459.2,12179.4
165,0.273,0.272,0.271,0.27,0.269,0.268,0.267,0.266,0.265,0.263,0.274,0.275,0.276,0.277,0.278,0.279,0.28,0.281,0.282,0.283,19668.7,42818.1,24575,14631,3512.2,1442.7,3135.2,220.4,8056,41.4,15414,24674.8,11911.5,7013.5,2339.8,20931.4,5226.2,22307.2,459.2,12179.4
166,0.273,0.272,0.271,0.27,0.269,0.268,0.267,0.266,0.265,0.263,0.274,0.275,0.276,0.277,0.278,0.279,0.28,0.281,0.282,0.283,21989.4,42862.1,24575,14631,3512.2,1442.7,1248.4,2002.4,8166.6,41.4,15414,27524.9,11911.5,7013.5,2339.8,20931.4,5226.2,22307.2,459.2,12179.4
167,0.273,0.272,0.271,0.27,0.269,0.268,0.267,0.266,0.265,0.263,0.274,0.275,0.276,0.277,0.278,0.279,0.28,0.281,0.282,0.283,22098,42714.1,24575,14631,3512.2,1442.7,3176.5,220.4,8056,41.4,14153.6,25633.6,11911.5,7013.5,2234.3,21036.5,1649.1,26266.7,78.5,12179.4
168,0.273,0.272,0.271,0.27,0.269,0.268,0.267,0.266,0.265,0.263,0.274,0.275,0.276,0.277,0.278,0.279,0.28,0.281,0.282,0.283,22396.7,33186.9,24062,14631,3870.4,1083.2,1358.2,2024.2,8056,41.4,2010.8,25180.7,11893,7955.9,1809.5,17807.1,5999.8,25564.9,78.5,12179.4
169,0.273,0.272,0.271,0.27,0.269,0.268,0.267,0.266,0.265,0.263,0.274,0.275,0.276,0.277,0.278,0.279,0.28,0.281,0.282,0.283,22483.3,40582.7,24062,15850.7,3722.7,1340.9,1138.6,2134.4,8056,41.4,2010.8,28729.1,11389.5,7955.9,1809.5,17912.2,5895.1,25564.9,78.5,12179.4
170,0.273,0.272,0.271,0.27,0.269,0.268,0.267,0.266,0.265,0.263,0.274,0.275,0.276,0.277,0.278,0.279,0.28,0.281,0.282,0.283,22483.3,38041.1,24164.1,15850.7,3722.7,1340.9,1138.6,2134.4,8056,41.4,2010.8,28657.5,11389.5,7955.9,1809.5,17912.2,5895.1,25564.9,78.5,12179.4
171,0.273,0.272,0.271,0.27,0.269,0.268,0.267,0.266,0.265,0.263,0.274,0.275,0.276,0.277,0.278,0.279,0.28,0.281,0.282,0.283,24424.9,28723.9,24164.1,15850.7,3512.2,1552.1,1138.6,2134.4,8056,41.4,9536.4,28635.9,10972.7,7955.9,2234.3,21036.5,2346,25564.9,78.5,12179.4
172,0.273,0.272,0.271,0.27,0.269,0.268,0.267,0.266,0.265,0.263,0.274,0.275,0.276,0.277,0.278,0.279,0.28,0.281,0.282,0.283,24279.7,26026,24164.1,14631,3512.2,1442.7,1248.4,2134.4,8056,41.4,9536.4,28659.3,10972.7,7955.9,2234.3,21036.5,2346,25564.9,78.5,12179.4
173,0.273,0.272,0.271,0.27,0.269,0.268,0.267,0.266,0.265,0.263,0.274,0.275,0.276,0.277,0.278,0.279,0.28,0.281,0.282,0.283,24308.4,35549.1,24675.1,14631,3512.2,1552.1,1138.6,2134.4,8056,41.4,13960.5,28681.7,10972.7,7955.9,2234.3,21036.5,2346,25564.9,78.5,12179.4
174,0.273,0.272,0.271,0.27,0.269,0.268,0.267,0.266,0.265,0.263,0.274,0.275,0.276,0.277,0.278,0.279,0.28,0.281,0.282,0.283,24308.4,32980.9,24139.6,14631,3512.2,1552.1,1358.2,1914,8056,41.4,13960.5,25634.7,10972.7,7955.9,2234.3,20931.4,2450.7,25564.9,78.5,12179.4
175,0.273,0.272,0.271,0.27,0.269,0.268,0.267,0.265,0.263,0.259,0.274,0.275,0.276,0.277,0.278,0.279,0.28,0.281,0.282,0.283,24547.2,35220.4,21939.6,14631,3512.2,1552.1,3220.9,8056,41.4,40.6,2010.8,25179.8,11898,7955.9,2234.3,20931.4,2450.7,25564.9,78.5,12179.4
176,0.273,0.272,0.271,0.27,0.269,0.268,0.267,0.266,0.265,0.263,0.274,0.275,0.276,0.277,0.278,0.279,0.28,0.281,0.282,0.283,24777.4,34792.8,21939.6,14631,3512.2,1552.1,3111.1,110.2,8056,41.4,2010.8,25691.4,11389.5,7955.9,2234.3,21036.5,5923.1,21987.8,78.5,12179.4
177,0.273,0.272,0.271,0.27,0.269,0.268,0.267,0.266,0.265,0.263,0.274,0.275,0.276,0.277,0.278,0.279,0.28,0.281,0.282,0.283,24429.5,33591.3,21939.6,14631,3512.2,1552.1,1248.4,2017.6,8056,41.4,9531.5,28612,10972.7,7955.9,2234.3,20931.4,6027.8,21987.8,78.5,12179.4
178,0.273,0.272,0.271,0.27,0.269,0.268,0.267,0.265,0.263,0.259,0.274,0.275,0.276,0.277,0.278,0.279,0.28,0.281,0.282,0.283,24778,32688.4,21939.6,16788.4,2784.5,1340.9,3229.8,8056,41.4,40.6,1982.8,28210.2,11897.7,7955.9,2234.3,20931.4,2450.7,25564.9,78.5,12179.4
179,0.273,0.272,0.271,0.27,0.269,0.268,0.267,0.265,0.263,0.259,0.274,0.275,0.276,0.277,0.278,0.279,0.28,0.281,0.282,0.283,24774.2,35161.4,21939.6,16788.4,2932.2,1192.6,3229.8,8056,41.4,40.6,1982.8,28141.7,11897.7,7955.9,2234.3,17382.3,5999.8,25564.9,78.5,12179.4
180,0.273,0.272,0.271,0.27,0.269,0.268,0.267,0.265,0.263,0.259,0.274,0.275,0.276,0.277,0.278,0.279,0.28,0.281,0.282,0.283,24774.2,27864,21939.6,16788.4,3041.2,1083.2,3229.8,8056,41.4,40.6,1982.8,28131.7,11897.7,7955.9,2234.3,17382.3,5999.8,25564.9,78.5,12179.4
181,0.273,0.272,0.271,0.27,0.269,0.268,0.267,0.265,0.263,0.259,0.274,0.275,0.276,0.277,0.278,0.279,0.28,0.281,0.282,0.283,30169,25143.3,21939.6,16788.4,2932.2,1411.4,3010.2,8056,41.4,40.6,1982.8,25180.8,11897.7,7955.9,1809.5,17807.1,5999.8,25564.9,78.5,12179.4
182,0.273,0.272,0.271,0.27,0.269,0.268,0.267,0.265,0.263,0.259,0.274,0.275,0.276,0.277,0.278,0.279,0.28,0.281,0.282,0.283,30330.2,36984,21939.6,16788.5,3041.2,1302,3010.2,8056,41.4,40.6,1930.8,28122.2,11897.7,7955.9,1809.5,17807.1,5895.1,25663.9,78.5,12179.4
183,0.273,0.272,0.271,0.27,0.269,0.268,0.267,0.265,0.263,0.259,0.274,0.275,0.276,0.277,0.278,0.279,0.28,0.281,0.282,0.283,30176.7,36678.8,19710.8,16788.5,3150.2,1192.6,3010.2,8056,41.4,40.6,1690,25180.8,11897.7,7955.9,1809.5,17807.1,5905.9,25663.9,78.5,12179.4
184,0.273,0.272,0.271,0.27,0.269,0.268,0.267,0.265,0.263,0.259,0.274,0.275,0.276,0.277,0.278,0.279,0.28,0.281,0.282,0.283,37402.4,34439.4,20925.8,15569,3368.2,1083.2,2900.4,8056,41.4,40.6,1690,28079.2,11897.7,7955.9,1809.5,17807.1,5905.9,25663.9,78.5,12179.4
185,0.273,0.272,0.271,0.27,0.269,0.268,0.267,0.265,0.263,0.259,0.274,0.275,0.276,0.277,0.278,0.279,0.28,0.281,0.282,0.283,37398.8,34585.1,19710.8,16788.5,3368.2,1083.2,2900.4,8056,41.4,40.6,1690,28105.3,11897.7,7955.9,1809.5,17807.1,5905.9,25663.9,78.5,12179.4
186,0.273,0.272,0.271,0.27,0.269,0.268,0.267,0.265,0.263,0.259,0.274,0.275,0.276,0.277,0.278,0.279,0.28,0.281,0.282,0.283,37484.9,30116.7,20925.8,15569,3368.2,1083.2,2900.4,8056,41.4,40.6,1690,28049.3,11897.7,7955.9,1809.5,17807.1,5905.9,25663.9,78.5,12179.4
187,0.273,0.272,0.271,0.27,0.269,0.267,0.265,0.263,0.259,0.258,0.275,0.276,0.277,0.278,0.279,0.28,0.281,0.282,0.283,0.285,49555.1,36479.3,15206.4,16044.9,3368.2,2900.4,8056,41.4,40.6,46,29780.8,11897.7,7955.9,7124.9,17807.1,5905.9,25559.6,78.5,12283,36.9
188,0.273,0.272,0.271,0.27,0.269,0.267,0.265,0.263,0.259,0.258,0.275,0.276,0.277,0.278,0.279,0.28,0.281,0.282,0.283,0.285,46102.7,29640.8,18570.6,16479.3,2932.2,2900.4,8056,41.4,40.6,46,34782.6,11897.7,7955.9,7124.9,16303.7,7401,25559.6,78.5,12283,36.9
189,0.273,0.272,0.271,0.27,0.269,0.268,0.267,0.266,0.265,0.263,0.274,0.275,0.276,0.277,0.278,0.279,0.28,0.281,0.282,0.283,21471.3,46539.2,19233.8,17028.8,3150.2,853.1,1028.8,1918.4,8056,41.4,16096.2,30170.9,10972.7,7955.9,1809.5,16303.7,7505.7,25559.6,78.5,12179.4
190,0.273,0.272,0.271,0.27,0.269,0.268,0.267,0.266,0.265,0.263,0.274,0.275,0.276,0.277,0.278,0.279,0.28,0.281,0.282,0.283,21637.6,46286.3,19125.6,17246,2893.5,1001.4,1028.8,1918.4,8056,41.4,16096.2,33233.9,10972.7,7955.9,2234.3,19428,3956.6,25559.6,78.5,12179.4
191,0.273,0.272,0.271,0.27,0.269,0.268,0.267,0.266,0.265,0.263,0.274,0.275,0.276,0.277,0.278,0.279,0.28,0.281,0.282,0.283,18990,43297,19125.6,16308,3820,1001.4,1028.8,1918.4,8056,41.4,13428.7,29969.5,11910.6,7013.5,2234.3,19428,3956.6,25559.6,78.5,12179.4
192,0.273,0.272,0.271,0.27,0.269,0.268,0.267,0.266,0.265,0.263,0.274,0.275,0.276,0.277,0.278,0.279,0.28,0.281,0.282,0.283,19100.1,49248.2,19125.6,16308,3820,1001.4,1028.8,1918.4,8056,41.4,13428.7,33189.6,11910.6,7013.5,2234.3,19428,3956.6,25559.6,78.5,12179.4
193,0.273,0.272,0.271,0.27,0.269,0.268,0.267,0.266,0.265,0.263,0.274,0.275,0.276,0.277,0.278,0.279,0.28,0.281,0.282,0.283,19171.1,52114.9,19125.6,16308,3967.7,853.1,1028.8,1918.4,8056,41.4,13428.7,29969.5,11910.6,7013.5,2234.3,19428,3956.6,25559.6,78.5,12179.4
194,0.273,0.272,0.271,0.27,0.269,0.268,0.267,0.266,0.265,0.263,0.274,0.275,0.276,0.277,0.278,0.279,0.28,0.281,0.282,0.283,19152,56107.7,22395.4,16308,3967.7,853.1,1028.8,1918.4,8056,41.4,14511.1,32119.3,11910.6,7013.5,2234.3,21077.1,5884.6,21982.5,78.5,12179.4
195,0.273,0.272,0.271,0.27,0.269,0.268,0.267,0.266,0.265,0.263,0.274,0.275,0.276,0.277,0.278,0.279,0.28,0.281,0.282,0.283,21474.6,56003.6,22395.4,15088.5,3967.7,853.1,1028.8,1918.4,8056,41.4,14304.9,32269.2,11910.6,7013.5,2234.3,21077.1,5884.6,21982.5,78.5,12179.4
196,0.273,0.272,0.271,0.27,0.269,0.268,0.267,0.266,0.265,0.263,0.274,0.275,0.276,0.277,0.278,0.279,0.28,0.281,0.282,0.283,21654.6,35186.4,22395.4,16663.6,3609.6,853.1,1028.8,1918.4,8056,41.4,2113,30172.1,12327.4,7013.5,1809.5,21501.9,5884.6,21982.5,78.5,12179.4
197,0.273,0.272,0.271,0.27,0.269,0.268,0.267,0.266,0.265,0.263,0.274,0.275,0.276,0.277,0.278,0.279,0.28,0.281,0.282,0.283,21364.5,46830.7,23717.6,15445.3,3500.6,853.1,1028.8,1918.4,8056,41.4,13803.5,26008.1,11910.6,7013.5,1809.5,21501.9,5884.6,21975.2,78.5,12179.4
198,0.273,0.272,0.271,0.27,0.269,0.268,0.267,0.266,0.265,0.263,0.274,0.275,0.276,0.277,0.278,0.279,0.28,0.281,0.282,0.283,21521.7,55608.6,23717.6,15445.3,3500.6,853.1,1028.8,1918.4,8056,41.4,13803.5,28781.1,11910.6,7013.5,1809.5,21501.9,5884.6,21975.2,78.5,12179.4
199,0.273,0.272,0.271,0.27,0.269,0.268,0.267,0.266,0.265,0.263,0.274,0.275,0.276,0.277,0.278,0.279,0.28,0.281,0.282,0.283,21384.7,46720.4,23609.4,15445.3,3609.6,853.1,1028.8,1918.4,8056,41.4,14004.5,25642.1,11910.6,7013.5,1809.5,21501.9,5767.7,22079.5,78.5,12179.4
200,0.273,0.272,0.271,0.27,0.269,0.268,0.267,0.266,0.265,0.263,0.274,0.275,0.276,0.277,0.278,0.279,0.28,0.281,0.282,0.283,19026.6,55173.5,23102.6,15445.3,2683.1,853.1,1028.8,1918.4,8056,41.4,13954.2,28074.4,10972.7,7013.5,1809.5,21501.9,5767.7,22079.5,78.5,12179.4
201,0.273,0.272,0.271,0.27,0.269,0.268,0.267,0.266,0.265,0.263,0.274,0.275,0.276,0.277,0.278,0.279,0.28,0.281,0.282,0.283,21333.6,49681.7,23102.6,15080.9,3048.8,853.1,1028.8,1918.4,8056,41.4,13954.2,28094.8,10972.7,7013.5,1809.5,21501.9,5767.7,22079.5,78.5,12179.4
202,0.273,0.272,0.271,0.27,0.269,0.268,0.267,0.266,0.265,0.263,0.274,0.275,0.276,0.277,0.278,0.279,0.28,0.281,0.282,0.283,21333.6,46514.7,21888.8,16299.2,3048.8,853.1,1028.8,1918.4,8056,41.4,13954.2,24927.8,10972.7,7013.5,1809.5,21501.9,5767.7,22079.5,78.5,12179.4
203,0.273,0.272,0.271,0.27,0.269,0.268,0.267,0.266,0.265,0.263,0.274,0.275,0.276,0.277,0.278,0.279,0.28,0.281,0.282,0.283,19026.6,49684.7,21888.8,16299.2,3048.8,853.1,1028.8,1918.4,8056,41.4,13954.2,28097.8,10972.7,7013.5,1809.5,23003.6,4272.6,22079.5,78.5,12179.4
204,0.273,0.272,0.271,0.27,0.269,0.268,0.267,0.266,0.265,0.263,0.274,0.275,0.276,0.277,0.278,0.279,0.28,0.281,0.282,0.283,21333.6,51362.3,20196.6,16299.2,3048.8,853.1,1028.8,1918.4,8056,41.4,13954.2,28089.5,10972.7,7013.5,1809.5,23003.6,4272.6,22079.5,78.5,12179.4
205,0.273,0.272,0.271,0.27,0.269,0.268,0.267,0.266,0.265,0.263,0.274,0.275,0.276,0.277,0.278,0.279,0.28,0.281,0.282,0.283,21333.7,49656.2,21888.8,15228.1,2901.1,853.1,1028.8,1918.4,8056,41.4,13954.2,28069.4,10972.7,7013.5,1809.5,23003.6,4272.6,22079.5,78.5,12179.4
206,0.273,0.272,0.271,0.27,0.269,0.268,0.267,0.266,0.265,0.263,0.274,0.275,0.276,0.277,0.278,0.279,0.28,0.281,0.282,0.283,21384.3,54433.9,21914,15553.9,3497.5,853.1,1028.8,1918.4,8056,41.4,13239.6,25636.9,11896.1,7013.5,1809.5,23003.6,4272.6,22079.5,78.5,12179.4
207,0.273,0.272,0.271,0.27,0.269,0.268,0.267,0.266,0.265,0.263,0.274,0.275,0.276,0.277,0.278,0.279,0.28,0.281,0.282,0.283,21440.2,55797.1,23613.5,15553.9,3497.5,853.1,1028.8,1828.7,8056,41.4,8574.7,25636.9,10972.7,7937.9,1809.5,23003.6,4272.6,22079.5,78.5,12179.4
208,0.273,0.272,0.271,0.27,0.269,0.268,0.267,0.266,0.265,0.263,0.274,0.275,0.276,0.277,0.278,0.279,0.28,0.281,0.282,0.283,21528.3,57130.1,22137.7,15445.3,3388.5,853.1,1028.8,1828.7,8056,41.4,10034.5,28693.9,10972.7,7937.9,1809.5,23003.6,4272.6,22079.5,78.5,12179.4
209,0.273,0.272,0.271,0.27,0.269,0.268,0.267,0.266,0.265,0.263,0.274,0.275,0.276,0.277,0.278,0.279,0.28,0.281,0.282,0.283,32784.9,34628.1,21410.3,15662.5,3388.5,853.1,1028.8,1828.7,8056,41.4,8327.7,30133,10972.7,7937.9,1809.5,23003.6,4272.6,22079.5,78.5,12179.4
210,0.273,0.272,0.271,0.27,0.269,0.268,0.267,0.266,0.265,0.263,0.274,0.275,0.276,0.277,0.278,0.279,0.28,0.281,0.282,0.283,25217.8,51561.1,21919.7,15662.5,3388.5,853.1,1028.8,1828.7,8056,41.4,8389.7,28684.8,10972.7,7937.9,1809.5,23003.6,4272.6,22079.5,78.5,12179.4
211,0.273,0.272,0.271,0.27,0.269,0.268,0.267,0.266,0.265,0.263,0.274,0.275,0.276,0.277,0.278,0.279,0.28,0.281,0.282,0.283,25167.2,57721.6,21919.7,15553.9,3497.5,853.1,1028.8,1828.7,8056,41.4,13258.2,28533.2,10972.7,7937.9,1809.5,23003.6,4272.6,22079.5,78.5,12179.4
212,0.273,0.272,0.271,0.27,0.269,0.268,0.267,0.266,0.265,0.263,0.274,0.275,0.276,0.277,0.278,0.279,0.28,0.281,0.282,0.283,25189.6,57614.6,21920.9,15228.1,3824.5,853.1,1028.8,1828.7,8056,41.4,14718,25431.5,10972.7,7937.9,1809.5,23003.6,4272.6,22079.5,78.5,12179.4
213,0.273,0.272,0.271,0.27,0.269,0.268,0.267,0.266,0.265,0.263,0.274,0.275,0.276,0.277,0.278,0.279,0.28,0.281,0.282,0.283,22971.3,57733.4,21921.3,15228.1,3824.5,853.1,1028.8,1828.7,8056,41.4,14718,28603.5,11918.2,7013.5,1809.5,23003.6,4272.6,22079.5,78.5,12179.4
214,0.273,0.272,0.271,0.27,0.269,0.268,0.267,0.266,0.265,0.263,0.274,0.275,0.276,0.277,0.278,0.279,0.28,0.281,0.282,0.283,25213.8,57213.1,21921.3,15228.1,3824.5,853.1,1028.8,1828.7,8056,41.4,13258.2,25431.5,11918.2,7013.5,1809.5,23003.6,4261.8,22079.5,78.5,12179.4
215,0.273,0.272,0.271,0.27,0.269,0.268,0.267,0.266,0.265,0.263,0.274,0.275,0.276,0.277,0.278,0.279,0.28,0.281,0.282,0.283,25213.8,51529.4,20016.5,17138.1,3824.5,853.1,1028.8,1828.7,8056,41.4,8630.5,25633.8,11918.2,7013.5,1809.5,23003.6,4261.8,22079.5,78.5,12179.4
216,0.273,0.272,0.271,0.27,0.269,0.268,0.267,0.265,0.263,0.259,0.274,0.275,0.276,0.277,0.278,0.279,0.28,0.281,0.282,0.283,25246.7,47917.9,19507.1,17462.8,3497.5,853.1,2880,8056,41.4,40.6,1250.3,28679,11370.4,7946.6,1809.5,23003.6,4261.8,22079.5,78.5,12179.4
217,0.273,0.272,0.271,0.27,0.269,0.268,0.267,0.265,0.263,0.259,0.274,0.275,0.276,0.277,0.278,0.279,0.28,0.281,0.282,0.283,25393.9,49952.7,19932.3,17144.3,3388.5,853.1,2880,8056,41.4,40.6,1250.9,25633.8,11370.4,7946.6,1809.5,17805.4,7810.9,22079.5,78.5,12179.4
218,0.273,0.272,0.271,0.27,0.269,0.268,0.267,0.265,0.263,0.259,0.274,0.275,0.276,0.277,0.278,0.279,0.28,0.281,0.282,0.283,25405.8,57313.1,20529,17036,3388.5,853.1,2880,8056,41.4,40.6,8498.2,28655.9,11370.4,7946.6,1809.5,17805.4,9460,22079.5,78.5,12179.4
219,0.273,0.272,0.271,0.27,0.269,0.268,0.267,0.265,0.263,0.259,0.274,0.275,0.276,0.277,0.278,0.279,0.28,0.281,0.282,0.283,24430.6,51409.4,20411.7,17144.9,3388.5,853.1,2880,8056,41.4,40.6,8498.2,25633.8,11370.4,7946.6,1809.5,17805.4,9460,21975.2,182.5,12179.4
220,0.273,0.272,0.271,0.27,0.269,0.268,0.267,0.266,0.265,0.263,0.274,0.275,0.276,0.277,0.278,0.279,0.28,0.281,0.282,0.283,24462.4,59136.8,18619.8,17362.5,3388.5,853.1,1028.8,1908.9,8056,41.4,8775.3,28526.8,11370.4,7946.6,1809.5,17805.4,9460,21975.2,182.5,12179.4
221,0.273,0.272,0.271,0.27,0.269,0.268,0.267,0.266,0.265,0.263,0.274,0.275,0.276,0.277,0.278,0.279,0.28,0.281,0.282,0.283,22618.8,51546.1,19985.2,17572.5,3388.5,853.1,1028.8,1908.9,8056,41.4,13199.4,25431.5,12293.4,7013.5,1809.5,19454.5,7810.9,22079.5,78.5,12179.4
222,0.273,0.272,0.271,0.27,0.269,0.268,0.267,0.266,0.265,0.263,0.274,0.275,0.276,0.277,0.278,0.279,0.28,0.281,0.282,0.283,24485.6,54538.6,20410.4,17145.8,3388.5,853.1,1028.8,1908.9,8056,41.4,10028,28756.6,12293.4,7013.5,1809.5,17805.4,9460,22079.5,78.5,12179.4
223,0.273,0.272,0.271,0.27,0.269,0.268,0.267,0.265,0.263,0.259,0.274,0.275,0.276,0.277,0.278,0.279,0.28,0.281,0.282,0.283,24485.6,58945.3,18944.4,17036.8,3388.5,853.1,2877.7,8056,41.4,40.6,10028,25632.8,12293.4,7013.5,1809.5,17805.4,9460,22079.5,78.5,12179.4
224,0.273,0.272,0.271,0.27,0.269,0.268,0.267,0.265,0.263,0.259,0.274,0.275,0.276,0.277,0.278,0.279,0.28,0.281,0.282,0.283,24532.9,52310.9,18438.9,17036.9,3388.5,853.1,2933.7,8056,41.4,40.6,10462.7,25632.8,11370.4,7954,1809.5,17805.4,9460,22079.5,78.5,12179.4
225,0.273,0.272,0.271,0.27,0.269,0.268,0.267,0.265,0.263,0.259,0.274,0.275,0.276,0.277,0.278,0.279,0.28,0.281,0.282,0.283,24474.5,44132,18222.5,17253.5,2785.7,853.1,2278.9,8658.8,41.4,40.6,9958.1,25632.8,11370.4,7954,1809.5,17380.6,9884.8,22079.5,78.5,12179.4
226,0.273,0.272,0.271,0.27,0.269,0.268,0.267,0.265,0.263,0.259,0.274,0.275,0.276,0.277,0.278,0.279,0.28,0.281,0.282,0.283,24532.9,49938.7,18477.3,16997.7,2785.7,853.1,2278.9,8658.8,41.4,40.6,8665,28644.8,11370.4,7954,1809.5,17380.6,9884.8,22079.5,78.5,12179.4
227,0.273,0.272,0.271,0.27,0.269,0.268,0.267,0.265,0.263,0.259,0.274,0.275,0.276,0.277,0.278,0.279,0.28,0.281,0.282,0.283,24496.9,53904.5,19094.1,16889.5,2785.7,853.1,2278.9,8658.8,41.4,40.6,8665,28667.7,11370.4,7954,1809.5,17380.6,9884.8,22079.5,78.5,12179.4
228,0.273,0.272,0.271,0.27,0.269,0.268,0.267,0.265,0.263,0.259,0.274,0.275,0.276,0.277,0.278,0.279,0.28,0.281,0.282,0.283,24496.9,61321.8,17880.4,16888.8,2785.7,853.1,2278.9,8658.8,41.4,40.6,8665,28683.6,11370.4,7954,1809.5,17380.6,9884.8,22031.3,78.5,12179.4
229,0.273,0.272,0.271,0.27,0.269,0.268,0.267,0.266,0.265,0.263,0.274,0.275,0.276,0.277,0.278,0.279,0.28,0.281,0.282,0.283,24048.9,59975.5,18947.5,17036.2,2785.7,853.1,430,1904,8658.8,41.4,13293,28551.8,11370.4,7954,1809.5,17380.6,9821.6,22031.3,78.5,12179.4
230,0.273,0.272,0.271,0.27,0.269,0.268,0.267,0.265,0.263,0.259,0.274,0.275,0.276,0.277,0.278,0.279,0.28,0.281,0.282,0.283,24000.9,56924.5,19244.5,16889.8,2785.7,853.1,2346.8,8658.8,41.4,40.6,13386,28527.1,11370.4,7954,1809.5,17380.6,9821.6,22031.3,78.5,12179.4
231,0.273,0.272,0.271,0.27,0.269,0.268,0.267,0.266,0.265,0.263,0.274,0.275,0.276,0.277,0.278,0.279,0.28,0.281,0.282,0.283,23978.6,50972.3,19244.5,16889.7,2785.7,853.1,430,1849.3,8658.8,41.4,13386,25497.9,11370.4,7954,1809.5,17380.6,9821.6,22031.3,78.5,12179.4
232,0.273,0.272,0.271,0.27,0.269,0.268,0.267,0.265,0.263,0.259,0.274,0.275,0.276,0.277,0.278,0.279,0.28,0.281,0.282,0.283,24000.9,57058.8,19028.1,17107.2,2785.7,853.1,2315.5,8658.8,41.4,40.6,13386,28527.1,11370.4,7954,1809.5,17380.6,9821.6,22031.3,78.5,12179.4
233,0.273,0.272,0.271,0.27,0.269,0.268,0.267,0.266,0.265,0.263,0.274,0.275,0.276,0.277,0.278,0.279,0.28,0.281,0.282,0.283,24000.9,54044.8,18747.2,17253.2,2894.7,853.1,374,1853.7,8658.8,41.4,13386,28526.1,11370.4,7954,1809.5,17380.6,9821.6,22031.3,78.5,12179.4
234,0.273,0.272,0.271,0.27,0.269,0.268,0.267,0.266,0.265,0.263,0.274,0.275,0.276,0.277,0.278,0.279,0.28,0.281,0.282,0.283,23978.6,57162.5,18747.2,17352.8,2785.7,853.1,374,1853.7,8658.8,41.4,13386,28526.6,11370.4,7954,1809.5,17380.6,9821.6,22031.3,78.5,12179.4
235,0.273,0.272,0.271,0.27,0.269,0.268,0.267,0.266,0.265,0.263,0.274,0.275,0.276,0.277,0.278,0.279,0.28,0.281,0.282,0.283,21182.1,52924.8,18963.6,17134.3,2785.7,853.1,374,1853.7,8658.8,41.4,13386,28550.8,12308.1,7013.5,1809.5,17380.6,9821.6,22031.3,78.5,12179.4
236,0.273,0.272,0.271,0.27,0.269,0.268,0.267,0.266,0.265,0.263,0.274,0.275,0.276,0.277,0.278,0.279,0.28,0.281,0.282,0.283,21182.1,52391.7,18855.4,17245,2785.7,853.1,374,1853.7,8658.8,41.4,13503,28615.7,12308.1,7013.5,1809.5,17380.6,9821.6,22031.3,78.5,12179.4
237,0.273,0.272,0.271,0.27,0.269,0.268,0.267,0.266,0.265,0.263,0.274,0.275,0.276,0.277,0.278,0.279,0.28,0.281,0.282,0.283,21182.1,59866.9,18747.2,17350.8,2785.7,853.1,374,1853.7,8658.8,41.4,13503,28615.7,12308.1,7013.5,1809.5,17380.6,9821.6,22031.3,78.5,12179.4
238,0.273,0.272,0.271,0.27,0.269,0.268,0.267,0.266,0.265,0.263,0.274,0.275,0.276,0.277,0.278,0.279,0.28,0.281,0.282,0.283,21088.8,54387.1,18747.2,17349.4,2785.7,853.1,374,1836.1,8658.8,41.4,13503,28616.5,12308.1,7013.5,1809.5,17380.6,9821.6,22031.3,78.5,12179.4
239,0.273,0.272,0.271,0.27,0.269,0.268,0.267,0.266,0.265,0.263,0.274,0.275,0.276,0.277,0.278,0.279,0.28,0.281,0.282,0.283,17355.1,60242.2,18747.2,17240.8,2894.7,853.1,374,1836.1,8658.8,41.4,13503,28657.4,12308.1,7013.5,1809.5,17380.6,9821.6,22031.3,78.5,12179.4
240,0.273,0.272,0.271,0.27,0.269,0.268,0.267,0.266,0.265,0.263,0.274,0.275,0.276,0.277,0.278,0.279,0.28,0.281,0.282,0.283,10505.5,48956.9,20769.2,17450.4,2894.7,853.1,374,1836.1,8658.8,41.4,13678.8,25431.3,12308.1,7013.5,1809.5,17380.6,9821.6,22031.3,78.5,12179.4
241,0.273,0.272,0.271,0.27,0.269,0.268,0.267,0.266,0.265,0.263,0.274,0.275,0.276,0.277,0.278,0.279,0.28,0.281,0.282,0.283,17355.1,55193.5,20769.2,17450.4,2894.7,853.1,374,1836.1,8658.8,41.4,14753.3,28704.8,12308.1,7013.5,1809.5,17380.6,6244.5,25608.4,78.5,12179.4
242,0.273,0.272,0.271,0.27,0.269,0.268,0.267,0.265,0.263,0.259,0.274,0.275,0.276,0.277,0.278,0.279,0.28,0.281,0.282,0.283,17404.8,60777.5,20769.2,17450.4,2894.7,853.1,2219.1,8658.8,41.4,40.6,14788.3,28644.4,12308.1,7013.5,1809.5,17380.6,6244.5,25608.4,78.5,12179.4
243,0.273,0.272,0.271,0.27,0.269,0.268,0.267,0.265,0.263,0.259,0.274,0.275,0.276,0.277,0.278,0.279,0.28,0.281,0.282,0.283,10577.4,53330.5,20769.2,17233.2,3112.7,853.1,2199.7,8658.8,41.4,40.6,14788.3,28637.4,12308.1,7013.5,1809.5,17380.6,6244.5,25608.4,78.5,12179.4
244,0.273,0.272,0.271,0.27,0.269,0.268,0.267,0.266,0.265,0.263,0.274,0.275,0.276,0.277,0.278,0.279,0.28,0.281,0.282,0.283,17427,59066,20769.2,17341.8,3003.7,853.1,374,1894.7,8658.8,41.4,14788.3,28696.3,12308.1,7013.5,1809.5,17380.6,6234.7,25608.4,78.5,12179.4
245,0.273,0.272,0.271,0.27,0.269,0.268,0.267,0.265,0.263,0.259,0.274,0.275,0.276,0.277,0.278,0.279,0.28,0.281,0.282,0.283,10515,60862.3,20260.6,16357.9,2189.3,853.1,2237.2,8658.8,41.4,40.6,14533.1,24927.8,11370.4,7013.5,1809.5,17380.6,9811.8,22031.3,78.5,12179.4
246,0.273,0.272,0.271,0.27,0.269,0.268,0.267,0.265,0.263,0.259,0.274,0.275,0.276,0.277,0.278,0.279,0.28,0.281,0.282,0.283,10537.1,52147.4,20260.6,16357.9,2189.3,853.1,2237.2,8658.8,41.4,40.6,14723.1,24927.8,11370.4,7013.5,1809.5,17380.6,9811.8,22031.3,78.5,12179.4
247,0.273,0.272,0.271,0.27,0.269,0.268,0.267,0.265,0.263,0.259,0.274,0.275,0.276,0.277,0.278,0.279,0.28,0.281,0.282,0.283,10537.1,39274.4,16808.2,16357.9,2189.3,853.1,2237.2,8658.8,41.4,40.6,14723.1,22150.1,9088.4,7013.5,1809.5,17805.4,9387,22031.3,78.5,12179.4
248,0.273,0.272,0.271,0.27,0.269,0.268,0.267,0.265,0.263,0.259,0.274,0.275,0.276,0.277,0.278,0.279,0.28,0.281,0.282,0.283,10537.1,47063.3,16737,16140.7,1971.3,1290.7,2237.2,8658.8,41.4,40.6,14723.1,25414.9,9088.4,7013.5,1809.5,19454.5,7737.9,22031.3,78.5,12179.4
249,0.273,0.272,0.271,0.27,0.269,0.268,0.267,0.265,0.263,0.259,0.274,0.275,0.276,0.277,0.278,0.279,0.28,0.281,0.282,0.283,10673.9,37486.2,17097.4,17002.2,2329.4,1181.3,2347,8658.8,41.4,40.6,18382.9,19950.1,9088.4,7013.5,1809.5,23003.6,4293.5,21927,78.5,12179.4
250,0.273,0.272,0.271,0.27,0.269,0.268,0.267,0.265,0.263,0.259,0.274,0.275,0.276,0.277,0.278,0.279,0.28,0.281,0.282,0.283,10673.9,39303.4,17097.4,17211.8,2119,1071.9,2456.8,8658.8,41.4,40.6,21292.7,23234.8,9088.4,7013.5,1809.5,23003.6,4293.5,21927,78.5,12179.4
251,0.273,0.272,0.271,0.27,0.269,0.268,0.267,0.266,0.265,0.263,0.274,0.275,0.276,0.277,0.278,0.279,0.28,0.281,0.282,0.283,10673.9,47410.5,17097.4,17211.8,2119,1071.9,593.6,1842.2,8658.8,41.4,19777.9,23223.8,9088.4,7013.5,1809.5,23003.6,4293.5,21927,78.5,12179.4
252,0.273,0.272,0.271,0.27,0.269,0.268,0.267,0.266,0.265,0.263,0.274,0.275,0.276,0.277,0.278,0.279,0.28,0.281,0.282,0.283,5914,37668.8,19304.1,17002.2,3270.9,1181.3,483.8,1842.2,8658.8,41.4,18901.1,24851.7,10029.9,7013.5,1809.5,23003.6,4293.5,21927,78.5,12179.4
253,0.273,0.272,0.271,0.27,0.269,0.268,0.267,0.266,0.265,0.263,0.274,0.275,0.276,0.277,0.278,0.279,0.28,0.281,0.282,0.283,5936.1,34394.7,19295.9,17002.2,3255.9,1181.3,483.8,1883.4,8658.8,41.4,18896.9,21573.1,10014.9,7013.5,1809.5,23003.6,4293.5,21927,78.5,12179.4
254,0.273,0.272,0.271,0.27,0.269,0.268,0.267,0.266,0.265,0.263,0.274,0.275,0.276,0.277,0.278,0.279,0.28,0.281,0.282,0.283,5936.1,43222.9,17602.8,17002.2,3255.9,1071.9,593.6,1883.4,8658.8,41.4,18896.9,24854.2,10014.9,7013.5,1809.5,23003.6,4293.5,21927,78.5,12179.4
255,0.273,0.272,0.271,0.27,0.269,0.268,0.267,0.266,0.265,0.263,0.274,0.275,0.276,0.277,0.278,0.279,0.28,0.281,0.282,0.283,5936.1,45453.3,17605.3,17002.2,3260.5,1181.3,483.8,1858.9,8658.8,41.4,18898.2,24873.1,10019.5,7013.5,1809.5,23003.6,4293.5,21927,78.5,12179.4
256,0.273,0.272,0.271,0.27,0.269,0.268,0.267,0.266,0.265,0.263,0.274,0.275,0.276,0.277,0.278,0.279,0.28,0.281,0.282,0.283,10360.2,35643.7,17605.3,17002.2,3260.5,1071.9,593.6,1858.9,8658.8,41.4,17208.4,25944.7,10019.5,7013.5,1809.5,17805.4,5914.6,25504.1,78.5,12179.4
257,0.273,0.272,0.271,0.27,0.269,0.268,0.267,0.266,0.265,0.263,0.274,0.275,0.276,0.277,0.278,0.279,0.28,0.281,0.282,0.283,10360.2,33861.3,17605.3,15783.9,3112.8,1220.2,649.6,1858.9,8658.8,41.4,18668.2,25916.4,10019.5,7013.5,1809.5,17805.4,5914.6,25504.1,78.5,12179.4
258,0.272,0.271,0.27,0.269,0.268,0.267,0.266,0.265,0.263,0.259,0.273,0.274,0.275,0.276,0.277,0.278,0.279,0.28,0.281,0.282,35299.1,26350.7,15783.9,2902.4,2211.2,1726.5,1858.9,8658.8,41.4,40.6,7389.4,22260.3,22150.1,10019.5,7013.5,1809.5,16806.2,5914.6,25529.6,78.5
259,0.272,0.271,0.27,0.269,0.268,0.267,0.266,0.265,0.263,0.259,0.273,0.274,0.275,0.276,0.277,0.278,0.279,0.28,0.281,0.282,24394.2,24802.3,19062.7,4015.9,2164.7,1819.3,2024.9,8769.4,41.4,40.6,8967.2,21882.7,21067.7,9728,2605.5,2234.3,22206.2,3577.1,21952.5,78.5
260,0.272,0.271,0.27,0.269,0.268,0.267,0.266,0.265,0.264,0.263,0.273,0.274,0.275,0.276,0.277,0.278,0.279,0.28,0.281,0.283,21005.6,35713.1,19579,4015.9,1953.5,1811.7,2355.5,8545.8,113.4,41.4,8967.9,19204.6,18867.7,9728,2605.5,2234.3,22206.2,3577.1,22031,12179.4
261,0.272,0.271,0.27,0.269,0.268,0.267,0.266,0.265,0.264,0.263,0.273,0.274,0.275,0.276,0.277,0.278,0.279,0.28,0.281,0.283,21390.5,27583.9,19062.7,4015.9,2313,1450.9,2135.1,8767,113.4,41.4,7429.1,18020.2,18867.7,10070.1,2263.6,2234.3,22206.2,3577.1,22031,12179.4
262,0.272,0.271,0.27,0.269,0.268,0.267,0.266,0.265,0.264,0.263,0.273,0.274,0.275,0.276,0.277,0.278,0.279,0.28,0.281,0.283,21391.2,21050.7,19062.7,4015.9,2313,1560.7,2024.9,8767,113.4,41.4,7657.5,20945.5,18867.7,10387.5,1946.9,2234.3,22206.2,3577.1,22031,12179.4
263,0.272,0.271,0.27,0.269,0.268,0.267,0.266,0.265,0.264,0.263,0.273,0.274,0.275,0.276,0.277,0.278,0.279,0.28,0.281,0.283,21127.2,35365.2,19578.8,4015.9,2164.7,1599.7,2135.1,8767,113.4,41.4,13547.7,20888.1,18867.7,10387.5,1946.9,2234.3,22206.2,3577.1,22031,12179.4
264,0.272,0.271,0.27,0.269,0.268,0.267,0.266,0.265,0.264,0.263,0.273,0.274,0.275,0.276,0.277,0.278,0.279,0.28,0.281,0.283,21185.6,25454.3,19361.9,4015.9,2313,1450.9,2245.3,8656.4,113.4,41.4,7843,20991.1,18867.7,10387.5,1946.9,3740.4,20704.5,3577.1,22031,12179.4
265,0.272,0.271,0.27,0.269,0.268,0.267,0.266,0.265,0.264,0.263,0.273,0.274,0.275,0.276,0.277,0.278,0.279,0.28,0.281,0.283,21185.6,26207.2,19361.9,4015.9,2313,1560.7,2245.3,8545.8,113.4,41.4,7653,17891.6,18867.7,10387.5,1841.1,3845.9,20704.5,25160.3,425.6,12179.4
266,0.272,0.271,0.27,0.269,0.268,0.267,0.266,0.265,0.264,0.263,0.273,0.274,0.275,0.276,0.277,0.278,0.279,0.28,0.281,0.283,21112,28951.8,20579.9,2793.4,2313,1560.7,2245.3,8545.8,113.4,41.4,7601.3,20939,18867.7,10387.5,1841.1,3845.9,20704.5,25160.3,425.6,12179.4
267,0.272,0.271,0.27,0.269,0.268,0.267,0.266,0.265,0.264,0.263,0.273,0.274,0.275,0.276,0.277,0.278,0.279,0.28,0.281,0.283,21111.9,28723.4,20579.9,2793.4,2313,1560.7,2189.5,8545.8,113.4,41.4,7601.3,20922.8,18867.7,10387.5,1841.1,3845.9,20704.5,25160.3,425.6,12179.4
268,0.272,0.271,0.27,0.269,0.268,0.267,0.266,0.265,0.264,0.263,0.273,0.274,0.275,0.276,0.277,0.278,0.279,0.28,0.281,0.283,21163.9,27962.1,20579.9,2793.4,2313,1560.7,2189.5,8545.8,113.4,41.4,988.7,20382.4,19380.8,10387.5,1841.1,3845.9,20704.5,25160.3,425.6,12179.4
269,0.273,0.272,0.271,0.27,0.269,0.268,0.267,0.266,0.265,0.264,0.274,0.275,0.276,0.277,0.278,0.279,0.28,0.281,0.283,0.285,7868,48201.3,19385,17301.1,2902.4,2313,374,2191.6,8545.8,113.4,17756.9,21580.8,10387.5,1841.1,3740.4,21618.9,25265,425.6,12179.4,36.9
270,0.272,0.271,0.27,0.269,0.268,0.267,0.266,0.265,0.264,0.263,0.274,0.275,0.276,0.277,0.278,0.279,0.28,0.281,0.282,0.283,50858.4,24867.3,18066,2793.4,2313,593.6,2092.1,8545.8,113.4,41.4,24814.7,24681.5,10387.5,2606,3740.4,20704.5,25265,347.1,78.5,12179.4
271,0.272,0.271,0.27,0.269,0.268,0.267,0.266,0.265,0.263,0.259,0.273,0.274,0.275,0.276,0.277,0.278,0.279,0.28,0.281,0.282,45829.7,24866.3,18066,2793.4,2422.4,1479.3,2010.1,8658.8,41.4,40.6,1541.5,24324.9,24681.5,10387.5,1841.1,3845.9,20704.5,25160.3,347.1,78.5
272,0.272,0.271,0.27,0.269,0.268,0.267,0.266,0.265,0.263,0.259,0.273,0.274,0.275,0.276,0.277,0.278,0.279,0.28,0.281,0.282,45571.4,34481.6,16848,4015.9,2422.4,1369.5,2120.3,8658.8,41.4,40.6,1541.5,27173.9,24681.5,10387.5,1841.1,3845.9,20704.5,25160.3,347.1,78.5
273,0.272,0.271,0.27,0.269,0.268,0.267,0.266,0.265,0.264,0.263,0.273,0.274,0.275,0.276,0.277,0.278,0.279,0.28,0.281,0.282,44077.3,29393,16848,4015.9,2422.4,1369.5,2118.2,8545.8,113.4,41.4,1541.5,27952.5,22481.5,10387.5,1841.1,3845.9,20704.5,25160.3,347.1,78.5
274,0.272,0.271,0.27,0.269,0.268,0.267,0.266,0.265,0.264,0.263,0.273,0.274,0.275,0.276,0.277,0.278,0.279,0.28,0.282,0.283,43939.2,31417.6,18428,4015.9,2422.4,3185.2,330.6,8545.8,113.4,41.4,1541.5,28369.8,21968.4,10387.5,1841.1,3845.9,20696.8,25486.6,78.5,12179.4
275,0.272,0.271,0.27,0.269,0.268,0.267,0.266,0.265,0.264,0.263,0.273,0.274,0.275,0.276,0.277,0.278,0.279,0.28,0.281,0.283,43939.2,33523.4,18428,4226.3,2211.2,3295,220.4,8545.8,113.4,41.4,2623.9,26916.6,22485.1,10387.5,1841.1,8938.6,19180.8,21909.5,78.5,12179.4
276,0.272,0.271,0.27,0.269,0.268,0.267,0.266,0.265,0.264,0.263,0.273,0.274,0.275,0.276,0.277,0.278,0.279,0.28,0.281,0.283,51357,31627,18428,4015.9,2422.4,3404.8,110.2,8545.8,113.4,41.4,2623.9,26927,22472.7,10387.5,1841.1,8938.6,19180.8,21909.5,78.5,12179.4
277,0.272,0.271,0.27,0.269,0.268,0.267,0.266,0.265,0.264,0.263,0.273,0.274,0.275,0.276,0.277,0.278,0.279,0.28,0.281,0.283,51357,33579.5,18428,4015.9,2422.4,3404.8,110.2,8545.8,113.4,41.4,2623.9,26931.6,22481.9,10387.5,1841.1,8938.6,19180.8,21909.5,78.5,12179.4
278,0.272,0.271,0.27,0.269,0.268,0.267,0.266,0.265,0.264,0.263,0.273,0.274,0.275,0.276,0.277,0.278,0.279,0.28,0.281,0.283,51278.6,28020.6,18428,4015.9,2422.4,3404.8,110.2,8545.8,113.4,41.4,2623.9,26872.2,22481.9,10387.5,1841.1,8938.6,19180.8,21909.5,78.5,12179.4
279,0.272,0.271,0.27,0.269,0.268,0.267,0.266,0.265,0.264,0.263,0.273,0.274,0.275,0.276,0.277,0.278,0.279,0.28,0.281,0.283,44850.6,25130.1,18428,4015.7,2422.4,3295,220.4,8545.8,113.4,41.4,2623.9,23187.7,22481.9,10387.5,1841.1,8938.6,19180.8,21909.5,78.5,12179.4
280,0.272,0.271,0.27,0.269,0.268,0.267,0.266,0.265,0.264,0.263,0.273,0.274,0.275,0.276,0.277,0.278,0.279,0.28,0.281,0.283,40442.6,32257.3,18428,4015.7,2422.4,3404.8,110.2,8545.8,113.4,41.4,2623.9,22172.7,22481.9,10387.5,1841.1,8938.6,19180.8,21909.5,78.5,12179.4
281,0.272,0.271,0.27,0.269,0.268,0.267,0.266,0.265,0.264,0.263,0.273,0.274,0.275,0.276,0.277,0.278,0.279,0.28,0.281,0.283,40442.6,31840.9,18428,4226.1,2211.2,3404.8,110.2,8545.8,113.4,41.4,2623.9,25601.6,21968.4,10387.5,1841.1,8938.6,19180.8,21909.5,78.5,12179.4
282,0.272,0.271,0.27,0.269,0.268,0.267,0.266,0.265,0.264,0.263,0.273,0.274,0.275,0.276,0.277,0.278,0.279,0.28,0.281,0.283,40559.1,32183.3,18428,4015.9,2422.4,3404.8,110.2,8545.8,113.4,41.4,2865.6,25625.6,21968.4,10387.5,1841.1,8938.6,19180.8,21909.5,78.5,12179.4
283,0.272,0.271,0.27,0.269,0.268,0.267,0.266,0.265,0.264,0.263,0.273,0.274,0.275,0.276,0.277,0.278,0.279,0.28,0.281,0.283,40559.1,31793.5,18428,4015.9,2422.4,3404.8,110.2,8545.8,113.4,41.4,2865.6,25625.6,21968.4,10387.5,1841.1,8938.6,19180.8,21909.5,78.5,12179.4
284,0.272,0.271,0.27,0.269,0.268,0.267,0.266,0.265,0.264,0.263,0.273,0.274,0.275,0.276,0.277,0.278,0.279,0.28,0.281,0.283,40559.1,33909.2,18428,4015.9,2422.4,3404.8,110.2,8545.8,113.4,41.4,2623.9,25110.1,22476.3,10387.5,1841.1,8938.6,19180.8,21909.5,78.5,12179.4
285,0.272,0.271,0.27,0.269,0.268,0.267,0.266,0.265,0.264,0.263,0.273,0.274,0.275,0.276,0.277,0.278,0.279,0.28,0.282,0.285,40442.6,33788.7,18428,4015.9,2422.4,3391.8,110.2,8545.8,113.4,41.4,2623.9,25088.6,22476.3,10387.5,1841.1,8938.6,19180.8,21909.5,12177.5,36.9
286,0.272,0.271,0.27,0.269,0.268,0.267,0.266,0.265,0.264,0.263,0.273,0.274,0.275,0.276,0.277,0.278,0.279,0.28,0.281,0.282,40559.1,33897.5,18428,4015.9,2422.4,3357.2,110.2,8545.8,113.4,41.4,2623.9,22172.7,22476.3,10387.5,1841.1,8938.6,19180.8,21909.5,78.5,12177.5
287,0.272,0.271,0.27,0.269,0.268,0.267,0.266,0.265,0.264,0.263,0.273,0.274,0.275,0.276,0.277,0.278,0.279,0.28,0.281,0.282,34950.1,30111.6,18428,4015.9,2422.4,1479.3,110.2,8545.8,113.4,41.4,10388.4,25594.7,21968.4,10387.5,1841.1,8938.6,19180.8,21909.5,78.5,12177.5
288,0.272,0.271,0.27,0.269,0.268,0.267,0.266,0.265,0.264,0.263,0.273,0.274,0.275,0.276,0.277,0.278,0.279,0.28,0.281,0.282,24298.1,47555.2,18937.1,4015.9,2313,1589.1,2037.3,8545.8,113.4,41.4,17598.9,22122,21547.6,10387.5,1841.1,8938.6,19180.8,21909.5,78.5,12177.5
289,0.272,0.271,0.27,0.269,0.268,0.267,0.266,0.265,0.264,0.263,0.273,0.274,0.275,0.276,0.277,0.278,0.279,0.28,0.281,0.282,12868.6,45928.7,23914.7,4015.9,2313,1589.1,2037.3,8545.8,113.4,41.4,14624,25229.1,22472.7,9456.4,1841.1,8938.6,19180.8,21909.5,78.5,12177.5
290,0.272,0.271,0.27,0.269,0.268,0.267,0.266,0.265,0.264,0.263,0.273,0.274,0.275,0.276,0.277,0.278,0.279,0.28,0.281,0.282,1760.2,48122.1,26478.7,3819.6,3236,1589.1,2139.4,8545.8,113.4,41.4,14872,25229.1,22472.7,9456.4,1841.1,8152.9,19095.1,21922.4,78.5,12177.5
291,0.272,0.271,0.27,0.269,0.268,0.267,0.266,0.265,0.264,0.263,0.273,0.274,0.275,0.276,0.277,0.278,0.279,0.28,0.281,0.282,1760.2,48218.5,26478.7,3819.6,2978.3,1737.9,2249.6,8545.8,113.4,41.4,17802.4,25406.3,22472.7,9456.4,1841.1,8152.9,19095.1,21922.4,78.5,12177.5
292,0.272,0.271,0.27,0.269,0.268,0.267,0.266,0.265,0.264,0.263,0.273,0.274,0.275,0.276,0.277,0.278,0.279,0.28,0.281,0.282,23064.2,35144.8,23456.8,3819.6,2767.1,1064.2,2249.6,8545.8,113.4,41.4,355.7,24787.3,25333.9,10389.9,1841.1,3686.9,20821.3,25499.5,78.5,12177.5
293,0.272,0.271,0.27,0.269,0.268,0.267,0.266,0.265,0.264,0.263,0.273,0.274,0.275,0.276,0.277,0.278,0.279,0.28,0.281,0.282,17968.1,35587.9,23456.8,4768.9,2281.7,844.6,1927.1,8545.8,113.4,41.4,355.7,21934.3,24733.3,10389.9,1841.1,3686.9,20821.3,25499.5,78.5,12177.5
294,0.272,0.271,0.27,0.269,0.268,0.267,0.266,0.265,0.264,0.263,0.273,0.274,0.275,0.276,0.277,0.278,0.279,0.28,0.281,0.282,18020.1,41290.5,21216.6,4768.9,2281.7,844.6,1927.1,8545.8,113.4,41.4,303.7,21867.7,24923.3,10389.9,1841.1,3686.9,20821.3,25499.5,78.5,12177.5
295,0.272,0.271,0.27,0.269,0.268,0.267,0.266,0.265,0.264,0.263,0.273,0.274,0.275,0.276,0.277,0.278,0.279,0.28,0.281,0.282,18260.8,32395.9,20122.2,4768.9,2281.7,844.6,1927.1,8545.8,113.4,41.4,303.7,24742.2,22051.8,10389.9,1841.1,3686.9,20821.3,25499.5,78.5,12177.5
296,0.272,0.271,0.27,0.269,0.268,0.267,0.266,0.265,0.264,0.263,0.273,0.274,0.275,0.276,0.277,0.278,0.279,0.28,0.281,0.282,18262.7,30490.6,21216.6,4768.9,2281.7,844.6,1927.1,8545.8,113.4,41.4,303.7,24784.8,22051.8,10389.9,1841.1,3686.9,20821.3,25499.5,78.5,12177.5
297,0.272,0.271,0.27,0.269,0.268,0.267,0.266,0.265,0.264,0.263,0.273,0.274,0.275,0.276,0.277,0.278,0.279,0.28,0.281,0.282,17292.7,28790.6,21216.6,4768.9,2281.7,1804,1927.1,8545.8,113.4,41.4,303.7,24684.7,22051.8,10389.9,1841.1,3686.9,20821.3,25499.5,78.5,12177.5
298,0.272,0.271,0.27,0.269,0.268,0.267,0.266,0.265,0.264,0.263,0.273,0.274,0.275,0.276,0.277,0.278,0.279,0.28,0.281,0.282,17412.7,30334.6,21216.6,4768.9,2281.7,1592,1927.1,8545.8,113.4,41.4,241.7,24724.3,22051.8,10389.9,1841.1,3686.9,20821.3,25499.5,78.5,12177.5
299,0.272,0.271,0.27,0.269,0.268,0.267,0.266,0.265,0.264,0.263,0.273,0.274,0.275,0.276,0.277,0.278,0.279,0.28,0.281,0.282,17342.9,28829.4,20122.2,4877.9,2641.2,1333.4,1927.1,8545.8,113.4,41.4,241.7,24833.3,22051.8,10389.9,1841.1,3686.9,20821.3,25499.5,78.5,12177.5
300,0.272,0.271,0.27,0.269,0.268,0.267,0.266,0.265,0.264,0.263,0.274,0.275,0.276,0.277,0.278,0.279,0.28,0.281,0.282,0.285,27879,38382.2,21702.2,4252.1,2531.8,374,1927.1,8545.8,113.4,41.4,25018.7,22051.8,10389.9,4001,8885.1,15518,22027.1,78.5,12177.5,36.9
301,0.272,0.271,0.27,0.269,0.268,0.267,0.266,0.265,0.264,0.263,0.274,0.275,0.276,0.277,0.278,0.279,0.28,0.281,0.282,0.283,24578.6,32867.4,22796.6,4789.5,1992.4,374,1927.1,8545.8,113.4,41.4,22431.7,22051.8,10389.9,4001,8885.1,19095.1,21922.4,78.5,12177.5,103.6
302,0.272,0.271,0.27,0.269,0.268,0.267,0.266,0.265,0.263,0.259,0.274,0.275,0.276,0.277,0.278,0.279,0.28,0.281,0.282,0.283,43326.4,35695.9,24340.3,3387.7,1844.1,374,2029.2,8658.8,41.4,40.6,26907.1,22051.8,10389.9,4001,8885.1,19095.1,21922.4,78.5,12177.5,103.6
303,0.272,0.271,0.27,0.269,0.268,0.267,0.266,0.265,0.263,0.259,0.274,0.275,0.276,0.277,0.278,0.279,0.28,0.281,0.282,0.283,43326.5,32649.5,24448.8,3278.7,1844.1,374,2029.2,8658.8,41.4,40.6,23837.7,25154.1,10389.9,4001,8885.1,19095.1,21922.4,78.5,12177.5,103.6
304,0.272,0.271,0.27,0.269,0.268,0.267,0.266,0.265,0.263,0.259,0.274,0.275,0.276,0.277,0.278,0.279,0.28,0.281,0.282,0.283,43316.9,33026.9,24340.2,3387.7,1844.1,374,2029.2,8658.8,41.4,40.6,25297.5,25153.6,10389.9,4001,8885.1,19095.1,21922.4,78.5,12177.5,103.6
305,0.272,0.271,0.27,0.269,0.268,0.267,0.266,0.265,0.263,0.259,0.274,0.275,0.276,0.277,0.278,0.279,0.28,0.281,0.282,0.283,43316.9,30430.5,24448.8,3278.7,1844.1,374,2029.2,8658.8,41.4,40.6,25297.5,25139.7,10389.9,4001,8885.1,18456.8,22268.1,453.6,12177.5,103.6
306,0.272,0.271,0.27,0.269,0.268,0.267,0.266,0.265,0.263,0.259,0.274,0.275,0.276,0.277,0.278,0.279,0.28,0.281,0.282,0.283,43316.9,32004.6,22651.7,3496.7,1844.1,374,2029.2,8658.8,41.4,40.6,23837.7,25139.7,10389.9,4001,8885.1,18456.8,22268.1,453.6,12177.5,103.6
307,0.272,0.271,0.27,0.269,0.268,0.267,0.266,0.265,0.263,0.259,0.274,0.275,0.276,0.277,0.278,0.279,0.28,0.281,0.282,0.283,42948.9,30202.8,22905.1,4680.5,1992.4,374,2029.2,8658.8,41.4,40.6,24229,25132.2,10389.9,4001,8885.1,18456.8,22268.1,453.6,12177.5,103.6
308,0.272,0.271,0.27,0.269,0.268,0.267,0.266,0.265,0.263,0.259,0.274,0.275,0.276,0.277,0.278,0.279,0.28,0.281,0.282,0.285,42774.1,35483,22796.5,4361.3,2422.4,374,1927.1,8658.8,41.4,40.6,24733.8,24612.8,10389.9,4001,8885.1,18456.8,22268.1,453.6,12281.5,36.9
309,0.272,0.271,0.27,0.269,0.268,0.267,0.266,0.265,0.264,0.263,0.273,0.274,0.275,0.276,0.277,0.278,0.279,0.28,0.281,0.282,20467.4,42028.3,21724.7,4790,2422.4,1952,1927.1,8545.8,113.4,41.4,7609.1,24430.8,21547.6,10389.9,1841.1,3686.9,20077.9,25949.9,453.6,12177.5
310,0.272,0.271,0.27,0.269,0.268,0.267,0.266,0.265,0.264,0.263,0.273,0.274,0.275,0.276,0.277,0.278,0.279,0.28,0.281,0.282,20489.8,38400.4,20620,4790,2313,2061.8,1927.1,8545.8,113.4,41.4,7558.1,27065.1,21547.6,10389.9,1841.1,3686.9,20077.9,25949.9,453.6,12177.5
311,0.272,0.271,0.27,0.269,0.268,0.267,0.266,0.265,0.264,0.263,0.273,0.274,0.275,0.276,0.277,0.278,0.279,0.28,0.281,0.282,20525.6,41642.9,21840.4,3567.3,2422.4,1952,1927.1,8545.8,113.4,41.4,8769,26750.8,21547.6,10389.9,1841.1,3686.9,20077.9,25949.9,453.6,12177.5
312,0.272,0.271,0.27,0.269,0.268,0.267,0.266,0.265,0.264,0.263,0.273,0.274,0.275,0.276,0.277,0.278,0.279,0.28,0.281,0.282,20525.6,37122.8,21332.6,3886.7,2320.6,1732.4,1927.1,8545.8,113.4,41.4,8385.1,25318.2,21547.6,10389.9,1841.1,3262.1,20502.7,25949.9,453.6,12177.5
313,0.272,0.271,0.27,0.269,0.268,0.267,0.266,0.265,0.264,0.263,0.273,0.274,0.275,0.276,0.277,0.278,0.279,0.28,0.281,0.282,20525.6,34027.2,21332.6,4034.4,2172.3,1732.4,1927.1,8545.8,113.4,41.4,8385.1,22321.5,21547.6,10389.9,1841.1,3262.1,20502.7,25949.9,453.6,12177.5
314,0.272,0.271,0.27,0.269,0.268,0.267,0.266,0.265,0.264,0.263,0.273,0.274,0.275,0.276,0.277,0.278,0.279,0.28,0.281,0.282,20268.7,39914.7,22911.1,4034.4,2172.3,1732.4,1927.1,8545.8,113.4,41.4,8385.1,22321.5,21547.6,10389.9,1841.1,5336,22005.9,22372.8,453.6,12177.5
315,0.272,0.271,0.27,0.269,0.268,0.267,0.266,0.265,0.264,0.263,0.273,0.274,0.275,0.276,0.277,0.278,0.279,0.28,0.281,0.282,19126,50768.9,23424.4,4034.4,2172.3,1732.4,1927.1,8545.8,113.4,41.4,13311.4,25305.1,21547.6,10389.9,1841.1,5336,22005.9,22372.8,453.6,12177.5
316,0.272,0.271,0.27,0.269,0.268,0.267,0.266,0.265,0.264,0.263,0.273,0.274,0.275,0.276,0.277,0.278,0.279,0.28,0.281,0.282,17188.8,43592.1,25149.2,2976.1,3101.8,1842.2,1882.9,8545.8,113.4,41.4,12902.2,25444.1,21547.6,10395.9,1841.1,5336,22005.9,22372.8,453.6,12177.5
317,0.272,0.271,0.27,0.269,0.268,0.267,0.266,0.265,0.264,0.263,0.273,0.274,0.275,0.276,0.277,0.278,0.279,0.28,0.281,0.282,17188.8,47021.6,25149.2,2976.1,3211.2,1732.4,1882.9,8545.8,113.4,41.4,12902.2,25368.6,21547.6,10395.9,1841.1,5336,22005.9,22372.8,453.6,12177.5
318,0.272,0.271,0.27,0.269,0.268,0.267,0.266,0.265,0.264,0.263,0.273,0.274,0.275,0.276,0.277,0.278,0.279,0.28,0.281,0.282,17188.8,52561.5,24081.8,2976.1,3211.2,1732.4,1861.2,8545.8,113.4,41.4,12902.2,25364.6,21547.6,10395.9,1841.1,5336,22005.9,22372.8,453.6,12177.5
319,0.272,0.271,0.27,0.269,0.268,0.267,0.266,0.265,0.264,0.263,0.273,0.274,0.275,0.276,0.277,0.278,0.279,0.28,0.281,0.282,24528.2,40742.9,24081.8,3085.1,3101.8,1732.4,1861.2,8545.8,113.4,41.4,12902.2,22322.6,21547.6,10395.9,1841.1,5336,22005.9,22372.8,453.6,12177.5
320,0.272,0.271,0.27,0.269,0.268,0.267,0.266,0.265,0.264,0.263,0.273,0.274,0.275,0.276,0.277,0.278,0.279,0.28,0.281,0.282,24527.7,44843.4,24077.8,3085.1,3101.8,1732.4,1861.2,8545.8,113.4,41.4,12902.2,22322.6,21547.6,10395.9,1841.1,5336,22601,21998.8,78.5,12177.5
321,0.272,0.271,0.27,0.269,0.268,0.267,0.266,0.265,0.264,0.263,0.273,0.274,0.275,0.276,0.277,0.278,0.279,0.28,0.281,0.282,24469.6,44276.6,25664,3085.1,3101.8,1732.4,1861.2,8545.8,113.4,41.4,12902.2,22322.6,21547.6,10395.9,1841.1,5336,22601,21998.8,78.5,12177.5
322,0.272,0.271,0.27,0.269,0.268,0.267,0.266,0.265,0.264,0.263,0.273,0.274,0.275,0.276,0.277,0.278,0.279,0.28,0.281,0.282,24505.6,31996.7,25149.2,2976.1,3211.2,1732.4,1861.2,8545.8,113.4,41.4,12902.2,25366.8,21547.6,10395.9,1841.1,5336,22601,21998.8,78.5,12177.5
323,0.272,0.271,0.27,0.269,0.268,0.267,0.266,0.265,0.264,0.263,0.273,0.274,0.275,0.276,0.277,0.278,0.279,0.28,0.281,0.282,24505.6,37915.2,23569.8,3085.1,3101.8,1732.4,1861.2,8545.8,113.4,41.4,12902.2,25322.8,21547.6,10395.9,1841.1,5336,22601,21998.8,78.5,12177.5
324,0.272,0.271,0.27,0.269,0.268,0.267,0.266,0.265,0.264,0.263,0.273,0.274,0.275,0.276,0.277,0.278,0.279,0.28,0.281,0.282,24710,33318.1,23569.8,4240.3,2062.9,1622.6,1861.2,8545.8,113.4,41.4,1714.5,21868.7,22063.1,10395.9,1841.1,5336,22601,21998.8,78.5,12177.5
325,0.272,0.271,0.27,0.269,0.268,0.267,0.266,0.265,0.264,0.263,0.273,0.274,0.275,0.276,0.277,0.278,0.279,0.28,0.281,0.282,25634,45550.9,47180.4,3702.6,1844.1,1622.6,1861.2,8545.8,113.4,41.4,8682.8,24838,22052.2,10395.9,1841.1,3262.1,24674.9,21998.8,78.5,12177.5
326,0.272,0.271,0.27,0.269,0.268,0.267,0.266,0.265,0.264,0.263,0.273,0.274,0.275,0.276,0.277,0.278,0.279,0.28,0.281,0.282,34846,45292.1,47180.4,3593.6,1953.5,1622.6,1861.2,8545.8,113.4,41.4,1146.2,24822.6,22052.2,10395.9,1841.1,3262.1,24674.9,21998.8,78.5,12177.5
327,0.272,0.271,0.27,0.269,0.268,0.267,0.266,0.265,0.264,0.263,0.273,0.274,0.275,0.276,0.277,0.278,0.279,0.28,0.281,0.282,34846,38922.5,47397.6,3484.6,1844.1,1622.6,1861.2,8545.8,113.4,41.4,1146.2,24794.1,22052.2,10395.9,1841.1,3262.1,24674.9,21998.8,78.5,12177.5
328,0.272,0.271,0.27,0.269,0.268,0.267,0.266,0.265,0.264,0.263,0.273,0.274,0.275,0.276,0.277,0.278,0.279,0.28,0.281,0.282,34845.9,38906.5,47289,3593.6,1844.1,1622.6,1861.2,8545.8,113.4,41.4,1146.2,24778.1,22052.2,10395.9,1841.1,3262.1,24674.9,21998.8,78.5,12177.5
329,0.272,0.271,0.27,0.269,0.268,0.267,0.266,0.265,0.264,0.263,0.273,0.274,0.275,0.276,0.277,0.278,0.279,0.28,0.281,0.282,34846,43792.6,47180.4,3593.6,1953.5,1622.6,1861.2,8545.8,113.4,41.4,8682.8,24805,22052.2,10395.9,1841.1,3262.1,24674.9,21998.8,78.5,12177.5
330,0.272,0.271,0.27,0.269,0.268,0.267,0.266,0.265,0.264,0.263,0.273,0.274,0.275,0.276,0.277,0.278,0.279,0.28,0.281,0.282,34846,27706.6,46415.5,3375.6,2172.3,1622.6,1861.2,8545.8,113.4,41.4,8682.8,18381.1,18951.5,10395.9,1841.1,3262.1,24674.9,21998.8,78.5,12177.5
331,0.272,0.271,0.27,0.269,0.268,0.267,0.266,0.265,0.264,0.263,0.273,0.274,0.275,0.276,0.277,0.278,0.279,0.28,0.281,0.282,34846,25762.2,46415.5,3266.6,2281.7,1622.6,1861.2,8545.8,113.4,41.4,8611.1,18884.3,18446.9,10395.9,1841.1,3262.1,24674.9,21998.8,78.5,12177.5
332,0.272,0.271,0.27,0.269,0.268,0.267,0.266,0.265,0.264,0.263,0.273,0.274,0.275,0.276,0.277,0.278,0.279,0.28,0.281,0.282,34846,29592.6,46415.5,3336.9,2211.2,1622.6,1907.6,8545.8,113.4,41.4,8611.1,18884.3,18446.9,10395.9,1841.1,3262.1,21097.8,25575.9,78.5,12177.5
333,0.272,0.271,0.27,0.269,0.268,0.267,0.265,0.264,0.263,0.259,0.273,0.274,0.275,0.276,0.277,0.278,0.279,0.28,0.281,0.282,34641.5,22646.6,46415.5,3445.9,2101.8,1622.6,10386.7,113.4,41.4,40.6,8941.5,18847.3,18446.9,10395.9,1841.1,3262.1,21097.8,25575.9,78.5,12177.5
334,0.272,0.271,0.27,0.269,0.268,0.267,0.266,0.265,0.264,0.263,0.273,0.274,0.275,0.276,0.277,0.278,0.279,0.28,0.281,0.282,16585.1,42375.6,46918.6,2080.3,3259.4,1842.2,1922.5,8545.8,113.4,41.4,13543.8,15882.5,18446.9,10388.4,1841.1,3686.9,20673,25575.9,78.5,12177.5
335,0.272,0.271,0.27,0.269,0.268,0.267,0.266,0.265,0.264,0.263,0.273,0.274,0.275,0.276,0.277,0.278,0.279,0.28,0.281,0.282,16657.1,44392.5,46918.6,1862.3,3368.8,1952,1922.5,8545.8,113.4,41.4,15743.8,16747.5,18446.9,10388.4,1841.1,3686.9,20694.4,25589.1,78.5,12177.5
336,0.272,0.271,0.27,0.269,0.268,0.267,0.266,0.265,0.264,0.263,0.273,0.274,0.275,0.276,0.277,0.278,0.279,0.28,0.281,0.282,16635.2,33184.2,46415.5,1862.3,3478.2,1842.2,1922.5,8545.8,113.4,41.4,15725.6,16699.7,18446.9,10388.4,1841.1,3262.1,21119.2,25589.1,78.5,12177.5
337,0.272,0.271,0.27,0.269,0.268,0.267,0.266,0.265,0.264,0.263,0.273,0.274,0.275,0.276,0.277,0.278,0.279,0.28,0.281,0.282,16657.2,33057.9,46415.5,1971.3,3587.6,1622.6,1922.5,8545.8,113.4,41.4,15724.2,16711.1,18446.9,10388.4,1841.1,3262.1,21119.2,25589.1,78.5,12177.5
338,0.272,0.271,0.27,0.269,0.268,0.267,0.266,0.265,0.264,0.263,0.273,0.274,0.275,0.276,0.277,0.278,0.279,0.28,0.281,0.282,16693.3,35332.9,46415.5,2399.7,3157.6,1622.6,1922.5,8545.8,113.4,41.4,15724.2,16705.1,18446.9,10388.4,1841.1,3262.1,21119.2,25589.1,78.5,12177.5
339,0.272,0.271,0.27,0.269,0.268,0.267,0.266,0.265,0.264,0.263,0.273,0.274,0.275,0.276,0.277,0.278,0.279,0.28,0.281,0.282,17096.9,38147.7,46415.5,3603.8,1953.5,1622.6,1922.5,8545.8,113.4,41.4,10457.4,16704.8,18446.9,10388.4,1841.1,3262.1,21119.2,25589.1,78.5,12177.5
340,0.272,0.271,0.27,0.269,0.268,0.267,0.266,0.265,0.264,0.263,0.273,0.274,0.275,0.276,0.277,0.278,0.279,0.28,0.281,0.282,17118.8,35760.8,22816,3603.8,1953.5,1622.6,1922.5,8545.8,113.4,41.4,11694.9,16666,18446.9,10388.4,1841.1,3262.1,21119.2,25484.4,182.8,12177.5
341,0.272,0.271,0.27,0.269,0.268,0.267,0.265,0.264,0.263,0.259,0.273,0.274,0.275,0.276,0.277,0.278,0.279,0.28,0.281,0.282,18870.9,38218.9,22816,3603.8,1953.5,1622.6,10477.4,113.4,41.4,40.6,4845.3,16163.2,18955.3,10388.4,1841.1,3262.1,21119.2,25484.4,182.8,12177.5
342,0.272,0.271,0.27,0.269,0.268,0.267,0.266,0.265,0.264,0.263,0.273,0.274,0.275,0.276,0.277,0.278,0.279,0.28,0.281,0.282,18870.9,38234.5,22816,3712.8,1844.1,1622.6,1919,8545.8,113.4,41.4,16944.2,13735.4,18446.9,10388.4,1841.1,3262.1,21119.2,25484.4,182.8,12177.5
343,0.272,0.271,0.27,0.269,0.268,0.267,0.266,0.265,0.264,0.263,0.273,0.274,0.275,0.276,0.277,0.278,0.279,0.28,0.281,0.282,18768.8,35521.4,22816,3603.8,1953.5,1622.6,1896.1,8545.8,113.4,41.4,16135.2,13735.3,18446.9,10388.4,1841.1,3262.1,21119.2,25589.1,78.5,12177.5
344,0.272,0.271,0.27,0.269,0.268,0.267,0.266,0.265,0.264,0.263,0.273,0.274,0.275,0.276,0.277,0.278,0.279,0.28,0.281,0.282,27801.4,29281,22815.7,3603.8,1953.5,1622.6,1896.1,8545.8,113.4,41.4,16084.2,16710.6,18446.9,10388.4,1841.1,3262.1,21119.2,25484.4,182.8,12177.5
345,0.272,0.271,0.27,0.269,0.268,0.267,0.266,0.265,0.264,0.263,0.273,0.274,0.275,0.276,0.277,0.278,0.279,0.28,0.281,0.282,27801.1,30031.2,22815.7,3603.8,1953.5,1622.6,1922.7,8545.8,113.4,41.4,13884.2,18895,18446.9,10388.4,1841.1,3262.1,21119.2,25484.4,182.8,12177.5
346,0.272,0.271,0.27,0.269,0.268,0.267,0.266,0.265,0.264,0.263,0.273,0.274,0.275,0.276,0.277,0.278,0.279,0.28,0.281,0.282,27598.8,29929.4,22815.7,3603.8,1953.5,1622.6,1922.7,8545.8,113.4,41.4,14216.8,18843.1,18446.9,10388.4,1841.1,3262.1,21119.2,25484.4,182.8,12177.5
347,0.272,0.271,0.27,0.269,0.268,0.267,0.266,0.265,0.264,0.263,0.273,0.274,0.275,0.276,0.277,0.278,0.279,0.28,0.281,0.282,29369.5,28731,22815.7,3603.8,1953.5,1622.6,1922.7,8545.8,113.4,41.4,6074.9,15430.5,18534.3,10388.4,1841.1,3262.1,21119.2,25484.4,182.8,12177.5
348,0.272,0.271,0.27,0.269,0.268,0.267,0.266,0.265,0.264,0.263,0.273,0.274,0.275,0.276,0.277,0.278,0.279,0.28,0.281,0.282,29251.1,38382.7,23321,3603.8,1953.5,1622.6,1922.7,8545.8,113.4,41.4,14024.9,18858.9,18028.6,10388.4,1841.1,3262.1,21119.2,25484.4,182.8,12177.5
349,0.272,0.271,0.27,0.269,0.268,0.267,0.266,0.265,0.264,0.263,0.273,0.274,0.275,0.276,0.277,0.278,0.279,0.28,0.281,0.282,29287.1,28302.5,23032.9,3494.8,1844.1,1622.6,1922.7,8545.8,113.4,41.4,14151.6,15889.2,18028.6,10388.4,1841.1,3262.1,21080.5,25453.6,182.8,12177.5
350,0.272,0.271,0.27,0.269,0.268,0.267,0.266,0.265,0.264,0.263,0.273,0.274,0.275,0.276,0.277,0.278,0.279,0.28,0.281,0.282,29287.1,28907.2,23025,3393.4,1953.5,1622.6,1922.7,8545.8,113.4,41.4,14151.6,15889.2,18028.6,10388.4,1841.1,3262.1,21080.5,25453.6,182.8,12177.5
351,0.272,0.271,0.27,0.269,0.268,0.267,0.266,0.265,0.264,0.263,0.273,0.274,0.275,0.276,0.277,0.278,0.279,0.28,0.281,0.282,29490.9,28811.8,23242.2,3284.4,1844.1,1622.6,1922.7,8545.8,113.4,41.4,14100,18936.6,18028.6,10388.4,1841.1,3262.1,17531.4,29002.7,182.8,12177.5
352,0.272,0.271,0.27,0.269,0.268,0.267,0.266,0.265,0.264,0.263,0.273,0.274,0.275,0.276,0.277,0.278,0.279,0.28,0.281,0.282,29490.9,22161.2,23350.8,3175.4,1844.1,1622.6,1922.7,8545.8,113.4,41.4,8885.7,18405.8,18534.1,10388.4,1841.1,3262.1,17531.4,29002.7,182.8,12177.5
353,0.272,0.271,0.27,0.269,0.268,0.267,0.266,0.265,0.264,0.263,0.273,0.274,0.275,0.276,0.277,0.278,0.279,0.28,0.281,0.282,29490.9,28685,22815.4,3712.8,1844.1,1622.6,1922.7,8545.8,113.4,41.4,8885.7,18381.8,18535.3,10388.4,1841.1,3262.1,21080.5,25453.6,182.8,12177.5
354,0.272,0.271,0.27,0.269,0.268,0.267,0.266,0.265,0.264,0.263,0.273,0.274,0.275,0.276,0.277,0.278,0.279,0.28,0.281,0.282,33064.9,26493.7,22815.7,3712.8,1844.1,1622.6,1922.7,8545.8,113.4,41.4,8885.7,18381.8,18535.3,10388.4,1841.1,3262.1,21080.5,25558.3,78.5,12177.5
355,0.272,0.271,0.27,0.269,0.268,0.267,0.266,0.265,0.264,0.263,0.273,0.274,0.275,0.276,0.277,0.278,0.279,0.28,0.281,0.282,33065,26432.7,22802.5,3712.8,1844.1,1622.6,1922.7,8545.8,113.4,41.4,7708.1,18381.8,18535.3,10388.4,1841.1,2424.4,21080.5,25558.3,78.5,12177.5
356,0.272,0.271,0.27,0.269,0.268,0.267,0.266,0.265,0.264,0.263,0.273,0.274,0.275,0.276,0.277,0.278,0.279,0.28,0.281,0.282,31376.7,28131.5,22802.5,3712.8,1844.1,1622.6,1922.7,8545.8,113.4,41.4,7661.1,15430.5,18535.3,10388.4,1841.1,2424.4,21080.5,25558.3,78.5,12177.5
357,0.272,0.271,0.27,0.269,0.268,0.267,0.266,0.265,0.264,0.263,0.273,0.274,0.275,0.276,0.277,0.278,0.279,0.28,0.281,0.282,33065,28046.1,22802.5,3712.8,1844.1,1622.6,1922.7,8545.8,113.4,41.4,1506.9,18380.8,18535.3,10388.4,1841.1,2424.4,21080.5,25453.6,104.3,12177.5
358,0.272,0.271,0.27,0.269,0.268,0.267,0.266,0.265,0.264,0.263,0.273,0.274,0.275,0.276,0.277,0.278,0.279,0.28,0.281,0.282,33065,27785.1,23019,3494.8,1844.1,1622.6,1922.7,8545.8,113.4,41.4,1506.9,18380.8,18535.3,10388.4,1841.1,2424.4,21080.5,25558.3,78.5,12177.5
359,0.273,0.272,0.271,0.27,0.269,0.268,0.267,0.266,0.265,0.264,0.274,0.275,0.276,0.277,0.278,0.279,0.28,0.281,0.282,0.283,1783.7,44349.7,21340.2,20999,3276.8,853.1,374,1922.7,8545.8,113.4,16623.1,18935.3,10388.4,1841.1,3267.7,17531.4,29002.7,78.5,12177.5,103.6
360,0.273,0.272,0.271,0.27,0.269,0.268,0.267,0.266,0.265,0.263,0.274,0.275,0.276,0.277,0.278,0.279,0.28,0.281,0.282,0.283,1564.1,41551.7,27287.7,21100,3175.4,853.1,374,1922.7,8658.8,41.4,19344.9,18935.3,10388.4,1841.1,3267.7,17531.4,29002.7,78.5,12177.5,103.6
361,0.273,0.272,0.271,0.27,0.269,0.268,0.267,0.266,0.265,0.263,0.274,0.275,0.276,0.277,0.278,0.279,0.28,0.281,0.282,0.283,1805.8,41572.4,24424.2,19673.2,3276.8,962.5,374,1922.7,8658.8,41.4,19882.5,22144.4,10388.4,1841.1,3267.7,15882.3,27074.7,3655.6,12177.5,103.6
362,0.273,0.272,0.271,0.27,0.269,0.268,0.267,0.266,0.265,0.263,0.274,0.275,0.276,0.277,0.278,0.279,0.28,0.281,0.282,0.283,1805.8,41575.9,24379.4,19564.6,3385.8,962.5,374,1922.7,8658.8,41.4,18422.7,22144.4,10388.4,1841.1,3267.7,15882.3,27074.7,3655.6,12177.5,103.6
363,0.273,0.272,0.271,0.27,0.269,0.268,0.267,0.266,0.265,0.263,0.274,0.275,0.276,0.277,0.278,0.279,0.28,0.281,0.282,0.283,1805.8,44785,18409.9,19564.6,3385.8,962.5,374,1922.7,8658.8,41.4,19882.5,22144.4,10388.4,1841.1,3267.7,15882.3,27074.7,3577.1,12256,103.6
364,0.273,0.272,0.271,0.27,0.269,0.268,0.267,0.266,0.265,0.263,0.274,0.275,0.276,0.277,0.278,0.279,0.28,0.281,0.282,0.283,1805.8,30006.7,18409.9,19564.6,3385.8,962.5,374,1922.7,8658.8,41.4,19882.5,22143.4,10388.4,1841.1,3267.7,15882.3,26781.4,3911,12256,103.6
365,0.273,0.272,0.271,0.27,0.269,0.268,0.267,0.266,0.265,0.263,0.274,0.275,0.276,0.277,0.278,0.279,0.28,0.281,0.282,0.283,1805.8,34692.4,21073.9,20991.4,3175.4,962.5,374,1907.9,8658.8,41.4,19882.5,22143.4,10388.4,1841.1,3267.7,15304.5,30993.3,333.9,12256,103.6
366,0.273,0.272,0.271,0.27,0.269,0.268,0.267,0.266,0.265,0.263,0.274,0.275,0.276,0.277,0.278,0.279,0.28,0.281,0.282,0.283,1805.8,31816.4,22286.6,19774.2,3175.4,962.5,374,1903.1,8658.8,41.4,17682.5,24343.4,9940.1,2288.6,3267.7,15304.5,30993.3,333.9,12256,103.6
367,0.273,0.272,0.271,0.27,0.269,0.268,0.267,0.265,0.263,0.259,0.274,0.275,0.276,0.277,0.278,0.279,0.28,0.281,0.282,0.283,1542,34914,22286.6,19456,3276.8,1181.3,374,8658.8,41.4,40.6,17682.5,24342.8,9622.7,2606.5,3267.7,15304.5,30993.3,333.9,12256,103.6
368,0.273,0.272,0.271,0.27,0.269,0.268,0.267,0.266,0.265,0.263,0.274,0.275,0.276,0.277,0.278,0.279,0.28,0.281,0.282,0.285,1542,34311.1,18409.9,20564.6,3129.1,1329.6,483.8,1910.1,8658.8,41.4,15554.7,24377.5,9622.7,2606.5,3267.7,15304.5,27416.2,3911,12360,36.9
369,0.273,0.272,0.271,0.27,0.269,0.268,0.267,0.266,0.265,0.263,0.274,0.275,0.276,0.277,0.278,0.279,0.28,0.281,0.282,0.285,1564.1,25115.3,18409.9,20564.6,3129.1,1329.6,483.8,1910.1,8658.8,41.4,20809.8,21135.3,9622.7,2606.5,1761.6,16810.6,27416.2,3911,12360,36.9
370,0.273,0.272,0.271,0.27,0.269,0.268,0.267,0.266,0.265,0.263,0.274,0.275,0.276,0.277,0.278,0.279,0.28,0.281,0.282,0.285,1805.8,28136.7,18692.4,20388.5,3020.1,1439,374,1910.1,8658.8,41.4,21248.8,24399.3,9622.7,2606.5,1761.6,16810.6,5833,25488.5,12360,36.9
371,0.273,0.272,0.271,0.27,0.269,0.268,0.267,0.266,0.265,0.263,0.274,0.275,0.276,0.277,0.278,0.279,0.28,0.281,0.282,0.285,1635,27886.7,18692.4,19171.3,3167.8,1290.7,374,1910.1,8658.8,41.4,19789,21135.3,9622.7,2606.5,1761.6,16810.6,5833,25488.5,12360,36.9
372,0.273,0.272,0.271,0.27,0.269,0.268,0.267,0.266,0.265,0.263,0.274,0.275,0.276,0.277,0.278,0.279,0.28,0.281,0.282,0.283,9332.8,28037.1,18692.4,19171.3,3167.8,1290.7,374,1910.1,8658.8,41.4,17002,24297.7,9622.7,2606.5,1761.6,16810.6,5833,25488.5,12256,103.6
373,0.273,0.272,0.271,0.27,0.269,0.268,0.267,0.266,0.265,0.263,0.274,0.275,0.276,0.277,0.278,0.279,0.28,0.281,0.282,0.283,16259.7,39735.8,18444.9,15906.4,3167.8,1290.7,374,1910.1,8658.8,41.4,13669.9,21337.4,8690.7,3535.6,1761.6,16810.6,5833,25488.5,78.5,12234.5
374,0.273,0.272,0.271,0.27,0.269,0.268,0.267,0.266,0.265,0.263,0.274,0.275,0.276,0.277,0.278,0.279,0.28,0.281,0.282,0.283,16259.7,31350.4,18444.9,15904.7,3167.8,1290.7,374,1910.1,8658.8,41.4,13669.9,24379.5,8690.7,3535.6,1761.6,16810.6,5833,25488.5,78.5,12234.5
375,0.273,0.272,0.271,0.27,0.269,0.268,0.267,0.266,0.265,0.263,0.274,0.275,0.276,0.277,0.278,0.279,0.28,0.281,0.282,0.283,16237.7,34107.7,18444.9,15902.2,3276.8,1181.3,374,1910.1,8658.8,41.4,12210.1,21337.4,8690.7,3535.6,1761.6,16810.6,5833,25488.5,78.5,12234.5
376,0.273,0.272,0.271,0.27,0.269,0.268,0.267,0.266,0.265,0.263,0.274,0.275,0.276,0.277,0.278,0.279,0.28,0.281,0.282,0.283,16041.9,34136.6,18444.9,15903.1,3238.1,1220.2,374,1910.1,8658.8,41.4,12416.8,24161.3,8690.7,3535.6,1761.6,16810.6,5833,25488.5,182.5,12130.9
377,0.273,0.272,0.271,0.27,0.269,0.268,0.267,0.266,0.265,0.263,0.274,0.275,0.276,0.277,0.278,0.279,0.28,0.281,0.282,0.283,16114.8,34217.8,18444.9,15902.8,3276.8,1181.3,374,1910.1,8658.8,41.4,12416.8,21135.3,8690.7,3535.6,1761.6,16810.6,5833,25488.5,182.5,12130.9
378,0.273,0.272,0.271,0.27,0.269,0.268,0.267,0.266,0.265,0.263,0.274,0.275,0.276,0.277,0.278,0.279,0.28,0.281,0.282,0.283,16063.7,36804.8,18444.9,15902.4,3238.1,1220.2,374,1910.1,8658.8,41.4,13738.6,24251,8690.7,3535.6,1761.6,16810.6,5833,25488.5,182.5,12130.9
379,0.273,0.272,0.271,0.27,0.269,0.268,0.267,0.266,0.265,0.263,0.274,0.275,0.276,0.277,0.278,0.279,0.28,0.281,0.282,0.283,2390.2,31556.3,18444.9,15902.4,3020.1,1439,374,1910.1,8658.8,41.4,13677.6,21135.3,9617.8,2606.5,1761.6,16810.6,5833,25494,182.5,12130.9
380,0.273,0.272,0.271,0.27,0.269,0.268,0.267,0.266,0.265,0.263,0.274,0.275,0.276,0.277,0.278,0.279,0.28,0.281,0.282,0.283,6836.1,31561,18444.9,15793.8,3129.1,1439,374,1910.1,8658.8,41.4,13917.6,24344.6,9617.8,2606.5,1761.6,16810.6,5847.3,25494,182.5,12130.9
