timestamp,bid_price_0,bid_price_1,bid_price_2,bid_price_3,bid_price_4,bid_price_5,bid_price_6,bid_price_7,bid_price_8,bid_price_9,ask_price_0,ask_price_1,ask_price_2,ask_price_3,ask_price_4,ask_price_5,ask_price_6,ask_price_7,ask_price_8,ask_price_9,bid_size_0,bid_size_1,bid_size_2,bid_size_3,bid_size_4,bid_size_5,bid_size_6,bid_size_7,bid_size_8,bid_size_9,ask_size_0,ask_size_1,ask_size_2,ask_size_3,ask_size_4,ask_size_5,ask_size_6,ask_size_7,ask_size_8,ask_size_9
0,0.273,0.272,0.271,0.27,0.269,0.268,0.267,0.265,0.263,0.259,0.274,0.275,0.276,0.277,0.278,0.279,0.28,0.281,0.282,0.283,38386,43040,16018.2,14973.2,1926.8,1307.1,2275.2,8056,41.4,40.6,1615.4,21517.9,13859.7,3184.1,2254.9,17383.3,5623,26487.4,78.5,12230.8
1,0.273,0.272,0.271,0.27,0.269,0.268,0.267,0.265,0.263,0.259,0.274,0.275,0.276,0.277,0.278,0.279,0.28,0.281,0.282,0.283,38283.7,38553,15801.8,15190.4,1926.8,1307.1,2275.2,8056,41.4,40.6,1615.4,23130.6,10804.8,3184.1,2254.9,17383.3,5623,26487.4,78.5,12230.8
2,0.273,0.272,0.271,0.27,0.269,0.268,0.267,0.265,0.263,0.259,0.274,0.275,0.276,0.277,0.278,0.279,0.28,0.281,0.282,0.283,36699.3,38821.3,16698.2,15508.6,1926.8,1307.1,2275.2,8056,41.4,40.6,1722.4,24285,9616.2,3184.1,2254.9,17808.1,5198.2,26487.4,78.5,12230.8
3,0.273,0.272,0.271,0.27,0.269,0.268,0.267,0.265,0.263,0.259,0.274,0.275,0.276,0.277,0.278,0.279,0.28,0.281,0.282,0.283,44011.8,33329.5,16590,15617.2,1926.8,1307.1,2275.2,8056,41.4,40.6,1936.4,21155.3,9616.2,3184.1,2254.9,17808.1,5198.2,26464.2,78.5,12230.8
4,0.273,0.272,0.271,0.27,0.269,0.268,0.267,0.265,0.263,0.259,0.274,0.275,0.276,0.277,0.278,0.279,0.28,0.281,0.282,0.283,44011.8,36246,16806.4,15400,1926.8,1307.1,2275.2,8056,41.4,40.6,1615.4,23017,10911,3184.1,2254.9,17383.3,5623,26464.2,78.5,12230.8
5,0.273,0.272,0.271,0.27,0.269,0.268,0.267,0.265,0.263,0.259,0.274,0.275,0.276,0.277,0.278,0.279,0.28,0.281,0.282,0.283,44165,44417.6,16698.2,15508.6,1926.8,1307.1,2275.2,8056,41.4,40.6,1810.7,21104.9,9616.2,3184.1,2254.9,17808.1,5198.2,26464.2,78.5,12230.8
6,0.273,0.272,0.271,0.27,0.269,0.268,0.267,0.265,0.263,0.259,0.274,0.275,0.276,0.277,0.278,0.279,0.28,0.281,0.282,0.283,42503.4,39446.5,18375.1,15407.6,1926.8,1307.1,2275.2,8056,41.4,40.6,1917.7,23914.8,9616.2,3631.9,1809.5,17808.1,8775.3,22887.1,78.5,12230.8
7,0.273,0.272,0.271,0.27,0.269,0.268,0.267,0.265,0.263,0.259,0.274,0.275,0.276,0.277,0.278,0.279,0.28,0.281,0.282,0.283,34401.4,39944.8,18266.9,15299,2144.8,1307.1,2275.2,8056,41.4,40.6,9442.4,24428.2,8690.7,3631.9,1809.5,17808.1,8775.3,22887.1,78.5,12230.8
8,0.273,0.272,0.271,0.27,0.269,0.268,0.267,0.265,0.263,0.259,0.274,0.275,0.276,0.277,0.278,0.279,0.28,0.281,0.282,0.283,34710.6,42307.5,18521.7,15043.2,2144.8,1307.1,2275.2,8056,41.4,40.6,1917.7,20997.9,9618.5,3631.9,1809.5,17808.1,9399.3,22176.7,78.5,12230.8
9,0.273,0.272,0.271,0.27,0.269,0.268,0.267,0.265,0.263,0.259,0.274,0.275,0.276,0.277,0.278,0.279,0.28,0.281,0.282,0.283,34117.6,33861.9,18375.1,15299,2035.8,1307.1,2275.2,8056,41.4,40.6,9922.2,21464.7,8690.7,3631.9,1809.5,17808.1,9399.3,22176.7,78.5,12230.8
10,0.273,0.272,0.271,0.27,0.269,0.268,0.267,0.265,0.263,0.259,0.274,0.275,0.276,0.277,0.278,0.279,0.28,0.281,0.282,0.283,33828.2,44569.3,16889.5,15190.4,2253.8,1307.1,2275.2,8056,41.4,40.6,9922.2,21464.7,8690.7,3631.9,1809.5,17808.1,9399.3,22176.7,78.5,12230.8
11,0.273,0.272,0.271,0.27,0.269,0.268,0.267,0.265,0.263,0.259,0.274,0.275,0.276,0.277,0.278,0.279,0.28,0.281,0.282,0.283,32888.9,42245.5,16991.6,15190.4,2253.8,1307.1,2275.2,8056,41.4,40.6,9908,24514.9,8690.7,3631.9,1809.5,17808.1,9399.3,22176.7,78.5,12230.8
12,0.273,0.272,0.271,0.27,0.269,0.268,0.267,0.265,0.263,0.259,0.274,0.275,0.276,0.277,0.278,0.279,0.28,0.281,0.282,0.283,32853.2,39320.1,16991.6,15190.4,2253.8,1307.1,2275.2,8056,41.4,40.6,14378.1,21464.7,8690.7,3631.9,1809.5,17808.1,9399.3,22176.7,78.5,12230.8
13,0.273,0.272,0.271,0.27,0.269,0.268,0.267,0.265,0.263,0.259,0.274,0.275,0.276,0.277,0.278,0.279,0.28,0.281,0.282,0.283,35053.2,42542.6,16866.1,15291.4,2253.8,1307.1,430,8056,41.4,40.6,2108.5,24033.8,9615.3,3631.9,1809.5,17808.1,5822.2,25753.8,78.5,12230.8
14,0.273,0.272,0.271,0.27,0.269,0.268,0.267,0.266,0.265,0.263,0.274,0.275,0.276,0.277,0.278,0.279,0.28,0.281,0.282,0.283,25107.7,57378.9,18851.5,15291.4,2253.8,1307.1,430,1830.4,8056,41.4,14369.9,21465.5,8690.7,3635.9,1809.5,23006.3,4305.8,22072.4,78.5,12230.8
15,0.273,0.272,0.271,0.27,0.269,0.268,0.267,0.266,0.265,0.263,0.274,0.275,0.276,0.277,0.278,0.279,0.28,0.281,0.282,0.283,25056.9,54497.7,18743.3,15252.8,2292.5,1416.5,430,1830.4,8056,41.4,14572.5,21262.4,8796.9,3530.1,1809.5,23006.3,4305.8,22072.4,78.5,12230.8
16,0.273,0.272,0.271,0.27,0.269,0.268,0.267,0.266,0.265,0.263,0.274,0.275,0.276,0.277,0.278,0.279,0.28,0.281,0.282,0.283,25212.7,57319.9,17536.8,16152.6,2502.9,1525.9,430,1855.5,8056,41.4,14319.9,24633,8796.9,3530.1,1809.5,23006.3,4305.8,22072.4,78.5,12230.8
17,0.273,0.272,0.271,0.27,0.269,0.268,0.267,0.265,0.263,0.259,0.274,0.275,0.276,0.277,0.278,0.279,0.28,0.281,0.282,0.283,19714.3,60230.2,17536.8,16044,2502.9,1635.3,2337.7,8056,41.4,40.6,15937.4,20180,8796.9,3530.1,1809.5,23006.3,4305.8,22072.4,78.5,12230.8
18,0.273,0.272,0.271,0.27,0.269,0.268,0.267,0.265,0.263,0.259,0.274,0.275,0.276,0.277,0.278,0.279,0.28,0.281,0.282,0.283,19629.2,57877.3,19736.8,16152.6,2284.9,1744.7,2337.7,8056,41.4,40.6,16505.4,23364.1,8796.9,3530.1,1809.5,23006.3,4305.8,22072.4,78.5,12230.8
19,0.273,0.272,0.271,0.27,0.269,0.268,0.267,0.265,0.263,0.259,0.274,0.275,0.276,0.277,0.278,0.279,0.28,0.281,0.282,0.283,19628,52118.1,19736.8,16044,2502.9,1635.3,2314.2,8056,41.4,40.6,15733.3,23545.5,8796.9,3530.1,1809.5,23006.3,4305.8,22084.4,78.5,12230.8
20,0.273,0.272,0.271,0.27,0.269,0.268,0.267,0.265,0.263,0.259,0.274,0.275,0.276,0.277,0.278,0.279,0.28,0.281,0.282,0.283,19772.1,52577.8,19218.5,16509.4,1926.8,1744.7,2322.4,8056,41.4,40.6,14650.9,24609.8,8796.9,3530.1,1809.5,23006.3,4305.8,22084.4,78.5,12230.8
21,0.273,0.272,0.271,0.27,0.269,0.268,0.267,0.265,0.263,0.259,0.274,0.275,0.276,0.277,0.278,0.279,0.28,0.281,0.282,0.283,19808.1,46744.1,18855.8,15400,2144.8,1416.5,2348,8056,41.4,40.6,10119.8,21573.5,8796.9,3530.1,1809.5,23006.3,4305.8,22084.4,78.5,12230.8
22,0.273,0.272,0.271,0.27,0.269,0.268,0.267,0.265,0.263,0.259,0.274,0.275,0.276,0.277,0.278,0.279,0.28,0.281,0.282,0.283,19523.8,59511.7,19373.5,15617.2,2035.8,1307.1,2296.7,8056,41.4,40.6,14329.9,24627.7,8903.1,3635.9,1809.5,19457.2,7847.9,22084.4,78.5,12230.8
23,0.273,0.272,0.271,0.27,0.269,0.268,0.267,0.265,0.263,0.259,0.274,0.275,0.276,0.277,0.278,0.279,0.28,0.281,0.282,0.283,19626.8,50194.8,18855.8,15725.8,1926.8,1307.1,2349.1,8056,41.4,40.6,14279,21515.5,8690.7,3953.3,1809.5,17808.1,9497,22084.4,78.5,12230.8
24,0.273,0.272,0.271,0.27,0.269,0.268,0.267,0.265,0.263,0.259,0.274,0.275,0.276,0.277,0.278,0.279,0.28,0.281,0.282,0.283,27119.4,48086.9,16649.4,15725.8,1926.8,1307.1,2285.7,8056,41.4,40.6,14325.7,21464,8690.7,3953.3,1809.5,17808.1,9392.3,22188.7,78.5,12230.8
25,0.273,0.272,0.271,0.27,0.269,0.268,0.267,0.265,0.263,0.259,0.274,0.275,0.276,0.277,0.278,0.279,0.28,0.281,0.282,0.283,27071.5,47934.8,16899.9,15516.2,1926.8,1307.1,2285.7,8056,41.4,40.6,14325.7,24512.2,8690.7,3953.3,1809.5,17383.3,9817.1,22188.7,78.5,12230.8
26,0.273,0.272,0.271,0.27,0.269,0.268,0.267,0.265,0.263,0.259,0.274,0.275,0.276,0.277,0.278,0.279,0.28,0.281,0.282,0.283,27275.9,38699.6,16899.9,15516.2,1926.8,1307.1,2285.7,8056,41.4,40.6,1546.7,20997.3,9728.2,3847.5,1809.5,17383.3,9817.1,22188.7,78.5,12230.8
27,0.273,0.272,0.271,0.27,0.269,0.268,0.267,0.265,0.263,0.259,0.274,0.275,0.276,0.277,0.278,0.279,0.28,0.281,0.282,0.283,39551.8,47118.6,17539.3,14826,1926.8,1307.1,2263.3,8056,41.4,40.6,1546.7,20997.3,9728.2,3847.5,1809.5,17383.3,9817.1,22188.7,78.5,12230.8
28,0.273,0.272,0.271,0.27,0.269,0.268,0.267,0.265,0.263,0.259,0.274,0.275,0.276,0.277,0.278,0.279,0.28,0.281,0.282,0.283,39654.6,45438.7,16318,14826,1926.8,1307.1,2263.3,8056,41.4,40.6,1546.7,23900.3,9622,3847.5,1915,17383.3,9817.1,22188.7,78.5,12230.8
29,0.273,0.272,0.271,0.27,0.269,0.268,0.267,0.265,0.263,0.259,0.274,0.275,0.276,0.277,0.278,0.279,0.28,0.281,0.282,0.283,39551.8,42523.4,16318,14826,1926.8,1307.1,2263.3,8056,41.4,40.6,1546.7,20997.3,9622,3635.9,2020.5,17488.4,9817.1,22188.7,78.5,12230.8
30,0.274,0.273,0.272,0.271,0.27,0.269,0.268,0.267,0.265,0.263,0.275,0.276,0.277,0.278,0.279,0.28,0.281,0.282,0.283,0.285,20208.3,56119,27955.5,16318,14826,1025.3,1908.2,430,8056,41.4,14401.4,16141.8,2605.5,2850.4,18429.2,1961,30859.7,78.5,12334.4,36.9
31,0.274,0.273,0.272,0.271,0.27,0.269,0.268,0.267,0.265,0.263,0.275,0.276,0.277,0.278,0.279,0.28,0.281,0.282,0.283,0.285,20310,63143.3,23824.6,16209.5,14826,1025.3,1834.9,430,8056,41.4,14122.8,13105.9,2605.5,2744.9,18324.1,2065.7,9228.8,21692.3,12334.4,36.9
32,0.274,0.273,0.272,0.271,0.27,0.269,0.267,0.266,0.265,0.263,0.275,0.276,0.277,0.278,0.279,0.28,0.281,0.282,0.283,0.285,20544.9,61323.2,26114.3,15892.4,14826,1025.3,430,112.5,7943,41.4,14350.3,12904.4,2605.5,2744.9,18324.1,1536.2,9757.9,21692.3,12334.4,36.9
33,0.274,0.273,0.272,0.271,0.27,0.269,0.267,0.266,0.265,0.263,0.275,0.276,0.277,0.278,0.279,0.28,0.281,0.282,0.283,0.285,18350.9,61346.5,23113.3,16101.3,14826,1025.3,2273.4,112.5,7943,41.4,14627.8,16059,2605.5,2744.9,18429.2,1961,9228.8,21692.3,12334.4,36.9
34,0.274,0.273,0.272,0.271,0.27,0.269,0.268,0.267,0.266,0.265,0.275,0.276,0.277,0.278,0.279,0.28,0.281,0.282,0.283,0.284,18339.6,66475.5,20596.2,15993.1,15043.2,1025.3,1919.3,430,112.5,7943,19409.8,16085.4,3536,1915,18534.3,1856.3,8775.3,22027,103.6,12196.5
35,0.274,0.273,0.272,0.271,0.27,0.269,0.267,0.266,0.265,0.263,0.275,0.276,0.277,0.278,0.279,0.28,0.281,0.282,0.283,0.284,17480.6,63618.9,20301.9,15993.1,15043.2,1025.3,2302.8,112.5,7943,41.4,19409.8,16121.9,3536,2126,18324.1,1856.3,8775.3,21948.5,182.1,12196.5
36,0.274,0.273,0.272,0.271,0.27,0.269,0.267,0.266,0.265,0.263,0.275,0.276,0.277,0.278,0.279,0.28,0.281,0.282,0.283,0.284,19639,69691,20301.9,15993.1,15043.2,1025.3,2302.8,112.5,7943,41.4,14627.8,12904.4,3536,2126,18324.1,1856.3,8775.3,21948.5,182.1,12196.5
37,0.274,0.273,0.272,0.271,0.27,0.269,0.267,0.266,0.265,0.263,0.275,0.276,0.277,0.278,0.279,0.28,0.281,0.282,0.283,0.284,20741.1,46811.5,20301.9,15993.1,15043.2,1025.3,2349.1,112.5,7943,41.4,14627.8,12904.4,3405.6,2257.9,18324.1,1239.3,9397.8,21948.5,182.1,12196.5
38,0.274,0.273,0.272,0.271,0.27,0.269,0.268,0.267,0.266,0.265,0.275,0.276,0.277,0.278,0.279,0.28,0.281,0.282,0.283,0.284,20741.1,54821.6,21492.5,15884,15151.8,1025.3,1867.2,374,112.5,7943,14625.6,16045.2,3405.6,2257.9,18324.1,1239.3,9397.8,21948.5,182.1,12196.5
39,0.274,0.273,0.272,0.271,0.27,0.269,0.267,0.266,0.265,0.263,0.275,0.276,0.277,0.278,0.279,0.28,0.281,0.282,0.283,0.284,20637.7,50311.3,19995.1,15806.7,15151.8,1025.3,2193.4,112.5,7943,41.4,14627.4,16040.6,3405.6,2257.9,18324.1,1239.3,9397.8,21948.5,182.1,12196.5
40,0.274,0.273,0.272,0.271,0.27,0.269,0.267,0.266,0.265,0.263,0.275,0.276,0.277,0.278,0.279,0.28,0.281,0.282,0.283,0.284,20740.2,50238,19589.9,15452.1,15508.7,1025.3,2193.4,112.5,7943,41.4,13513.3,16155.8,3299.8,2257.9,18324.1,1239.3,5820.7,25525.6,182.1,12196.5
41,0.274,0.273,0.272,0.271,0.27,0.269,0.267,0.266,0.265,0.263,0.275,0.276,0.277,0.278,0.279,0.28,0.281,0.282,0.283,0.284,20740.2,53299,19589.9,15452.1,15508.7,1025.3,2193.4,112.5,7943,41.4,13687.5,16564,3088.2,2257.9,18324.1,1239.3,5820.7,25525.6,182.1,12196.5
42,0.274,0.273,0.272,0.271,0.27,0.269,0.267,0.266,0.265,0.263,0.275,0.276,0.277,0.278,0.279,0.28,0.281,0.282,0.283,0.284,20738.6,47522.8,19589.9,15450.6,15508.7,1025.3,2193.4,112.5,7943,41.4,14007.3,16233.6,3088.2,2257.9,18324.1,1239.3,5820.7,25525.6,182.1,12196.5
43,0.274,0.273,0.272,0.271,0.27,0.269,0.267,0.266,0.265,0.263,0.275,0.276,0.277,0.278,0.279,0.28,0.281,0.282,0.283,0.284,20737.2,50566.8,20020.7,14869.3,15400.1,1243.3,2193.4,112.5,7943,41.4,14487.7,16237.6,3088.2,2257.9,16819.7,2745,5820.7,25525.6,182.1,12196.5
44,0.274,0.273,0.272,0.271,0.27,0.269,0.267,0.266,0.265,0.263,0.275,0.276,0.277,0.278,0.279,0.28,0.281,0.282,0.283,0.284,20737.5,47405.7,20020.7,14868.9,15400.1,1243.3,2193.4,112.5,7943,41.4,14689,16041.1,2771.6,2574,16819.7,2745,5820.7,25629.6,78.5,12196.5
45,0.274,0.273,0.272,0.271,0.27,0.269,0.267,0.266,0.265,0.263,0.275,0.276,0.277,0.278,0.279,0.28,0.281,0.282,0.283,0.284,18278.5,35453.4,20020.7,14867.3,15400.1,1243.3,2193.4,112.5,7943,41.4,14689,12904.4,2771.6,2574,16819.7,2745,5820.7,25629.6,78.5,12196.5
46,0.274,0.273,0.272,0.271,0.27,0.269,0.267,0.266,0.265,0.263,0.275,0.276,0.277,0.278,0.279,0.28,0.281,0.282,0.283,0.284,20737.8,44386.6,18810.9,16081.8,15035.7,1609,2193.4,112.5,7943,41.4,14487.7,16286.8,2771.6,2679.5,16714.6,2745,5820.7,25629.6,78.5,12196.5
47,0.274,0.273,0.272,0.271,0.27,0.269,0.267,0.266,0.265,0.263,0.275,0.276,0.277,0.278,0.279,0.28,0.281,0.282,0.283,0.284,11752.1,38310.6,18810.9,16079.6,14826,1819.4,2193.4,112.5,7943,41.4,17972.3,12792.8,2771.6,2679.5,16714.6,2745,5925,25525.6,78.5,12196.5
48,0.274,0.273,0.272,0.271,0.27,0.269,0.267,0.266,0.265,0.263,0.275,0.276,0.277,0.278,0.279,0.28,0.281,0.282,0.283,0.284,8521.2,38268.7,22065.6,16079.6,14826,1819.4,2249.6,112.5,7943,41.4,22754.3,9622,2771.6,2679.5,16714.6,2745,5925,25525.6,78.5,12196.5
49,0.273,0.272,0.271,0.27,0.269,0.268,0.267,0.266,0.265,0.263,0.274,0.275,0.276,0.277,0.278,0.279,0.28,0.281,0.282,0.283,39741.5,33045.2,19215.2,16932.6,2610.2,1114.1,374,1817.7,8056,41.4,1038.9,26018.1,10449.3,3571.4,2679.5,16408.8,6703.9,4199.6,21990.3,78.5
50,0.273,0.272,0.271,0.27,0.269,0.268,0.267,0.266,0.265,0.263,0.274,0.275,0.276,0.277,0.278,0.279,0.28,0.281,0.282,0.283,29509.8,39865.1,20429.6,15713.7,2719.2,1004.7,374,1817.7,8056,41.4,1955.8,25804.9,10555.5,3571.4,2574,16408.8,6703.9,4199.6,22068.8,12159.5
51,0.273,0.272,0.271,0.27,0.269,0.268,0.267,0.265,0.263,0.259,0.274,0.275,0.276,0.277,0.278,0.279,0.28,0.281,0.282,0.283,29408.9,39382,19215.2,16932.6,2719.2,1004.7,2263.7,8056,41.4,40.6,9222.2,26271.2,9624.2,3571.4,2574,16408.8,6703.9,4199.6,22068.8,12159.5
52,0.273,0.272,0.271,0.27,0.269,0.268,0.267,0.265,0.263,0.259,0.274,0.275,0.276,0.277,0.278,0.279,0.28,0.281,0.282,0.283,29056.2,54985.5,19731.5,16932.6,2610.2,1114.1,2263.7,8056,41.4,40.6,14207.5,29209,9624.2,4020.2,2125.6,16408.8,6703.9,4199.6,22068.8,12159.5
53,0.273,0.272,0.271,0.27,0.269,0.268,0.267,0.265,0.263,0.259,0.274,0.275,0.276,0.277,0.278,0.279,0.28,0.281,0.282,0.283,28584.9,48220.9,19731.5,16932.6,2244.5,1481.2,2263.7,8056,41.4,40.6,14207.5,29231,9624.2,4020.2,2231.1,16303.7,7337.7,3577.1,22068.8,12159.5
54,0.273,0.272,0.271,0.27,0.269,0.268,0.267,0.265,0.263,0.259,0.274,0.275,0.276,0.277,0.278,0.279,0.28,0.281,0.282,0.283,28296.4,53412.3,19797.6,16932.6,2392.2,1332.9,2263.7,8056,41.4,40.6,14207.5,29306.9,9624.2,4020.2,2125.6,16408.8,7337.7,3577.1,22068.8,12159.5
55,0.273,0.272,0.271,0.27,0.269,0.268,0.267,0.265,0.263,0.259,0.274,0.275,0.276,0.277,0.278,0.279,0.28,0.281,0.282,0.283,28015.3,55177.5,19797.6,16932.6,2244.5,1481.2,2263.7,8056,41.4,40.6,14207.5,26219.9,9624.2,4020.2,2125.6,16408.8,7337.7,3577.1,22068.8,12159.5
56,0.273,0.272,0.271,0.27,0.269,0.268,0.267,0.265,0.263,0.259,0.274,0.275,0.276,0.277,0.278,0.279,0.28,0.281,0.282,0.283,27870.9,53577.8,21476.1,16824,2353.5,1481.2,2263.7,8056,41.4,40.6,14348.5,29336.4,9624.2,4020.2,2125.6,16408.8,7337.7,3577.1,22068.8,12159.5
57,0.273,0.272,0.271,0.27,0.269,0.268,0.267,0.265,0.263,0.259,0.274,0.275,0.276,0.277,0.278,0.279,0.28,0.281,0.282,0.283,27871,58260.5,15441.7,16153.5,2244.5,1481.2,2263.7,8056,41.4,40.6,14348.5,29104.6,8796.9,3220.4,2125.6,16408.8,7337.7,3577.1,22068.8,12159.5
58,0.273,0.272,0.271,0.27,0.269,0.268,0.267,0.265,0.263,0.259,0.274,0.275,0.276,0.277,0.278,0.279,0.28,0.281,0.282,0.283,27871,57622.9,20639.2,16153.5,2244.6,1481.2,2263.7,8056,41.4,40.6,14348.5,29108.5,9758.2,3220.4,2125.6,17913,5832,3577.1,22068.8,12159.5
59,0.273,0.272,0.271,0.27,0.269,0.268,0.267,0.265,0.263,0.259,0.274,0.275,0.276,0.277,0.278,0.279,0.28,0.281,0.282,0.283,25407,60396.7,20639.2,16153.5,2392.3,1332.9,2263.7,8056,41.4,40.6,14348.5,28893.7,9758.2,3537.2,1809.5,17913,5832,3577.1,22068.8,12159.5
60,0.273,0.272,0.271,0.27,0.269,0.268,0.267,0.265,0.263,0.259,0.274,0.275,0.276,0.277,0.278,0.279,0.28,0.281,0.282,0.283,25158.3,56422.3,22215.6,16044.9,2353.6,1481.2,2263.7,8056,41.4,40.6,14554.3,28681.1,9758.2,3537.2,1809.5,17913,5832,3577.1,22068.8,12159.5
61,0.273,0.272,0.271,0.27,0.269,0.268,0.267,0.265,0.263,0.259,0.274,0.275,0.276,0.277,0.278,0.279,0.28,0.281,0.282,0.283,25212.2,54777.7,22215.6,16044.9,2143.1,1692.4,2263.7,8056,41.4,40.6,14554.3,28753,9758.2,3537.2,1809.5,17913,5832,25169.4,455,12159.5
62,0.273,0.272,0.271,0.27,0.269,0.268,0.267,0.265,0.263,0.259,0.274,0.275,0.276,0.277,0.278,0.279,0.28,0.281,0.282,0.283,25212.2,54637.5,22215.6,16044.9,2143.1,1692.4,2263.7,8056,41.4,40.6,14493.3,28753,9758.2,3537.2,1809.5,17913,5832,25169.4,455,12159.5
63,0.273,0.272,0.271,0.27,0.269,0.268,0.267,0.265,0.263,0.259,0.274,0.275,0.276,0.277,0.278,0.279,0.28,0.281,0.282,0.283,8206.6,50805.9,22915.5,15846.6,3069,1692.4,374,8056,41.4,40.6,15817.7,24601.6,10600.2,2606.7,2339.8,20932.2,2282.9,25169.4,455,12159.5
64,0.273,0.272,0.271,0.27,0.269,0.268,0.267,0.265,0.263,0.259,0.274,0.275,0.276,0.277,0.278,0.279,0.28,0.281,0.282,0.283,17658.8,45438.9,22915.5,14627.7,3069,1692.4,2288,8056,41.4,40.6,15727.8,24601.6,10600.2,2606.7,2234.3,21037.3,2282.9,25533.1,78.5,12159.5
65,0.273,0.272,0.271,0.27,0.269,0.268,0.267,0.265,0.263,0.259,0.274,0.275,0.276,0.277,0.278,0.279,0.28,0.281,0.282,0.283,8276.2,50709.8,22915.5,14627.7,3069,1544.1,2405.5,8056,41.4,40.6,15728.2,27759.4,10600.2,2606.7,2339.8,20932.2,5860,21956,78.5,12159.5
66,0.273,0.272,0.271,0.27,0.269,0.268,0.267,0.266,0.265,0.263,0.274,0.275,0.276,0.277,0.278,0.279,0.28,0.281,0.282,0.283,15301.5,48576.8,25115.5,14627.7,3069,1544.1,522.9,1833.1,8056,41.4,16795.2,24601.6,10600.2,2606.7,2339.8,20932.2,5860,21956,78.5,12159.5
67,0.273,0.272,0.271,0.27,0.269,0.268,0.267,0.266,0.265,0.263,0.274,0.275,0.276,0.277,0.278,0.279,0.28,0.281,0.282,0.283,17659.8,41320.4,25115.5,14627.7,3069,1692.5,374,1833.1,8056,41.4,16371.2,24805.1,10600.2,2606.7,2234.3,21037.3,5860,21956,78.5,12159.5
68,0.273,0.272,0.271,0.27,0.269,0.268,0.267,0.266,0.265,0.263,0.274,0.275,0.276,0.277,0.278,0.279,0.28,0.281,0.282,0.283,17659.8,42922.3,25115.5,14627.7,2960,1434.8,593.6,1833.1,8056,41.4,16371.2,27958,10600.2,2606.7,2234.3,21037.3,5902.6,21956,78.5,12159.5
69,0.273,0.272,0.271,0.27,0.269,0.268,0.267,0.266,0.265,0.263,0.274,0.275,0.276,0.277,0.278,0.279,0.28,0.281,0.282,0.283,17659.8,39756.5,25013.4,14627.7,2960,1692.5,483.8,1833.1,8056,41.4,15060.2,24806.2,10600.2,2606.7,2234.3,21037.3,5902.6,21956,78.5,12159.5
70,0.273,0.272,0.271,0.27,0.269,0.268,0.267,0.266,0.265,0.263,0.274,0.275,0.276,0.277,0.278,0.279,0.28,0.281,0.282,0.283,17608.5,48366.7,24947.3,14627.7,2960,1583.1,593.6,1833.1,8056,41.4,15321.5,27718.7,10600.2,2606.7,2234.3,21037.3,5902.6,21956,78.5,12159.5
71,0.273,0.272,0.271,0.27,0.269,0.268,0.267,0.266,0.265,0.263,0.274,0.275,0.276,0.277,0.278,0.279,0.28,0.281,0.282,0.283,8276.2,45643.1,24947.3,14627.7,2960,1325.4,852.3,1925.1,8056,41.4,15361.5,27798.9,10600.2,2606.7,2234.3,21037.3,5902.6,21956,78.5,12159.5
72,0.273,0.272,0.271,0.27,0.269,0.268,0.267,0.266,0.265,0.263,0.274,0.275,0.276,0.277,0.278,0.279,0.28,0.281,0.282,0.283,3715.1,48315.2,24947.3,14627.7,2851,1544.2,742.5,1903.1,8056,41.4,15556.5,24601.6,10600.2,2606.7,2234.3,21037.3,5902.6,21956,78.5,12159.5
73,0.273,0.272,0.271,0.27,0.269,0.268,0.267,0.266,0.265,0.263,0.274,0.275,0.276,0.277,0.278,0.279,0.28,0.281,0.282,0.283,19079.2,48547.4,24947.3,14627.7,2960,1544.2,632.7,1928.7,8056,41.4,17340.2,22607.9,9652,3543.8,2234.3,21037.3,5902.6,21956,78.5,12159.5
74,0.273,0.272,0.271,0.27,0.269,0.268,0.267,0.266,0.265,0.263,0.274,0.275,0.276,0.277,0.278,0.279,0.28,0.281,0.282,0.283,20190.1,48079,24898.3,14627.7,3178,1583.1,374,1852,8056,41.4,17545.1,25538.8,9652,3543.8,2234.3,20932.2,6007.3,21956,78.5,12159.5
75,0.273,0.272,0.271,0.27,0.269,0.268,0.267,0.266,0.265,0.263,0.274,0.275,0.276,0.277,0.278,0.279,0.28,0.281,0.282,0.283,20139.4,50729.8,24898.3,14844.9,3178,1364.3,374,1868.3,8056,41.4,17331.1,25670.8,9758.2,3543.8,2234.3,20932.2,6007.3,21956,78.5,12159.5
76,0.273,0.272,0.271,0.27,0.269,0.268,0.267,0.266,0.265,0.263,0.274,0.275,0.276,0.277,0.278,0.279,0.28,0.281,0.282,0.283,17689,55167.8,28182.9,16173.9,3279.5,1153,374,1868.3,8056,41.4,17283.2,25674.8,10464.1,2606.7,2234.3,22581.3,4358.2,21956,78.5,12159.5
77,0.273,0.272,0.271,0.27,0.269,0.268,0.267,0.266,0.265,0.263,0.274,0.275,0.276,0.277,0.278,0.279,0.28,0.281,0.282,0.283,4701.5,49867.8,28182.9,16173.9,3069,1364.3,374,1925.3,8056,41.4,19151,25469.4,10676.5,2606.7,2234.3,22581.3,4358.2,21956,78.5,12159.5
78,0.273,0.272,0.271,0.27,0.269,0.268,0.267,0.265,0.263,0.259,0.274,0.275,0.276,0.277,0.278,0.279,0.28,0.281,0.282,0.283,4806.3,39848.1,28182.9,16173.9,2960,1473.7,2205.7,8056,41.4,40.6,19044,22401.6,10676.5,2606.7,2234.3,22686.4,4253.5,21956,78.5,12159.5
79,0.273,0.272,0.271,0.27,0.269,0.268,0.267,0.266,0.265,0.263,0.274,0.275,0.276,0.277,0.278,0.279,0.28,0.281,0.282,0.283,9308.3,55667.8,27962.4,16173.9,3170.5,1262.4,374,1870.3,8056,41.4,21963.6,22614.8,10464.1,2606.7,2234.3,22581.3,4358.2,21966.2,78.5,12159.5
80,0.273,0.272,0.271,0.27,0.269,0.268,0.267,0.266,0.265,0.263,0.274,0.275,0.276,0.277,0.278,0.279,0.28,0.281,0.282,0.283,9308.3,47352.7,27962.4,16173.9,3279.5,1153,374,1870.3,8056,41.4,22034.6,22401.6,10676.5,2606.7,2234.3,22581.3,4358.2,21966.2,78.5,12159.5
81,0.273,0.272,0.271,0.27,0.269,0.268,0.267,0.266,0.265,0.263,0.274,0.275,0.276,0.277,0.278,0.279,0.28,0.281,0.282,0.283,9308.3,57326.7,28182.9,16173.9,3069,1364.3,374,1870.3,8056,41.4,20574.8,25644.2,10570.3,2712.5,2234.3,22581.3,4358.2,21966.2,78.5,12159.5
82,0.273,0.272,0.271,0.27,0.269,0.268,0.267,0.266,0.265,0.263,0.274,0.275,0.276,0.277,0.278,0.279,0.28,0.281,0.282,0.283,8363.7,57152.4,28182.9,14954.6,2851,1583.1,374,1870.3,8056,41.4,19656.7,22295,10676.5,2606.7,2234.3,22686.4,4253.5,21966.2,78.5,12159.5
83,0.273,0.272,0.271,0.27,0.269,0.268,0.267,0.265,0.263,0.259,0.274,0.275,0.276,0.277,0.278,0.279,0.28,0.281,0.282,0.283,5768.6,52241.5,26386,14954.6,2851,1583.1,2196.1,8056,41.4,40.6,15241.3,25555,10464.1,2818.3,2234.3,20932.2,6019.8,21966.2,78.5,12159.5
84,0.273,0.272,0.271,0.27,0.269,0.268,0.267,0.265,0.263,0.259,0.274,0.275,0.276,0.277,0.278,0.279,0.28,0.281,0.282,0.283,19216.3,52232.9,24683.1,14954.6,2851,1583.1,2294.7,8056,41.4,40.6,15241.3,22508.2,10464.1,2606.7,2234.3,20932.2,6019.8,21966.2,78.5,12159.5
85,0.273,0.272,0.271,0.27,0.269,0.268,0.267,0.266,0.265,0.263,0.274,0.275,0.276,0.277,0.278,0.279,0.28,0.281,0.282,0.283,19267.5,61346.3,24683.1,14737.4,3178,1473.7,374,1872.5,8056,41.4,15357.4,25652.9,10357.9,2606.7,2234.3,20932.2,6019.8,21966.2,78.5,12159.5
86,0.273,0.272,0.271,0.27,0.269,0.268,0.267,0.266,0.265,0.263,0.274,0.275,0.276,0.277,0.278,0.279,0.28,0.281,0.282,0.283,19267.5,60912,24683.1,14737.4,3178,1473.7,374,1890.2,8056,41.4,15357.4,25636,10357.9,2606.7,2234.3,20932.2,2442.7,25543.3,78.5,12159.5
87,0.273,0.272,0.271,0.27,0.269,0.268,0.267,0.266,0.265,0.263,0.274,0.275,0.276,0.277,0.278,0.279,0.28,0.281,0.282,0.283,19268.5,61281.7,24683.1,14846,3178,1364.3,374,1890.2,8056,41.4,13693.4,25432.2,10357.9,2606.7,2234.3,20932.2,2442.7,25543.3,78.5,12159.5
88,0.273,0.272,0.271,0.27,0.269,0.268,0.267,0.266,0.265,0.263,0.274,0.275,0.276,0.277,0.278,0.279,0.28,0.281,0.282,0.283,19412.5,51597.7,21966.8,14846,3178,1364.3,374,1879.8,8056,41.4,11289.6,24700.2,9432.1,3549.7,2234.3,20932.2,2442.7,25543.3,78.5,12159.5
89,0.273,0.272,0.271,0.27,0.269,0.268,0.267,0.266,0.265,0.263,0.274,0.275,0.276,0.277,0.278,0.279,0.28,0.281,0.282,0.283,22054.1,61259.3,22487.3,14846,3178,1364.3,374,1879.8,8056,41.4,6715.6,28839.6,9432.1,3549.7,2234.3,20932.2,2442.7,25543.3,78.5,12159.5
90,0.273,0.272,0.271,0.27,0.269,0.268,0.267,0.265,0.263,0.259,0.274,0.275,0.276,0.277,0.278,0.279,0.28,0.281,0.282,0.283,22452,47616.1,19748.7,15670.1,2361.1,1364.3,2266.3,8056,41.4,40.6,2454.1,24232.5,10354.6,3549.7,2234.3,20932.2,6019.8,21966.2,78.5,12159.5
91,0.273,0.272,0.271,0.27,0.269,0.268,0.267,0.265,0.263,0.259,0.274,0.275,0.276,0.277,0.278,0.279,0.28,0.281,0.282,0.283,22452,45153.1,19748.7,15887.3,2143.1,1364.3,2266.3,8056,41.4,40.6,1371.7,28256.9,10354.6,3549.7,2234.3,20932.2,2338,25647.6,78.5,12159.5
92,0.273,0.272,0.271,0.27,0.269,0.268,0.267,0.265,0.263,0.259,0.274,0.275,0.276,0.277,0.278,0.279,0.28,0.281,0.282,0.283,22452,37481.6,19748.7,15778.7,2462.6,1153,2266.3,8056,41.4,40.6,1130.9,28232.4,10354.6,3549.7,1809.5,17807.9,5887.1,25647.6,78.5,12159.5
93,0.273,0.272,0.271,0.27,0.269,0.268,0.267,0.265,0.263,0.259,0.274,0.275,0.276,0.277,0.278,0.279,0.28,0.281,0.282,0.283,22452,37454.1,19748.7,15778.7,2610.4,1004.7,2266.3,8056,41.4,40.6,1130.9,28204.9,10354.6,3549.7,1809.5,17807.9,5887.1,25647.6,78.5,12159.5
94,0.273,0.272,0.271,0.27,0.269,0.268,0.267,0.265,0.263,0.259,0.274,0.275,0.276,0.277,0.278,0.279,0.28,0.281,0.282,0.283,33176.9,39182.8,19700.5,15887.3,2501.4,1004.7,2266.3,8056,41.4,40.6,1071.9,28183.9,10354.6,3549.7,1809.5,17807.9,5887.1,25647.6,78.5,12159.5
95,0.273,0.272,0.271,0.27,0.269,0.268,0.267,0.265,0.263,0.259,0.274,0.275,0.276,0.277,0.278,0.279,0.28,0.281,0.282,0.283,41954.7,44375.6,19706.9,15887.3,2501.4,1004.7,2266.3,8056,41.4,40.6,1033.9,28147.9,10354.6,3549.7,1809.5,17807.9,5887.1,25647.6,78.5,12159.5
96,0.273,0.272,0.271,0.27,0.269,0.268,0.267,0.265,0.263,0.259,0.274,0.275,0.276,0.277,0.278,0.279,0.28,0.281,0.282,0.283,41954.7,47465,19706.9,15887.3,2501.4,1004.7,2266.3,8056,41.4,40.6,1033.9,28157.4,10354.6,3549.7,1809.5,17807.9,5887.1,25647.6,78.5,12159.5
97,0.273,0.272,0.271,0.27,0.269,0.268,0.267,0.265,0.263,0.259,0.274,0.275,0.276,0.277,0.278,0.279,0.28,0.281,0.282,0.283,40490.1,47355.4,19706.9,15778.7,2610.4,1004.7,2266.3,8056,41.4,40.6,951.9,25314.9,10354.6,3549.7,1809.5,17807.9,5887.1,25647.6,78.5,12159.5
98,0.273,0.272,0.271,0.27,0.269,0.268,0.267,0.265,0.263,0.259,0.274,0.275,0.276,0.277,0.278,0.279,0.28,0.281,0.282,0.283,40383,42846.4,19706.9,15778.7,2462.6,1153,2266.3,8056,41.4,40.6,1173.7,28150.4,10354.6,3549.7,1809.5,17807.9,5855.2,25629.3,78.5,12159.5
99,0.273,0.272,0.271,0.27,0.269,0.268,0.267,0.265,0.263,0.259,0.274,0.275,0.276,0.277,0.278,0.279,0.28,0.281,0.282,0.283,34286.6,50011.1,20216.1,15670.1,2361.1,1364.3,2266.3,8056,41.4,40.6,17240.4,24699.1,9432.1,3549.7,2234.3,20932.2,5987.9,21947.9,78.5,12159.5
100,0.273,0.272,0.271,0.27,0.269,0.268,0.267,0.266,0.265,0.263,0.274,0.275,0.276,0.277,0.278,0.279,0.28,0.281,0.282,0.283,26830,60081.6,20216.1,15670.1,2361.1,1364.3,374,1918.8,8056,41.4,14329.2,27774.4,9432.1,3549.7,2234.3,20932.2,5987.9,21947.9,78.5,12159.5
101,0.273,0.272,0.271,0.27,0.269,0.268,0.267,0.266,0.265,0.263,0.274,0.275,0.276,0.277,0.278,0.279,0.28,0.281,0.282,0.283,26938.8,51833,22416.1,15670.1,2361.1,1364.3,374,1918.8,8056,41.4,14329.2,27847.9,9432.1,3549.7,2234.3,20932.2,5987.9,21947.9,78.5,12159.5
102,0.273,0.272,0.271,0.27,0.269,0.268,0.267,0.266,0.265,0.263,0.274,0.275,0.276,0.277,0.278,0.279,0.28,0.281,0.282,0.283,26938.8,51822.6,22416.1,15778.7,2252.1,1364.3,374,1918.8,8056,41.4,14222.2,27943.7,9432.1,3549.7,2234.3,20932.2,5987.9,21947.9,78.5,12159.5
103,0.273,0.272,0.271,0.27,0.269,0.268,0.267,0.266,0.265,0.263,0.274,0.275,0.276,0.277,0.278,0.279,0.28,0.281,0.282,0.283,26831.1,48790.5,22416.1,15887.3,2143.1,1364.3,374,1918.8,8056,41.4,14099.2,24697.3,9693,3549.7,2234.3,20932.2,5987.9,21947.9,78.5,12159.5
104,0.273,0.272,0.271,0.27,0.269,0.268,0.267,0.266,0.265,0.263,0.274,0.275,0.276,0.277,0.278,0.279,0.28,0.281,0.282,0.283,27082.8,54445.4,22416.1,15887.3,2143.1,1364.3,374,1918.8,8056,41.4,13016.8,28900.7,9644.5,3598.2,2234.3,20932.2,5987.9,21947.9,78.5,12159.5
105,0.273,0.272,0.271,0.27,0.269,0.268,0.267,0.266,0.265,0.263,0.274,0.275,0.276,0.277,0.278,0.279,0.28,0.281,0.282,0.283,27082.8,51933.4,22685.8,15670.1,2353.6,1153,374,1918.8,8056,41.4,13016.8,28855.7,9432.1,3809.8,2234.3,20932.2,2306.1,25629.3,78.5,12159.5
106,0.273,0.272,0.271,0.27,0.269,0.268,0.267,0.266,0.265,0.263,0.274,0.275,0.276,0.277,0.278,0.279,0.28,0.281,0.282,0.283,27320.9,53429.8,19868.4,15778.7,2501.4,1004.7,374,1875.3,8056,41.4,7817.3,25312.9,10579.1,3598.2,1809.5,17807.9,5855.2,25629.3,78.5,12159.5
107,0.273,0.272,0.271,0.27,0.269,0.268,0.267,0.266,0.265,0.263,0.274,0.275,0.276,0.277,0.278,0.279,0.28,0.281,0.282,0.283,27320.9,44730.8,19760.2,15887.3,2353.6,1153,374,1875.3,8056,41.4,7817.3,28299.2,10627.6,3549.7,2234.3,20932.2,2306.1,25629.3,78.5,12159.5
108,0.273,0.272,0.271,0.27,0.269,0.268,0.267,0.266,0.265,0.263,0.274,0.275,0.276,0.277,0.278,0.279,0.28,0.281,0.282,0.283,27320.9,53712.7,19760.2,15887.3,2501.4,1004.7,374,1875.3,8056,41.4,8234.1,25821.5,9693,3549.7,1809.5,17807.9,5855.2,25629.3,78.5,12159.5
109,0.273,0.272,0.271,0.27,0.269,0.268,0.267,0.265,0.263,0.259,0.274,0.275,0.276,0.277,0.278,0.279,0.28,0.281,0.282,0.283,29050.9,42608.6,15153.6,15145.9,2353.6,1153,2278.5,8056,41.4,40.6,8210.1,22687,9468.4,3549.7,2234.3,20932.2,2306.1,25629.3,78.5,12159.5
110,0.273,0.272,0.271,0.27,0.269,0.268,0.267,0.265,0.263,0.259,0.274,0.275,0.276,0.277,0.278,0.279,0.28,0.281,0.282,0.283,28965.1,32516.6,15153.6,15145.9,2353.6,1153,2278.5,8056,41.4,40.6,8210.1,25777.9,9353.7,3549.7,2234.3,20932.2,2306.1,25629.3,78.5,12159.5
111,0.273,0.272,0.271,0.27,0.269,0.268,0.267,0.265,0.263,0.259,0.274,0.275,0.276,0.277,0.278,0.279,0.28,0.281,0.282,0.283,29051,35228.1,15153.6,15145.9,2501.4,1004.7,2278.5,8056,41.4,40.6,8210.1,25934,9199,3549.7,2234.3,17383.1,5855.2,25629.3,78.5,12159.5
112,0.273,0.272,0.271,0.27,0.269,0.268,0.267,0.266,0.265,0.263,0.274,0.275,0.276,0.277,0.278,0.279,0.28,0.281,0.282,0.283,28849.2,38335.9,15153.6,15145.9,2501.4,1004.7,374,1850.6,8056,41.4,8899.9,26188,8903.1,3549.7,1809.5,17807.9,5855.2,25629.3,78.5,12159.5
113,0.273,0.272,0.271,0.27,0.269,0.268,0.267,0.266,0.265,0.263,0.274,0.275,0.276,0.277,0.278,0.279,0.28,0.281,0.282,0.283,20031.4,45552.8,17919.1,15145.9,2501.4,1004.7,374,1850.6,8056,41.4,13371,23157.8,8951.6,3549.7,1809.5,17807.9,5855.2,25629.3,78.5,12159.5
114,0.273,0.272,0.271,0.27,0.269,0.268,0.267,0.265,0.263,0.259,0.274,0.275,0.276,0.277,0.278,0.279,0.28,0.281,0.282,0.283,22017.8,41040.3,15201.8,15145.9,2501.4,1004.7,2288.9,8056,41.4,40.6,972.5,22690.9,9885,3549.7,1809.5,17807.9,5855.2,25629.3,78.5,12159.5
115,0.273,0.272,0.271,0.27,0.269,0.268,0.267,0.265,0.263,0.259,0.274,0.275,0.276,0.277,0.278,0.279,0.28,0.281,0.282,0.283,22018.5,29754.5,16633.5,15037.3,2392.4,1004.7,2288.9,8056,41.4,40.6,731.7,22739.4,9836.5,3549.7,1809.5,17807.9,5855.2,25629.3,78.5,12159.5
116,0.273,0.272,0.271,0.27,0.269,0.268,0.267,0.265,0.263,0.259,0.274,0.275,0.276,0.277,0.278,0.279,0.28,0.281,0.282,0.283,22018.5,37449.5,16741.7,14928.7,2392.4,1004.7,2288.9,8056,41.4,40.6,972.5,25617.9,9885,3549.7,1809.5,17807.9,5855.2,25629.3,78.5,12159.5
117,0.273,0.272,0.271,0.27,0.269,0.268,0.267,0.265,0.263,0.259,0.274,0.275,0.276,0.277,0.278,0.279,0.28,0.281,0.282,0.283,22095.2,37489.5,16741.7,14928.7,2392.4,1004.7,2288.9,8056,41.4,40.6,972.5,25607.9,9778.8,3655.5,1809.5,17807.9,5855.2,25629.3,78.5,12159.5
118,0.273,0.272,0.271,0.27,0.269,0.268,0.267,0.265,0.263,0.259,0.274,0.275,0.276,0.277,0.278,0.279,0.28,0.281,0.282,0.283,21987.1,40254.4,15526.4,14928.7,2392.4,1004.7,2288.9,8056,41.4,40.6,731.7,25596.4,9885,3549.7,1809.5,17807.9,5855.2,25629.3,78.5,12159.5
119,0.273,0.272,0.271,0.27,0.269,0.268,0.267,0.265,0.263,0.259,0.274,0.275,0.276,0.277,0.278,0.279,0.28,0.281,0.282,0.283,29394.7,40298.7,16741.9,15037.3,2283.4,1004.7,2288.9,8056,41.4,40.6,731.7,25801.6,9624.1,3598.2,1809.5,17807.9,5855.2,25629.3,78.5,12159.5
120,0.274,0.273,0.272,0.271,0.27,0.269,0.267,0.265,0.263,0.259,0.275,0.276,0.277,0.278,0.279,0.28,0.281,0.282,0.283,0.284,1780.7,37790.1,32686.4,15418.2,15502.8,1025.3,2288.9,8056,41.4,40.6,25295.4,9624.1,3549.7,1809.5,18018.1,6850.2,25525,78.5,12159.5,103.2
121,0.274,0.273,0.272,0.271,0.27,0.269,0.267,0.266,0.265,0.263,0.275,0.276,0.277,0.278,0.279,0.28,0.281,0.282,0.283,0.284,16135.9,33571.1,29228.8,16692.1,15285.6,1134.3,2288.9,112.5,7943,41.4,24307.3,9825.7,3549.7,1809.5,17961.5,6954.9,3932.7,21633.8,12159.5,103.2
122,0.274,0.273,0.272,0.271,0.27,0.269,0.267,0.266,0.265,0.263,0.275,0.276,0.277,0.278,0.279,0.28,0.281,0.282,0.283,0.284,16136.2,30379.5,30826.8,16799.2,15285.6,1025.3,2307.1,112.5,7943,41.4,24313,9624.1,2606.7,2750.1,17807.9,7003.4,4037,21633.8,12238,103.2
123,0.274,0.273,0.272,0.271,0.27,0.269,0.267,0.266,0.265,0.263,0.275,0.276,0.277,0.278,0.279,0.28,0.281,0.282,0.283,0.284,16841.6,42867.4,26112.2,16691.5,15394.2,1025.3,2307.1,112.5,7943,41.4,22858.5,12776.7,2606.7,2750.1,17913,6898.7,4037,21633.8,12238,103.2
124,0.274,0.273,0.272,0.271,0.27,0.269,0.267,0.266,0.265,0.263,0.275,0.276,0.277,0.278,0.279,0.28,0.281,0.282,0.283,0.284,16949.4,43709.2,23726.7,16691.5,15394.2,1025.3,2251.1,112.5,7943,41.4,22858.5,12776.7,2606.7,2961.1,17856.4,6850.2,3932.7,21633.8,12238,103.2
125,0.274,0.273,0.272,0.271,0.27,0.269,0.268,0.267,0.266,0.265,0.275,0.276,0.277,0.278,0.279,0.28,0.281,0.282,0.283,0.284,17000.6,51573.5,23079.8,16583.4,15502.8,1025.3,1853.8,374,112.5,7943,16793.8,12983.1,2606.7,3009.6,17807.9,6850.2,3932.7,21633.8,78.5,12324.7
126,0.274,0.273,0.272,0.271,0.27,0.269,0.268,0.267,0.266,0.265,0.275,0.276,0.277,0.278,0.279,0.28,0.281,0.282,0.283,0.284,20231.9,47932.3,20937,15793.5,15075.9,1025.3,1853.8,374,112.5,7943,15711.4,10913.1,2157.9,3350.9,17488.2,7275,3932.7,21633.8,78.5,12324.7
127,0.274,0.273,0.272,0.271,0.27,0.269,0.268,0.267,0.266,0.265,0.275,0.276,0.277,0.278,0.279,0.28,0.281,0.282,0.283,0.284,20154.7,38603.5,20419.4,15939.2,14928.7,1025.3,1853.8,374,112.5,7943,13511.4,13113.1,6565.9,3302.4,17431.6,7379.7,3932.7,21633.8,78.5,12324.7
128,0.274,0.273,0.272,0.271,0.27,0.269,0.268,0.267,0.266,0.265,0.275,0.276,0.277,0.278,0.279,0.28,0.281,0.282,0.283,0.284,19902.5,53936.5,21039,15939,14820.1,1025.3,1853.8,374,112.5,7943,13472.4,16168,6565.9,3196.9,17383.1,6827.4,4279.3,21983.4,78.5,12324.7
129,0.274,0.273,0.272,0.271,0.27,0.269,0.268,0.267,0.266,0.265,0.275,0.276,0.277,0.278,0.279,0.28,0.281,0.282,0.283,0.284,19902.5,48000.2,20931.2,15831,15037.3,1025.3,1853.8,374,112.5,7943,13678.4,16007.8,6565.9,3407.9,17383.1,6666.5,4230.8,21983.4,78.5,12324.7
130,0.274,0.273,0.272,0.271,0.27,0.269,0.268,0.267,0.266,0.265,0.275,0.276,0.277,0.278,0.279,0.28,0.281,0.282,0.283,0.284,20010.7,51304.9,20684.8,15684.9,15184.5,1025.3,1853.8,374,112.5,7943,13774.4,16034.7,6720.2,3302.4,17383.1,6618,4230.8,21983.4,78.5,12324.7
131,0.274,0.273,0.272,0.271,0.27,0.269,0.268,0.267,0.266,0.265,0.275,0.276,0.277,0.278,0.279,0.28,0.281,0.282,0.283,0.284,19967.7,49224.6,19474.3,16791.6,15293.1,1025.3,1853.8,374,112.5,7943,14478,16032.3,6826,3196.9,17383.1,6618,4230.8,21983.4,78.5,12324.7
132,0.274,0.273,0.272,0.271,0.27,0.269,0.268,0.267,0.266,0.265,0.275,0.276,0.277,0.278,0.279,0.28,0.281,0.282,0.283,0.284,19967.7,49083,19474.3,16791.9,15293.1,1025.3,1863.5,374,112.5,7943,19302,16091.7,6777.5,3196.9,17383.1,6618,4230.8,21983.4,78.5,12324.7
133,0.274,0.273,0.272,0.271,0.27,0.269,0.268,0.267,0.266,0.265,0.275,0.276,0.277,0.278,0.279,0.28,0.281,0.282,0.283,0.284,20575.7,48980.2,19474.3,16790.8,15293.1,1025.3,1914.1,374,112.5,7943,20756.5,16105.6,6460.7,3513.6,17383.1,6618,4230.8,21983.4,78.5,12324.7
134,0.274,0.273,0.272,0.271,0.27,0.269,0.268,0.267,0.266,0.265,0.275,0.276,0.277,0.278,0.279,0.28,0.281,0.282,0.283,0.284,20524.5,43463.9,19372.2,16582.9,15502.8,1025.3,1914.1,374,112.5,7943,20863.1,16210.8,6249.1,3513.6,15878.9,8120.5,4230.8,21983.4,182.1,12221.5
135,0.274,0.273,0.272,0.271,0.27,0.269,0.267,0.266,0.265,0.263,0.275,0.276,0.277,0.278,0.279,0.28,0.281,0.282,0.283,0.284,3774.1,43906.6,25216.1,15976.5,15394.2,1352.3,2264.4,112.5,7943,41.4,22662.9,9836.5,7197.3,2573,15878.9,8120.5,4230.8,21983.4,182.1,12221.5
136,0.274,0.273,0.272,0.271,0.27,0.269,0.267,0.266,0.265,0.263,0.275,0.276,0.277,0.278,0.279,0.28,0.281,0.282,0.283,0.284,15102.7,46965.5,25216.1,16085.7,15177,1461.3,2264.4,112.5,7943,41.4,21478.6,13926.8,7197.3,2573,15878.9,8120.5,4230.8,21983.4,182.1,12221.5
137,0.274,0.273,0.272,0.271,0.27,0.269,0.267,0.266,0.265,0.263,0.275,0.276,0.277,0.278,0.279,0.28,0.281,0.282,0.283,0.284,7906.2,41264.5,25216.1,15977.5,15285.6,1461.3,2264.4,112.5,7943,41.4,22561,12817.5,7197.3,2573,16303.7,7695.7,4230.8,21983.4,182.1,12221.5
138,0.274,0.273,0.272,0.271,0.27,0.269,0.268,0.267,0.266,0.265,0.275,0.276,0.277,0.278,0.279,0.28,0.281,0.282,0.283,0.284,2622.8,46910,25631.4,15977.5,15285.6,1243.3,218.8,2264.4,112.5,7943,22925,9624.1,7197.3,2573,16303.7,7695.7,4230.8,22087.4,78.5,12221.5
139,0.274,0.273,0.272,0.271,0.27,0.269,0.268,0.267,0.266,0.265,0.275,0.276,0.277,0.278,0.279,0.28,0.281,0.282,0.283,0.284,2622.8,49159.9,25631.4,15977.5,15285.6,1352.3,109.4,2264.4,112.5,7943,22925,12891.1,7197.3,2573,16303.7,7695.7,4230.8,22087.4,78.5,12221.5
140,0.274,0.273,0.272,0.271,0.27,0.269,0.268,0.267,0.266,0.265,0.275,0.276,0.277,0.278,0.279,0.28,0.281,0.282,0.283,0.284,2622.8,40667.7,25631.4,15977.5,15285.6,1134.3,328.2,2264.4,112.5,7943,22768,12887.9,7197.3,2573,16303.7,7695.7,4230.8,22087.4,78.5,12221.5
141,0.274,0.273,0.272,0.271,0.27,0.269,0.268,0.267,0.266,0.265,0.275,0.276,0.277,0.278,0.279,0.28,0.281,0.282,0.283,0.284,2622.8,40676.6,25631.4,15977.5,15285.6,1134.3,328.2,2264.4,112.5,7943,24222.5,12896.9,7197.3,2573,16303.7,7695.7,4230.8,22087.4,78.5,12221.5
142,0.274,0.273,0.272,0.271,0.27,0.269,0.268,0.267,0.266,0.265,0.275,0.276,0.277,0.278,0.279,0.28,0.281,0.282,0.283,0.284,1679.1,40585.9,25631.4,15977.5,15285.6,1134.3,328.2,2264.4,112.5,7943,26992,9624.1,7197.3,2573,16303.7,7695.7,4230.8,22087.4,78.5,12221.5
143,0.274,0.273,0.272,0.271,0.27,0.269,0.268,0.267,0.266,0.265,0.275,0.276,0.277,0.278,0.279,0.28,0.281,0.282,0.283,0.284,943.1,40603.9,25631.4,15977.5,15285.6,1134.3,328.2,2264.4,112.5,7943,25537.5,12905.9,7197.3,2573,16303.7,7695.7,4262.6,22111.8,78.5,12221.5
144,0.274,0.273,0.272,0.271,0.27,0.269,0.268,0.267,0.266,0.265,0.275,0.276,0.277,0.278,0.279,0.28,0.281,0.282,0.283,0.284,1886.8,40603.9,25631.4,15977.5,15285.6,1134.3,328.2,2264.4,112.5,7943,25537.5,12905.9,7197.3,2573,16303.7,7695.7,4262.6,22111.8,78.5,12221.5
145,0.274,0.273,0.272,0.271,0.27,0.269,0.268,0.267,0.266,0.265,0.275,0.276,0.277,0.278,0.279,0.28,0.281,0.282,0.283,0.284,1886.8,46466.5,25631.4,15977.5,15285.6,1134.3,328.2,2264.4,112.5,7943,25674.5,12905.9,7197.3,2573,16303.7,7695.7,4262.6,22111.8,78.5,12221.5
146,0.274,0.273,0.272,0.271,0.27,0.269,0.268,0.267,0.266,0.265,0.275,0.276,0.277,0.278,0.279,0.28,0.281,0.282,0.283,0.284,1183.9,37325.2,25631.4,15977.5,15285.6,1134.3,328.2,2264.4,112.5,7943,24145,9624.1,7197.3,2573,16303.7,7695.7,4262.6,22111.8,78.5,12221.5
147,0.274,0.273,0.272,0.271,0.27,0.269,0.268,0.267,0.266,0.265,0.275,0.276,0.277,0.278,0.279,0.28,0.281,0.282,0.283,0.284,1183.9,46523,25631.4,15977.5,15285.6,1134.3,328.2,2264.4,112.5,7943,25599.5,12904.9,7197.3,2573,16303.7,7695.7,4262.6,22111.8,78.5,12221.5
148,0.274,0.273,0.272,0.271,0.27,0.269,0.268,0.267,0.266,0.265,0.275,0.276,0.277,0.278,0.279,0.28,0.281,0.282,0.283,0.284,1184.5,40631.1,25631.4,15977.5,15285.6,1134.3,328.2,2264.4,112.5,7943,27194,12934.6,7197.3,2573,16303.7,7695.7,4262.6,22111.8,78.5,12221.5
149,0.274,0.273,0.272,0.271,0.27,0.269,0.268,0.267,0.266,0.265,0.275,0.276,0.277,0.278,0.279,0.28,0.281,0.282,0.283,0.284,1887.4,42488.3,25631.4,15977.5,15285.6,1134.3,328.2,2264.4,112.5,7943,25739.5,12943,7197.3,2573,16303.7,7695.7,4262.6,22111.8,78.5,12221.5
150,0.274,0.273,0.272,0.271,0.27,0.269,0.268,0.267,0.266,0.265,0.275,0.276,0.277,0.278,0.279,0.28,0.281,0.282,0.283,0.284,1634,42404.1,25625.7,15977.5,15285.6,1134.3,328.2,2264.4,112.5,7943,25687.5,12858.8,7197.3,2573,16303.7,7695.7,4262.6,22111.8,78.5,12221.5
151,0.274,0.273,0.272,0.271,0.27,0.269,0.268,0.267,0.266,0.265,0.275,0.276,0.277,0.278,0.279,0.28,0.281,0.282,0.283,0.284,2026.7,51254.8,25625.7,15977.5,15285.6,1134.3,328.2,2264.4,112.5,7943,25687.5,12858.8,7197.3,2573,16303.7,7695.7,4262.6,22111.8,78.5,12221.5
152,0.274,0.273,0.272,0.271,0.27,0.269,0.268,0.267,0.266,0.265,0.275,0.276,0.277,0.278,0.279,0.28,0.281,0.282,0.283,0.284,2133.7,48596.6,25625.7,15977.5,15285.6,1134.3,328.2,2264.4,112.5,7943,24429.5,9624.1,7197.3,2573,16303.7,7695.7,4262.6,22111.8,78.5,12221.5
153,0.274,0.273,0.272,0.271,0.27,0.269,0.268,0.267,0.266,0.265,0.275,0.276,0.277,0.278,0.279,0.28,0.281,0.282,0.283,0.284,2133.7,51902.8,25625.7,15977.5,15285.6,1243.3,218.8,2264.4,112.5,7943,24429.5,12858.2,7197.3,2573,16303.7,7695.7,4262.6,22111.8,78.5,12221.5
154,0.274,0.273,0.272,0.271,0.27,0.269,0.268,0.267,0.266,0.265,0.275,0.276,0.277,0.278,0.279,0.28,0.281,0.282,0.283,0.284,1190,42673.6,25625.7,15977.5,15285.6,1243.3,218.8,2264.4,112.5,7943,25884,12858.2,7197.3,2573,16303.7,7695.7,4262.6,22111.8,78.5,12221.5
155,0.273,0.272,0.271,0.27,0.269,0.268,0.267,0.266,0.265,0.263,0.274,0.275,0.276,0.277,0.278,0.279,0.28,0.281,0.282,0.283,47906.9,33157.9,15977.5,15138.4,2291,1213.2,2264.4,112.5,7943,41.4,1130.5,26055.4,12714.5,7197.3,2573,16303.7,6805.4,4262.6,22007.8,12257.9
156,0.273,0.272,0.271,0.27,0.269,0.268,0.267,0.265,0.263,0.259,0.274,0.275,0.276,0.277,0.278,0.279,0.28,0.281,0.282,0.283,44816.5,49099.4,15977.5,14928.7,2501.5,1213.2,2264.4,8056,41.4,40.6,476.1,24552.4,9624.1,7645,2126.2,16303.7,6805.4,4262.6,22007.8,12257.9
157,0.274,0.273,0.272,0.271,0.27,0.269,0.268,0.267,0.265,0.263,0.275,0.276,0.277,0.278,0.279,0.28,0.281,0.282,0.283,0.285,943.7,55777.3,43410.1,15977.5,14928.7,2610.5,109.4,2264.4,8056,41.4,22621.3,12544,7645,2126.2,16303.7,7693.4,4262.6,22007.8,12179.4,36.9
158,0.274,0.273,0.272,0.271,0.27,0.269,0.268,0.267,0.266,0.265,0.275,0.276,0.277,0.278,0.279,0.28,0.281,0.282,0.283,0.285,348.2,52739.7,43913.6,15977.5,14928.7,2501.5,218.8,2264.4,112.5,7943,22405.1,9624.1,7645,2126.2,16303.7,7588.7,4366.9,22014.5,12257.9,36.9
159,0.274,0.273,0.272,0.271,0.27,0.269,0.268,0.267,0.266,0.265,0.275,0.276,0.277,0.278,0.279,0.28,0.281,0.282,0.283,0.285,1902.3,50548.6,43988.5,15977.5,14928.7,1492.6,218.8,2374.2,112.5,7943,22405.1,12909.6,7645,2126.2,16303.7,7588.7,4278.9,22118.5,12257.9,36.9
160,0.274,0.273,0.272,0.271,0.27,0.269,0.268,0.267,0.266,0.265,0.275,0.276,0.277,0.278,0.279,0.28,0.281,0.282,0.283,0.285,975.2,50656,41172.5,15977.5,14928.7,1492.6,328.2,2264.4,112.5,7943,22405.1,12901.3,7645,2126.2,16303.7,7588.7,4278.9,22118.5,12257.9,36.9
161,0.274,0.273,0.272,0.271,0.27,0.269,0.268,0.267,0.266,0.265,0.275,0.276,0.277,0.278,0.279,0.28,0.281,0.282,0.283,0.285,1772.6,50548.6,39273,15977.5,14928.7,1492.6,328.2,2264.4,112.5,7943,23917.6,12925.8,7645,2126.2,16303.7,7588.7,4278.9,22118.5,12257.9,36.9
162,0.274,0.273,0.272,0.271,0.27,0.269,0.268,0.267,0.266,0.265,0.275,0.276,0.277,0.278,0.279,0.28,0.281,0.282,0.283,0.285,975.2,56594.5,35794.2,15977.5,14928.7,1492.6,328.2,2264.4,112.5,7943,24055.6,12907.2,7645,2126.2,16303.7,7588.7,4278.9,22118.5,12257.9,36.9
163,0.273,0.272,0.271,0.27,0.269,0.268,0.267,0.265,0.263,0.259,0.274,0.275,0.276,0.277,0.278,0.279,0.28,0.281,0.282,0.283,42295.4,41036.6,20433.7,15563.7,2656.6,1192.6,2264.4,8056,41.4,40.6,1982.8,25802.2,15015.5,7961.7,1809.5,16303.7,6805.4,4278.9,22014.5,12257.9
164,0.273,0.272,0.271,0.27,0.269,0.268,0.267,0.265,0.263,0.259,0.274,0.275,0.276,0.277,0.278,0.279,0.28,0.281,0.282,0.283,40515.9,51161,20433.7,15672.3,2438.6,1302,2264.4,8056,41.4,40.6,1930.8,25802.2,14834.5,7961.7,1809.5,16303.7,6805.4,4278.9,22014.5,12257.9
165,0.273,0.272,0.271,0.27,0.269,0.268,0.267,0.265,0.263,0.259,0.274,0.275,0.276,0.277,0.278,0.279,0.28,0.281,0.282,0.283,40798.6,34403.9,20433.7,15563.7,2547.6,1302,2264.4,8056,41.4,40.6,1930.8,25802.2,11906.1,7961.7,1809.5,17807.1,5302.9,4278.9,22014.5,12257.9
