timestamp,bid_price_0,bid_price_1,bid_price_2,bid_price_3,bid_price_4,bid_price_5,bid_price_6,bid_price_7,bid_price_8,bid_price_9,ask_price_0,ask_price_1,ask_price_2,ask_price_3,ask_price_4,ask_price_5,ask_price_6,ask_price_7,ask_price_8,ask_price_9,bid_size_0,bid_size_1,bid_size_2,bid_size_3,bid_size_4,bid_size_5,bid_size_6,bid_size_7,bid_size_8,bid_size_9,ask_size_0,ask_size_1,ask_size_2,ask_size_3,ask_size_4,ask_size_5,ask_size_6,ask_size_7,ask_size_8,ask_size_9
0,0.1078,0.1077,0.1076,0.1075,0.1074,0.1073,0.1072,0.1071,0.107,0.1069,0.1079,0.108,0.1081,0.1082,0.1083,0.1084,0.1085,0.1086,0.1087,0.1088,16807,58335,113529,91994,165608,54238,43308,58524,53118,43336,24302,56694,73021,63821,48455,37764,92162,26075,18390,28951
1,0.1078,0.1077,0.1076,0.1075,0.1074,0.1073,0.1072,0.1071,0.107,0.1069,0.1079,0.108,0.1081,0.1082,0.1083,0.1084,0.1085,0.1086,0.1087,0.1088,20471,60525,61594,149590,284826,45136,48249,59729,58676,139892,20464,41980,69421,65059,38195,83992,66806,26094,18390,18807
2,0.1075,0.1074,0.1073,0.1072,0.1071,0.107,0.1069,0.1068,0.1067,0.1066,0.1076,0.1077,0.1078,0.1079,0.108,0.1081,0.1082,0.1083,0.1084,0.1085,9967,50570,100821,69643,291055,159022,181861,171108,44487,2198,24165,76179,59638,51780,43575,80636,21800,24594,24142,35363
3,0.1071,0.107,0.1069,0.1068,0.1067,0.1066,0.1065,0.1064,0.1063,0.1062,0.1072,0.1073,0.1074,0.1075,0.1076,0.1077,0.1078,0.1079,0.108,0.1081,2906,42357,201907,211229,157674,53419,23733,71111,63757,113009,39054,54694,70657,72434,30768,66173,73902,25190,12992,18655
4,0.1069,0.1068,0.1067,0.1066,0.1065,0.1064,0.1063,0.1062,0.1061,0.106,0.107,0.1071,0.1072,0.1073,0.1074,0.1075,0.1076,0.1077,0.1078,0.1079,36638,94721,72050,162088,180381,193055,41621,58672,11783,54194,23815,79459,73290,56906,48807,54860,47283,24569,19612,18002
5,0.1067,0.1066,0.1065,0.1064,0.1063,0.1062,0.1061,0.106,0.1059,0.1058,0.1068,0.1069,0.107,0.1071,0.1072,0.1073,0.1074,0.1075,0.1076,0.1077,10852,110898,153781,276031,116148,125417,44242,17851,105662,60859,35588,92864,70799,45472,73820,77534,28021,18047,18046,12210
6,0.1065,0.1064,0.1063,0.1062,0.1061,0.106,0.1059,0.1058,0.1057,0.1056,0.1066,0.1067,0.1068,0.1069,0.107,0.1071,0.1072,0.1073,0.1074,0.1075,18889,123021,166798,231299,150944,72620,53392,67052,46924,106360,21544,69433,49507,80833,59013,74862,31522,18072,21392,12152
7,0.1065,0.1064,0.1063,0.1062,0.1061,0.106,0.1059,0.1058,0.1057,0.1056,0.1066,0.1067,0.1068,0.1069,0.107,0.1071,0.1072,0.1073,0.1074,0.1075,38476,84650,146848,219677,122776,95027,59914,71770,40271,106360,17698,90508,86782,42776,71212,49171,50290,18119,20457,5179
8,0.1065,0.1064,0.1063,0.1062,0.1061,0.106,0.1059,0.1058,0.1057,0.1056,0.1066,0.1067,0.1068,0.1069,0.107,0.1071,0.1072,0.1073,0.1074,0.1075,4406,53657,92666,150811,191694,148915,71616,78445,40271,106360,37582,99599,97259,47430,80533,49171,24624,16370,7840,5179
9,0.1071,0.107,0.1069,0.1068,0.1067,0.1066,0.1065,0.1064,0.1063,0.1062,0.1072,0.1073,0.1074,0.1075,0.1076,0.1077,0.1078,0.1079,0.108,0.1081,19051,58438,65361,100352,126853,63266,50397,30534,70039,19980,19355,81274,86397,61687,49831,40808,24965,11860,17199,10751
10,0.1069,0.1068,0.1067,0.1066,0.1065,0.1064,0.1063,0.1062,0.1061,0.106,0.107,0.1071,0.1072,0.1073,0.1074,0.1075,0.1076,0.1077,0.1078,0.1079,14238,69479,89380,53166,137569,53026,70034,73196,103958,153493,28118,58364,71034,79168,50897,73188,46146,18987,27144,12989
11,0.1068,0.1067,0.1066,0.1065,0.1064,0.1063,0.1062,0.1061,0.106,0.1059,0.1069,0.107,0.1071,0.1072,0.1073,0.1074,0.1075,0.1076,0.1077,0.1078,30062,83327,162642,113936,74834,99109,73813,214393,11206,75079,21631,70487,74793,44661,54111,66669,72570,24822,12455,18382
12,0.1067,0.1066,0.1065,0.1064,0.1063,0.1062,0.1061,0.106,0.1059,0.1058,0.1068,0.1069,0.107,0.1071,0.1072,0.1073,0.1074,0.1075,0.1076,0.1077,28224,97835,115192,157500,245291,136134,24802,57610,64577,7672,16264,68966,69448,75931,70163,80076,24769,18144,11119,19775
13,0.1067,0.1066,0.1065,0.1064,0.1063,0.1062,0.1061,0.106,0.1059,0.1058,0.1068,0.1069,0.107,0.1071,0.1072,0.1073,0.1074,0.1075,0.1076,0.1077,30791,104917,121146,253860,175185,206333,24802,52914,69287,7672,13490,67530,69449,75938,57985,80077,24769,18144,23297,19755
14,0.1069,0.1068,0.1067,0.1066,0.1065,0.1064,0.1063,0.1062,0.1061,0.106,0.107,0.1071,0.1072,0.1073,0.1074,0.1075,0.1076,0.1077,0.1078,0.1079,26851,86636,70063,59043,185461,91259,160520,108902,56036,40742,26171,64884,82239,97938,51443,74764,18057,19157,24158,19386
15,0.107,0.1069,0.1068,0.1067,0.1066,0.1065,0.1064,0.1063,0.1062,0.1061,0.1071,0.1072,0.1073,0.1074,0.1075,0.1076,0.1077,0.1078,0.1079,0.108,33671,72049,82094,127993,104695,130491,66908,194945,102350,49239,16620,81537,85816,69215,49993,72619,19157,18009,31550,10779
16,0.1071,0.107,0.1069,0.1068,0.1067,0.1066,0.1065,0.1064,0.1063,0.1062,0.1072,0.1073,0.1074,0.1075,0.1076,0.1077,0.1078,0.1079,0.108,0.1081,24877,59954,67576,84240,84391,133316,87563,51942,202956,103261,13592,59681,75541,76399,70075,29428,80504,17795,10972,29402
17,0.1071,0.107,0.1069,0.1068,0.1067,0.1066,0.1065,0.1064,0.1063,0.1062,0.1072,0.1073,0.1074,0.1075,0.1076,0.1077,0.1078,0.1079,0.108,0.1081,17591,69627,51272,66340,79269,102564,138265,269932,43657,25880,36323,105942,77033,50200,66177,55857,45129,16703,22138,17795
18,0.1066,0.1065,0.1064,0.1063,0.1062,0.1061,0.106,0.1059,0.1058,0.1057,0.1067,0.1068,0.1069,0.107,0.1071,0.1072,0.1073,0.1074,0.1075,0.1076,31415,44219,44306,249630,212980,134632,79754,24760,137290,24633,42301,55323,55841,53259,25895,52263,51541,18072,24374,23463
19,0.1067,0.1066,0.1065,0.1064,0.1063,0.1062,0.1061,0.106,0.1059,0.1058,0.1068,0.1069,0.107,0.1071,0.1072,0.1073,0.1074,0.1075,0.1076,0.1077,37855,84038,104113,177568,271791,66915,115373,20971,24144,127858,16879,62328,50621,69017,52261,80209,18072,23075,38013,21345
20,0.1066,0.1065,0.1064,0.1063,0.1062,0.1061,0.106,0.1059,0.1058,0.1057,0.1067,0.1068,0.1069,0.107,0.1071,0.1072,0.1073,0.1074,0.1075,0.1076,26177,91953,157193,197234,170058,91697,41201,100953,117540,19029,18817,83721,56771,47815,46201,81559,25899,18072,34966,29083
21,0.1068,0.1067,0.1066,0.1065,0.1064,0.1063,0.1062,0.1061,0.106,0.1059,0.1069,0.107,0.1071,0.1072,0.1073,0.1074,0.1075,0.1076,0.1077,0.1078,26675,78750,85731,192300,129688,194968,23561,154442,74174,4995,25906,73208,95020,63808,25693,49133,84150,36756,27279,18395
22,0.1069,0.1068,0.1067,0.1066,0.1065,0.1064,0.1063,0.1062,0.1061,0.106,0.107,0.1071,0.1072,0.1073,0.1074,0.1075,0.1076,0.1077,0.1078,0.1079,31814,70403,89594,181428,94059,145546,172333,23561,154132,68256,4511,76350,71395,36267,49133,84766,36115,15383,30356,11094
23,0.1071,0.107,0.1069,0.1068,0.1067,0.1066,0.1065,0.1064,0.1063,0.1062,0.1072,0.1073,0.1074,0.1075,0.1076,0.1077,0.1078,0.1079,0.108,0.1081,39832,80897,101811,99125,122848,53133,39833,64534,247597,18274,18638,64811,75491,77029,44918,69497,53196,10477,34041,10596
24,0.1074,0.1073,0.1072,0.1071,0.107,0.1069,0.1068,0.1067,0.1066,0.1065,0.1075,0.1076,0.1077,0.1078,0.1079,0.108,0.1081,0.1082,0.1083,0.1084,33789,68652,111041,126978,186069,229419,56652,30638,22088,66696,10144,99831,72623,59654,29456,82652,12292,17050,17661,13606
25,0.1075,0.1074,0.1073,0.1072,0.1071,0.107,0.1069,0.1068,0.1067,0.1066,0.1076,0.1077,0.1078,0.1079,0.108,0.1081,0.1082,0.1083,0.1084,0.1085,27735,65617,77173,64013,274394,55629,93356,118601,94168,21812,17782,89349,95482,49386,51193,53228,51858,11829,13904,23792
26,0.1075,0.1074,0.1073,0.1072,0.1071,0.107,0.1069,0.1068,0.1067,0.1066,0.1076,0.1077,0.1078,0.1079,0.108,0.1081,0.1082,0.1083,0.1084,0.1085,2512,64872,73630,84716,129034,110392,18098,95353,146698,90367,56865,86028,73239,82436,83941,27126,45513,24622,1005,19036
27,0.1074,0.1073,0.1072,0.1071,0.107,0.1069,0.1068,0.1067,0.1066,0.1065,0.1075,0.1076,0.1077,0.1078,0.1079,0.108,0.1081,0.1082,0.1083,0.1084,37153,56280,85228,151961,195619,195139,63883,153441,97039,85268,10092,75426,67542,65541,32745,81232,25961,10674,12159,8978
28,0.1079,0.1078,0.1077,0.1076,0.1075,0.1074,0.1073,0.1072,0.1071,0.107,0.108,0.1081,0.1082,0.1083,0.1084,0.1085,0.1086,0.1087,0.1088,0.1089,35929,70172,96297,129740,295111,59065,39435,23668,135384,33016,9652,49786,67250,67207,52211,53341,39371,17459,27423,19996
29,0.1082,0.1081,0.108,0.1079,0.1078,0.1077,0.1076,0.1075,0.1074,0.1073,0.1083,0.1084,0.1085,0.1086,0.1087,0.1088,0.1089,0.109,0.1091,0.1092,10979,48197,108289,159869,348705,89368,67623,34125,58437,16877,36616,76427,72116,46786,50548,80065,25899,15918,18192,25193
30,0.1083,0.1082,0.1081,0.108,0.1079,0.1078,0.1077,0.1076,0.1075,0.1074,0.1084,0.1085,0.1086,0.1087,0.1088,0.1089,0.109,0.1091,0.1092,0.1093,3248,55063,88626,149577,125268,429733,55135,28459,34125,63259,36179,90389,70119,41094,80650,53445,15918,17580,16930,20195
31,0.1076,0.1075,0.1074,0.1073,0.1072,0.1071,0.107,0.1069,0.1068,0.1067,0.1077,0.1078,0.1079,0.108,0.1081,0.1082,0.1083,0.1084,0.1085,0.1086,24840,118321,183575,302649,344754,297145,53173,65619,45675,96072,15674,44022,76944,82483,53520,27615,76397,21906,22992,10177
32,0.1076,0.1075,0.1074,0.1073,0.1072,0.1071,0.107,0.1069,0.1068,0.1067,0.1077,0.1078,0.1079,0.108,0.1081,0.1082,0.1083,0.1084,0.1085,0.1086,29297,110248,115897,167246,566389,149891,46791,65619,49697,96072,15401,50376,84282,62897,49372,31255,76397,19949,22062,18360
33,0.1071,0.107,0.1069,0.1068,0.1067,0.1066,0.1065,0.1064,0.1063,0.1062,0.1072,0.1073,0.1074,0.1075,0.1076,0.1077,0.1078,0.1079,0.108,0.1081,31995,60217,101552,208306,180719,152846,78622,103739,13978,64436,17562,78119,71885,42195,48734,86679,19478,24873,30774,18381
34,0.1071,0.107,0.1069,0.1068,0.1067,0.1066,0.1065,0.1064,0.1063,0.1062,0.1072,0.1073,0.1074,0.1075,0.1076,0.1077,0.1078,0.1079,0.108,0.1081,37873,129495,186373,229223,53922,142482,34331,67380,18648,70618,10020,45109,74093,66225,51884,72798,24602,10440,25088,11207
35,0.1072,0.1071,0.107,0.1069,0.1068,0.1067,0.1066,0.1065,0.1064,0.1063,0.1073,0.1074,0.1075,0.1076,0.1077,0.1078,0.1079,0.108,0.1081,0.1082,41398,101197,73436,92418,156402,106775,160040,106419,89589,18648,10100,76131,68580,43012,50481,63579,26768,10111,18271,10234
36,0.1074,0.1073,0.1072,0.1071,0.107,0.1069,0.1068,0.1067,0.1066,0.1065,0.1075,0.1076,0.1077,0.1078,0.1079,0.108,0.1081,0.1082,0.1083,0.1084,21879,81431,79424,109411,146863,73347,179381,130837,31661,28721,20848,69476,63003,44425,52674,63710,25091,10234,18840,25007
37,0.1072,0.1071,0.107,0.1069,0.1068,0.1067,0.1066,0.1065,0.1064,0.1063,0.1073,0.1074,0.1075,0.1076,0.1077,0.1078,0.1079,0.108,0.1081,0.1082,33195,80863,125219,181804,100308,162458,31661,106392,40877,13971,9864,76912,60101,45363,46180,56837,49676,17045,18504,10234
38,0.1073,0.1072,0.1071,0.107,0.1069,0.1068,0.1067,0.1066,0.1065,0.1064,0.1074,0.1075,0.1076,0.1077,0.1078,0.1079,0.108,0.1081,0.1082,0.1083,32353,73437,94839,165344,416481,46534,190370,31692,142777,44183,4561,69368,43058,64986,56837,74552,16962,18504,10234,25622
39,0.1073,0.1072,0.1071,0.107,0.1069,0.1068,0.1067,0.1066,0.1065,0.1064,0.1074,0.1075,0.1076,0.1077,0.1078,0.1079,0.108,0.1081,0.1082,0.1083,29959,91064,93478,151767,375235,137511,90004,31692,142777,44183,234,64200,47733,68795,56837,74553,16962,18504,10229,25627
40,0.1076,0.1075,0.1074,0.1073,0.1072,0.1071,0.107,0.1069,0.1068,0.1067,0.1077,0.1078,0.1079,0.108,0.1081,0.1082,0.1083,0.1084,0.1085,0.1086,33856,95027,96804,230109,361500,150492,17730,46117,96233,19805,4774,79092,78001,57582,36118,63788,24058,10280,23023,10451
41,0.1075,0.1074,0.1073,0.1072,0.1071,0.107,0.1069,0.1068,0.1067,0.1066,0.1076,0.1077,0.1078,0.1079,0.108,0.1081,0.1082,0.1083,0.1084,0.1085,193,63740,83941,102692,114159,46295,177075,94791,19126,151822,53764,89965,74356,69679,48963,58541,21152,26318,17483,17014
42,0.1073,0.1072,0.1071,0.107,0.1069,0.1068,0.1067,0.1066,0.1065,0.1064,0.1074,0.1075,0.1076,0.1077,0.1078,0.1079,0.108,0.1081,0.1082,0.1083,32001,75657,98107,185869,590705,51396,23762,112459,85271,10559,5977,81499,71191,45409,53655,57531,43447,32152,17191,18829
43,0.1075,0.1074,0.1073,0.1072,0.1071,0.107,0.1069,0.1068,0.1067,0.1066,0.1076,0.1077,0.1078,0.1079,0.108,0.1081,0.1082,0.1083,0.1084,0.1085,30025,91063,87197,149738,536972,134597,118418,55440,19126,33848,8816,61440,74827,65814,20779,79713,60208,19169,11144,28233
44,0.1076,0.1075,0.1074,0.1073,0.1072,0.1071,0.107,0.1069,0.1068,0.1067,0.1077,0.1078,0.1079,0.108,0.1081,0.1082,0.1083,0.1084,0.1085,0.1086,31639,70778,83070,127650,505542,45979,116018,188617,48300,26417,8532,70272,60133,45213,63665,74084,23813,10785,22395,16024
45,0.1075,0.1074,0.1073,0.1072,0.1071,0.107,0.1069,0.1068,0.1067,0.1066,0.1076,0.1077,0.1078,0.1079,0.108,0.1081,0.1082,0.1083,0.1084,0.1085,42810,77416,106111,203124,277066,208761,117143,57221,24109,81159,8534,72595,69394,46034,53041,59500,43244,23719,10530,28233
46,0.1075,0.1074,0.1073,0.1072,0.1071,0.107,0.1069,0.1068,0.1067,0.1066,0.1076,0.1077,0.1078,0.1079,0.108,0.1081,0.1082,0.1083,0.1084,0.1085,34004,76622,52678,78975,260988,525942,55790,126995,26427,86737,4509,58427,32001,72217,59335,87859,23844,17148,10530,28488
47,0.1072,0.1071,0.107,0.1069,0.1068,0.1067,0.1066,0.1065,0.1064,0.1063,0.1073,0.1074,0.1075,0.1076,0.1077,0.1078,0.1079,0.108,0.1081,0.1082,22944,132979,293631,160430,173504,56811,99811,94818,15746,76372,11502,65197,55176,79739,51738,77325,24665,17065,21583,12249
48,0.1069,0.1068,0.1067,0.1066,0.1065,0.1064,0.1063,0.1062,0.1061,0.106,0.107,0.1071,0.1072,0.1073,0.1074,0.1075,0.1076,0.1077,0.1078,0.1079,18261,91122,105837,116249,238584,101274,111859,124473,82183,68479,29226,71556,74016,33858,56010,71654,25282,19524,10462,10854
49,0.1069,0.1068,0.1067,0.1066,0.1065,0.1064,0.1063,0.1062,0.1061,0.106,0.107,0.1071,0.1072,0.1073,0.1074,0.1075,0.1076,0.1077,0.1078,0.1079,57450,34099,88953,190965,83137,141645,32271,124473,77476,68479,4275,76141,66744,61413,56018,51913,50236,19524,11017,19294
50,0.1069,0.1068,0.1067,0.1066,0.1065,0.1064,0.1063,0.1062,0.1061,0.106,0.107,0.1071,0.1072,0.1073,0.1074,0.1075,0.1076,0.1077,0.1078,0.1079,26456,76434,104481,246410,65763,171648,128973,20477,77474,97257,8534,96546,65843,45014,52987,88516,17948,25246,10998,6703
51,0.1071,0.107,0.1069,0.1068,0.1067,0.1066,0.1065,0.1064,0.1063,0.1062,0.1072,0.1073,0.1074,0.1075,0.1076,0.1077,0.1078,0.1079,0.108,0.1081,8534,73480,72028,86586,125259,238034,89639,130416,53952,13885,57384,56994,70933,58007,72105,53190,10998,19325,5175,12728
52,0.107,0.1069,0.1068,0.1067,0.1066,0.1065,0.1064,0.1063,0.1062,0.1061,0.1071,0.1072,0.1073,0.1074,0.1075,0.1076,0.1077,0.1078,0.1079,0.108,14017,49659,83028,91832,201138,102030,183240,56287,85973,39958,38086,45399,88908,79071,54312,72105,25246,10487,6703,10817
53,0.1072,0.1071,0.107,0.1069,0.1068,0.1067,0.1066,0.1065,0.1064,0.1063,0.1073,0.1074,0.1075,0.1076,0.1077,0.1078,0.1079,0.108,0.1081,0.1082,14859,44319,77070,93333,108372,113385,196874,91528,58328,30928,51233,58484,46601,65626,50718,66598,24812,4559,13344,5018
54,0.1075,0.1074,0.1073,0.1072,0.1071,0.107,0.1069,0.1068,0.1067,0.1066,0.1076,0.1077,0.1078,0.1079,0.108,0.1081,0.1082,0.1083,0.1084,0.1085,7066,48518,88371,91542,155080,164292,87950,25234,61817,63214,43859,70589,61130,39687,58514,55569,5633,22971,5414,23629
55,0.1076,0.1075,0.1074,0.1073,0.1072,0.1071,0.107,0.1069,0.1068,0.1067,0.1077,0.1078,0.1079,0.108,0.1081,0.1082,0.1083,0.1084,0.1085,0.1086,11142,54610,88599,120543,160019,105191,85967,110435,32241,57641,64720,61050,65212,36142,79608,39554,17139,11246,23613,5233
56,0.1076,0.1075,0.1074,0.1073,0.1072,0.1071,0.107,0.1069,0.1068,0.1067,0.1077,0.1078,0.1079,0.108,0.1081,0.1082,0.1083,0.1084,0.1085,0.1086,23916,96743,176346,122551,269609,47399,60754,40449,25548,44229,14946,91200,59559,31966,53492,43617,45571,17836,24888,10451
57,0.1074,0.1073,0.1072,0.1071,0.107,0.1069,0.1068,0.1067,0.1066,0.1065,0.1075,0.1076,0.1077,0.1078,0.1079,0.108,0.1081,0.1082,0.1083,0.1084,10870,73530,74197,81782,183287,166217,104540,80044,124464,50231,87501,57291,46358,53294,75198,45290,21081,16040,17134,5414
58,0.1077,0.1076,0.1075,0.1074,0.1073,0.1072,0.1071,0.107,0.1069,0.1068,0.1078,0.1079,0.108,0.1081,0.1082,0.1083,0.1084,0.1085,0.1086,0.1087,28359,92048,75468,170456,250422,63001,19470,60694,40450,24578,27411,62493,41699,62920,43022,50784,46424,23517,16024,17471
59,0.1077,0.1076,0.1075,0.1074,0.1073,0.1072,0.1071,0.107,0.1069,0.1068,0.1078,0.1079,0.108,0.1081,0.1082,0.1083,0.1084,0.1085,0.1086,0.1087,11319,76044,88078,84296,238979,123931,19470,151074,182737,29201,45466,63075,55212,40828,57153,70948,19685,29051,10192,17476
60,0.1075,0.1074,0.1073,0.1072,0.1071,0.107,0.1069,0.1068,0.1067,0.1066,0.1076,0.1077,0.1078,0.1079,0.108,0.1081,0.1082,0.1083,0.1084,0.1085,19189,72859,128105,225380,318703,167545,112538,29201,39593,66246,11205,58704,90606,20321,63414,61903,50635,17747,19685,29051
61,0.1072,0.1071,0.107,0.1069,0.1068,0.1067,0.1066,0.1065,0.1064,0.1063,0.1073,0.1074,0.1075,0.1076,0.1077,0.1078,0.1079,0.108,0.1081,0.1082,43904,72721,128918,277431,104704,118928,160615,69797,55855,27762,7130,77105,66115,41082,51555,45960,39333,23645,21821,23046
62,0.1071,0.107,0.1069,0.1068,0.1067,0.1066,0.1065,0.1064,0.1063,0.1062,0.1072,0.1073,0.1074,0.1075,0.1076,0.1077,0.1078,0.1079,0.108,0.1081,17964,56730,99086,207853,217907,46370,41755,96179,23951,119143,41810,74212,54829,69741,51675,77115,24716,13823,22929,22863
63,0.1068,0.1067,0.1066,0.1065,0.1064,0.1063,0.1062,0.1061,0.106,0.1059,0.1069,0.107,0.1071,0.1072,0.1073,0.1074,0.1075,0.1076,0.1077,0.1078,53121,71101,149450,486656,108376,86968,156971,17374,73916,58042,9393,83103,66162,37396,53875,51417,47780,23607,18589,17558
64,0.1065,0.1064,0.1063,0.1062,0.1061,0.106,0.1059,0.1058,0.1057,0.1056,0.1066,0.1067,0.1068,0.1069,0.107,0.1071,0.1072,0.1073,0.1074,0.1075,5514,88253,77505,117137,77642,109761,217113,112020,100258,16233,24414,83300,73226,41917,49250,82048,24855,18429,17647,9007
65,0.1067,0.1066,0.1065,0.1064,0.1063,0.1062,0.1061,0.106,0.1059,0.1058,0.1068,0.1069,0.107,0.1071,0.1072,0.1073,0.1074,0.1075,0.1076,0.1077,10636,85661,61132,61306,181409,49501,44269,28879,233870,45144,55806,79763,76693,41859,72089,53072,17647,9648,18911,16231
66,0.1066,0.1065,0.1064,0.1063,0.1062,0.1061,0.106,0.1059,0.1058,0.1057,0.1067,0.1068,0.1069,0.107,0.1071,0.1072,0.1073,0.1074,0.1075,0.1076,11508,80460,89863,96391,25077,181678,22352,206661,30803,100333,30654,91154,72934,54660,39052,72086,25023,17647,9007,24732
67,0.1064,0.1063,0.1062,0.1061,0.106,0.1059,0.1058,0.1057,0.1056,0.1055,0.1065,0.1066,0.1067,0.1068,0.1069,0.107,0.1071,0.1072,0.1073,0.1074,28439,106504,142736,328081,127702,194392,101151,100333,29515,50865,14741,84327,67599,37085,62814,78749,25438,25032,18429,17136
68,0.1065,0.1064,0.1063,0.1062,0.1061,0.106,0.1059,0.1058,0.1057,0.1056,0.1066,0.1067,0.1068,0.1069,0.107,0.1071,0.1072,0.1073,0.1074,0.1075,46642,78303,136796,250990,118389,181326,97135,33112,45995,51575,18732,65275,73031,54766,46744,78993,17722,18506,17820,16648
69,0.1067,0.1066,0.1065,0.1064,0.1063,0.1062,0.1061,0.106,0.1059,0.1058,0.1068,0.1069,0.107,0.1071,0.1072,0.1073,0.1074,0.1075,0.1076,0.1077,14310,55073,88461,99449,77766,68913,66749,217507,68974,26087,52087,67658,61124,57346,49997,53766,17136,10881,18918,11224
70,0.1068,0.1067,0.1066,0.1065,0.1064,0.1063,0.1062,0.1061,0.106,0.1059,0.1069,0.107,0.1071,0.1072,0.1073,0.1074,0.1075,0.1076,0.1077,0.1078,6736,55838,98998,146264,67823,52088,38379,198221,92595,60166,27548,66011,63687,72272,73662,51721,10197,17237,5990,19076
71,0.1068,0.1067,0.1066,0.1065,0.1064,0.1063,0.1062,0.1061,0.106,0.1059,0.1069,0.107,0.1071,0.1072,0.1073,0.1074,0.1075,0.1076,0.1077,0.1078,23759,82111,98600,110630,93428,51166,74659,155381,103850,52671,14882,66020,60058,67575,51024,77340,12126,17226,4774,19631
72,0.107,0.1069,0.1068,0.1067,0.1066,0.1065,0.1064,0.1063,0.1062,0.1061,0.1071,0.1072,0.1073,0.1074,0.1075,0.1076,0.1077,0.1078,0.1079,0.108,11064,77415,82764,72143,111343,51207,28186,22863,196025,97626,35098,65568,71224,55520,34086,75570,18186,25235,6910,11591
73,0.107,0.1069,0.1068,0.1067,0.1066,0.1065,0.1064,0.1063,0.1062,0.1061,0.1071,0.1072,0.1073,0.1074,0.1075,0.1076,0.1077,0.1078,0.1079,0.108,29611,75251,92053,305898,53591,48477,64466,77576,179910,27427,8534,96615,65565,43338,60212,72530,18186,18848,12737,16689
74,0.107,0.1069,0.1068,0.1067,0.1066,0.1065,0.1064,0.1063,0.1062,0.1061,0.1071,0.1072,0.1073,0.1074,0.1075,0.1076,0.1077,0.1078,0.1079,0.108,17109,67266,73376,145901,72749,48477,119179,93062,181799,27427,35046,94689,74503,44295,67290,72530,18186,18848,12742,16689
75,0.1075,0.1074,0.1073,0.1072,0.1071,0.107,0.1069,0.1068,0.1067,0.1066,0.1076,0.1077,0.1078,0.1079,0.108,0.1081,0.1082,0.1083,0.1084,0.1085,17580,66443,71957,112155,259714,51031,18736,65795,38405,53627,31049,89002,73229,48602,57344,81634,30589,10595,11738,9380
76,0.1077,0.1076,0.1075,0.1074,0.1073,0.1072,0.1071,0.107,0.1069,0.1068,0.1078,0.1079,0.108,0.1081,0.1082,0.1083,0.1084,0.1085,0.1086,0.1087,9931,60267,62472,128993,332286,48725,62336,25617,59920,49789,43788,83659,70171,53037,49440,66340,30359,16541,11847,6605
77,0.1076,0.1075,0.1074,0.1073,0.1072,0.1071,0.107,0.1069,0.1068,0.1067,0.1077,0.1078,0.1079,0.108,0.1081,0.1082,0.1083,0.1084,0.1085,0.1086,7517,74884,84711,87962,194816,148354,25617,59922,90692,103196,34191,79186,79401,47575,53905,81485,25952,17913,16551,11592
78,0.1083,0.1082,0.1081,0.108,0.1079,0.1078,0.1077,0.1076,0.1075,0.1074,0.1084,0.1085,0.1086,0.1087,0.1088,0.1089,0.109,0.1091,0.1092,0.1093,15844,72255,89737,127085,30260,260534,25508,37365,58097,67495,29281,82642,79788,54996,20138,71873,23173,14144,18433,6856
79,0.108,0.1079,0.1078,0.1077,0.1076,0.1075,0.1074,0.1073,0.1072,0.1071,0.1081,0.1082,0.1083,0.1084,0.1085,0.1086,0.1087,0.1088,0.1089,0.109,15520,103474,102360,109013,207736,62888,45473,31548,56822,63527,28842,63100,55920,70487,52363,57285,51572,23206,12439,17341
80,0.108,0.1079,0.1078,0.1077,0.1076,0.1075,0.1074,0.1073,0.1072,0.1071,0.1081,0.1082,0.1083,0.1084,0.1085,0.1086,0.1087,0.1088,0.1089,0.109,17948,65696,84503,155639,233420,63497,45473,31415,108983,129132,33580,79497,68271,36887,53923,54240,26539,15937,18107,10381
81,0.1082,0.1081,0.108,0.1079,0.1078,0.1077,0.1076,0.1075,0.1074,0.1073,0.1083,0.1084,0.1085,0.1086,0.1087,0.1088,0.1089,0.109,0.1091,0.1092,39043,85460,56985,75273,236410,177102,46207,60418,156968,95055,3014,67604,73294,53769,46858,69687,19382,21760,20015,11479
82,0.1081,0.108,0.1079,0.1078,0.1077,0.1076,0.1075,0.1074,0.1073,0.1072,0.1082,0.1083,0.1084,0.1085,0.1086,0.1087,0.1088,0.1089,0.109,0.1091,8673,62689,92697,175411,253441,80265,106727,125095,170559,17627,29630,72920,61753,49488,53310,80620,20421,25931,21760,19728
83,0.1076,0.1075,0.1074,0.1073,0.1072,0.1071,0.107,0.1069,0.1068,0.1067,0.1077,0.1078,0.1079,0.108,0.1081,0.1082,0.1083,0.1084,0.1085,0.1086,39492,102608,131948,222011,319482,131267,64792,126762,137283,27513,10522,73421,56854,38944,57922,52211,51839,29810,23477,17144
84,0.1078,0.1077,0.1076,0.1075,0.1074,0.1073,0.1072,0.1071,0.107,0.1069,0.1079,0.108,0.1081,0.1082,0.1083,0.1084,0.1085,0.1086,0.1087,0.1088,18135,83215,108715,161095,481858,135158,31243,126960,77662,32298,32301,54491,73862,64487,23953,53069,50009,31449,11172,16838
85,0.1078,0.1077,0.1076,0.1075,0.1074,0.1073,0.1072,0.1071,0.107,0.1069,0.1079,0.108,0.1081,0.1082,0.1083,0.1084,0.1085,0.1086,0.1087,0.1088,28347,93767,75076,134074,443571,329511,96477,30377,47481,42786,13592,70177,60792,46936,45735,70179,27260,24684,10960,16838
86,0.1081,0.108,0.1079,0.1078,0.1077,0.1076,0.1075,0.1074,0.1073,0.1072,0.1082,0.1083,0.1084,0.1085,0.1086,0.1087,0.1088,0.1089,0.109,0.1091,8722,80659,41063,102729,208214,280724,36391,34144,69599,222715,27458,66703,69225,35299,51027,70195,25588,11301,22398,11363
87,0.1079,0.1078,0.1077,0.1076,0.1075,0.1074,0.1073,0.1072,0.1071,0.107,0.108,0.1081,0.1082,0.1083,0.1084,0.1085,0.1086,0.1087,0.1088,0.1089,4419,85713,148979,93548,407804,169450,107285,102972,14633,27870,23491,74672,74307,56354,23019,64677,43114,31428,16838,12449
88,0.1077,0.1076,0.1075,0.1074,0.1073,0.1072,0.1071,0.107,0.1069,0.1068,0.1078,0.1079,0.108,0.1081,0.1082,0.1083,0.1084,0.1085,0.1086,0.1087,14477,78023,82275,102554,593589,66524,153927,77390,38390,108010,22873,66745,71927,63701,26763,116899,25024,26833,18246,18718
89,0.1075,0.1074,0.1073,0.1072,0.1071,0.107,0.1069,0.1068,0.1067,0.1066,0.1076,0.1077,0.1078,0.1079,0.108,0.1081,0.1082,0.1083,0.1084,0.1085,35839,95145,156092,170959,223655,285642,93359,53960,4563,95254,10693,81881,67126,44802,67522,120151,22005,22475,17837,19726
90,0.1075,0.1074,0.1073,0.1072,0.1071,0.107,0.1069,0.1068,0.1067,0.1066,0.1076,0.1077,0.1078,0.1079,0.108,0.1081,0.1082,0.1083,0.1084,0.1085,21679,69975,98689,128808,49769,214919,49974,52661,18998,62771,17677,76031,66463,51000,87051,51637,49368,23163,17837,27445
91,0.1073,0.1072,0.1071,0.107,0.1069,0.1068,0.1067,0.1066,0.1065,0.1064,0.1074,0.1075,0.1076,0.1077,0.1078,0.1079,0.108,0.1081,0.1082,0.1083,23934,89222,118457,161328,117735,42455,28008,145887,8349,64837,12720,72306,67119,56590,28609,90119,47419,23671,20660,16643
92,0.107,0.1069,0.1068,0.1067,0.1066,0.1065,0.1064,0.1063,0.1062,0.1061,0.1071,0.1072,0.1073,0.1074,0.1075,0.1076,0.1077,0.1078,0.1079,0.108,28099,77147,64627,63267,50266,68692,183304,119511,118531,14068,14471,59819,46735,74396,45296,110441,22252,13830,14443,24057
93,0.1071,0.107,0.1069,0.1068,0.1067,0.1066,0.1065,0.1064,0.1063,0.1062,0.1072,0.1073,0.1074,0.1075,0.1076,0.1077,0.1078,0.1079,0.108,0.1081,28990,82542,104843,135799,172898,60495,90262,92111,14399,36287,14948,64087,56774,42351,53393,91388,42380,20413,18795,16586
94,0.1068,0.1067,0.1066,0.1065,0.1064,0.1063,0.1062,0.1061,0.106,0.1059,0.1069,0.107,0.1071,0.1072,0.1073,0.1074,0.1075,0.1076,0.1077,0.1078,7151,79001,95846,97265,138450,200018,10485,48667,67458,29965,22828,75148,54601,39066,57439,123353,22475,20522,16518,14408
95,0.1071,0.107,0.1069,0.1068,0.1067,0.1066,0.1065,0.1064,0.1063,0.1062,0.1072,0.1073,0.1074,0.1075,0.1076,0.1077,0.1078,0.1079,0.108,0.1081,13798,51198,85899,86956,39132,287490,21276,41274,49592,3847,18611,55223,39861,83849,92574,74650,21555,13829,18225,22418
96,0.1071,0.107,0.1069,0.1068,0.1067,0.1066,0.1065,0.1064,0.1063,0.1062,0.1072,0.1073,0.1074,0.1075,0.1076,0.1077,0.1078,0.1079,0.108,0.1081,21336,61712,74562,84308,39058,216996,93076,76619,47348,4462,12722,56805,61423,68658,92574,74390,21555,13829,18225,21802
97,0.1074,0.1073,0.1072,0.1071,0.107,0.1069,0.1068,0.1067,0.1066,0.1065,0.1075,0.1076,0.1077,0.1078,0.1079,0.108,0.1081,0.1082,0.1083,0.1084,23084,53787,86397,94907,58047,37883,36763,48391,135018,156473,16918,61886,66457,90370,50702,80869,24452,14904,22674,17161
98,0.1073,0.1072,0.1071,0.107,0.1069,0.1068,0.1067,0.1066,0.1065,0.1064,0.1074,0.1075,0.1076,0.1077,0.1078,0.1079,0.108,0.1081,0.1082,0.1083,17219,62203,110938,93584,44383,64765,116431,125344,82571,48760,14249,56403,42574,73212,99151,71094,25247,17126,20736,16842
99,0.1077,0.1076,0.1075,0.1074,0.1073,0.1072,0.1071,0.107,0.1069,0.1068,0.1078,0.1079,0.108,0.1081,0.1082,0.1083,0.1084,0.1085,0.1086,0.1087,20220,32840,93535,101751,58569,99274,26935,22933,13874,122548,10477,34202,37409,29375,31519,56223,19048,26039,16739,10552
100,0.1079,0.1078,0.1077,0.1076,0.1075,0.1074,0.1073,0.1072,0.1071,0.107,0.108,0.1081,0.1082,0.1083,0.1084,0.1085,0.1086,0.1087,0.1088,0.1089,14234,64258,69514,99220,109257,61916,27325,64429,33922,18807,21727,30363,36535,33297,25230,50756,32152,10875,18207,7887
101,0.1081,0.108,0.1079,0.1078,0.1077,0.1076,0.1075,0.1074,0.1073,0.1072,0.1082,0.1083,0.1084,0.1085,0.1086,0.1087,0.1088,0.1089,0.109,0.1091,7512,53005,81792,115126,321017,258107,22986,33828,51713,64429,20768,33675,35365,46068,50198,10875,24012,7275,25531,8590
102,0.1081,0.108,0.1079,0.1078,0.1077,0.1076,0.1075,0.1074,0.1073,0.1072,0.1082,0.1083,0.1084,0.1085,0.1086,0.1087,0.1088,0.1089,0.109,0.1091,16039,52777,75144,130904,211809,265742,22986,33828,20291,225685,25975,60872,60683,74331,27660,68531,29844,7275,19003,8590
103,0.1079,0.1078,0.1077,0.1076,0.1075,0.1074,0.1073,0.1072,0.1071,0.107,0.108,0.1081,0.1082,0.1083,0.1084,0.1085,0.1086,0.1087,0.1088,0.1089,10730,69912,98719,161378,278939,94943,24138,159762,95059,84520,24287,46105,63667,56088,19478,78867,42152,24683,17954,11912
104,0.108,0.1079,0.1078,0.1077,0.1076,0.1075,0.1074,0.1073,0.1072,0.1071,0.1081,0.1082,0.1083,0.1084,0.1085,0.1086,0.1087,0.1088,0.1089,0.109,6595,79072,64390,118667,229914,152190,84514,222176,70212,21743,32943,62690,61224,30962,49965,67532,24075,17954,11912,19691
105,0.1083,0.1082,0.1081,0.108,0.1079,0.1078,0.1077,0.1076,0.1075,0.1074,0.1084,0.1085,0.1086,0.1087,0.1088,0.1089,0.109,0.1091,0.1092,0.1093,20941,82521,82528,249273,292987,66120,40816,12414,48645,99976,2730,31449,70146,45190,43471,35196,75676,13854,27659,12638
106,0.1085,0.1084,0.1083,0.1082,0.1081,0.108,0.1079,0.1078,0.1077,0.1076,0.1086,0.1087,0.1088,0.1089,0.109,0.1091,0.1092,0.1093,0.1094,0.1095,7040,42631,78398,111471,237169,253965,30565,46358,40991,11804,32360,64163,56302,52216,29669,66677,22267,18470,6721,16955
107,0.1082,0.1081,0.108,0.1079,0.1078,0.1077,0.1076,0.1075,0.1074,0.1073,0.1083,0.1084,0.1085,0.1086,0.1087,0.1088,0.1089,0.109,0.1091,0.1092,17084,62383,101479,179058,216182,71407,12412,52042,80041,12797,20172,55636,55035,40843,73072,50037,11912,26209,19363,14834
108,0.1082,0.1081,0.108,0.1079,0.1078,0.1077,0.1076,0.1075,0.1074,0.1073,0.1083,0.1084,0.1085,0.1086,0.1087,0.1088,0.1089,0.109,0.1091,0.1092,18888,75599,92817,201352,237897,106425,138650,123842,68510,12797,30828,30642,50900,60619,51924,75933,12748,25600,19363,14834
109,0.1085,0.1084,0.1083,0.1082,0.1081,0.108,0.1079,0.1078,0.1077,0.1076,0.1086,0.1087,0.1088,0.1089,0.109,0.1091,0.1092,0.1093,0.1094,0.1095,32750,84891,46262,124432,316763,43379,40841,11466,104260,209842,13602,34855,44573,49303,68644,46015,43035,19424,12553,16955
110,0.1084,0.1083,0.1082,0.1081,0.108,0.1079,0.1078,0.1077,0.1076,0.1075,0.1085,0.1086,0.1087,0.1088,0.1089,0.109,0.1091,0.1092,0.1093,0.1094,1957,59737,78109,99830,60399,91131,100014,220941,12107,90909,29772,81427,50262,27282,69734,59788,13550,21407,19745,6721
111,0.1081,0.108,0.1079,0.1078,0.1077,0.1076,0.1075,0.1074,0.1073,0.1072,0.1082,0.1083,0.1084,0.1085,0.1086,0.1087,0.1088,0.1089,0.109,0.1091,20754,80831,130639,214563,207209,49839,25252,73428,14648,123640,19213,47613,52016,28301,50400,69173,44049,19844,25585,13550
112,0.1085,0.1084,0.1083,0.1082,0.1081,0.108,0.1079,0.1078,0.1077,0.1076,0.1086,0.1087,0.1088,0.1089,0.109,0.1091,0.1092,0.1093,0.1094,0.1095,19224,85704,55101,42622,45532,102109,24376,18252,308808,12107,13585,38991,39453,58767,47588,73590,16412,18470,11358,16955
113,0.1085,0.1084,0.1083,0.1082,0.1081,0.108,0.1079,0.1078,0.1077,0.1076,0.1086,0.1087,0.1088,0.1089,0.109,0.1091,0.1092,0.1093,0.1094,0.1095,25445,110973,66721,60070,100696,43378,24376,174767,75752,83907,8948,35768,57115,66791,47588,66981,23023,12638,17190,16955
114,0.1086,0.1085,0.1084,0.1083,0.1082,0.1081,0.108,0.1079,0.1078,0.1077,0.1087,0.1088,0.1089,0.109,0.1091,0.1092,0.1093,0.1094,0.1095,0.1096,8839,57328,68691,76359,27948,97993,70524,18913,73196,214584,26574,42359,58558,50984,73612,34727,43813,17623,23599,7100
115,0.109,0.1089,0.1088,0.1087,0.1086,0.1085,0.1084,0.1083,0.1082,0.1081,0.1091,0.1092,0.1093,0.1094,0.1095,0.1096,0.1097,0.1098,0.1099,0.11,14701,30211,86976,78391,84059,85069,41987,33961,11782,17684,15654,60912,46133,44321,59341,34635,18092,12609,12403,161616
116,0.1094,0.1093,0.1092,0.1091,0.109,0.1089,0.1088,0.1087,0.1086,0.1085,0.1095,0.1096,0.1097,0.1098,0.1099,0.11,0.1101,0.1102,0.1103,0.1104,11879,34266,76615,56929,62253,42064,113646,109294,109467,11991,33257,59986,57094,62139,28818,214320,23997,9134,14275,8466
117,0.1094,0.1093,0.1092,0.1091,0.109,0.1089,0.1088,0.1087,0.1086,0.1085,0.1095,0.1096,0.1097,0.1098,0.1099,0.11,0.1101,0.1102,0.1103,0.1104,22435,76078,63774,64120,42517,193096,99022,18289,67971,11991,12936,59907,60640,37286,45423,202917,24225,9134,14275,8466
118,0.1095,0.1094,0.1093,0.1092,0.1091,0.109,0.1089,0.1088,0.1087,0.1086,0.1096,0.1097,0.1098,0.1099,0.11,0.1101,0.1102,0.1103,0.1104,0.1105,4275,61581,78531,59893,46578,60103,53854,25103,18289,67971,21825,54721,55369,33751,152895,75995,9134,20370,8466,15804
119,0.1095,0.1094,0.1093,0.1092,0.1091,0.109,0.1089,0.1088,0.1087,0.1086,0.1096,0.1097,0.1098,0.1099,0.11,0.1101,0.1102,0.1103,0.1104,0.1105,17785,66027,68195,43073,46570,52301,99432,15880,11778,45853,22804,38196,50696,65839,148362,45612,41174,21382,8466,15201
120,0.1097,0.1096,0.1095,0.1094,0.1093,0.1092,0.1091,0.109,0.1089,0.1088,0.1098,0.1099,0.11,0.1101,0.1102,0.1103,0.1104,0.1105,0.1106,0.1107,23066,67784,68870,35589,57908,50954,15048,97982,89087,15880,13203,84431,154963,40140,46156,42848,45732,14217,8995,17018
121,0.1096,0.1095,0.1094,0.1093,0.1092,0.1091,0.109,0.1089,0.1088,0.1087,0.1097,0.1098,0.1099,0.11,0.1101,0.1102,0.1103,0.1104,0.1105,0.1106,16759,80798,56312,56849,76152,70425,41810,20803,94840,31123,5608,65380,51901,50963,22437,47828,42197,16203,19531,11375
122,0.1099,0.1098,0.1097,0.1096,0.1095,0.1094,0.1093,0.1092,0.1091,0.109,0.11,0.1101,0.1102,0.1103,0.1104,0.1105,0.1106,0.1107,0.1108,0.1109,36028,57725,63519,69852,86522,67975,16310,78334,20515,51268,12463,61886,58696,31275,39704,72720,11698,21623,21687,13275
123,0.1098,0.1097,0.1096,0.1095,0.1094,0.1093,0.1092,0.1091,0.109,0.1089,0.1099,0.11,0.1101,0.1102,0.1103,0.1104,0.1105,0.1106,0.1107,0.1108,4418,71105,62194,51809,99977,52884,78334,15089,39114,62245,25575,74573,56059,45108,46913,37198,49969,18189,10830,13065
124,0.1099,0.1098,0.1097,0.1096,0.1095,0.1094,0.1093,0.1092,0.1091,0.109,0.11,0.1101,0.1102,0.1103,0.1104,0.1105,0.1106,0.1107,0.1108,0.1109,10137,83812,79897,39541,95738,58759,21148,96668,15089,39114,24257,55758,58281,29795,40207,51692,43084,10830,13065,13874
125,0.1094,0.1093,0.1092,0.1091,0.109,0.1089,0.1088,0.1087,0.1086,0.1085,0.1095,0.1096,0.1097,0.1098,0.1099,0.11,0.1101,0.1102,0.1103,0.1104,14180,74645,63964,66778,99154,299416,79677,31592,81488,39219,11612,33319,55542,50573,22707,61339,45479,21075,15897,9940
126,0.1097,0.1096,0.1095,0.1094,0.1093,0.1092,0.1091,0.109,0.1089,0.1088,0.1098,0.1099,0.11,0.1101,0.1102,0.1103,0.1104,0.1105,0.1106,0.1107,10869,88820,90389,69437,90763,43536,89525,222300,64515,73122,22593,68004,62409,28181,43515,50322,10941,13229,14129,9087
127,0.1097,0.1096,0.1095,0.1094,0.1093,0.1092,0.1091,0.109,0.1089,0.1088,0.1098,0.1099,0.11,0.1101,0.1102,0.1103,0.1104,0.1105,0.1106,0.1107,24336,84596,64948,55112,93145,82004,27094,93872,212592,67628,5619,70280,60992,32026,50664,47656,17561,22348,14129,9688
128,0.11,0.1099,0.1098,0.1097,0.1096,0.1095,0.1094,0.1093,0.1092,0.1091,0.1101,0.1102,0.1103,0.1104,0.1105,0.1106,0.1107,0.1108,0.1109,0.111,21895,94812,60372,54118,84707,72277,19942,54421,35512,27094,4667,73938,52016,33120,49573,49253,15736,14959,10571,19690
129,0.1095,0.1094,0.1093,0.1092,0.1091,0.109,0.1089,0.1088,0.1087,0.1086,0.1096,0.1097,0.1098,0.1099,0.11,0.1101,0.1102,0.1103,0.1104,0.1105,8494,77254,61493,67347,105508,213544,124638,90774,45419,20793,17108,48676,58162,55016,29228,39650,49377,20863,10941,14331
130,0.1093,0.1092,0.1091,0.109,0.1089,0.1088,0.1087,0.1086,0.1085,0.1084,0.1094,0.1095,0.1096,0.1097,0.1098,0.1099,0.11,0.1101,0.1102,0.1103,23335,109857,292441,109254,59648,59934,45419,72895,108486,14144,13404,42372,61005,57795,27763,48403,48183,20083,14441,14216
131,0.1092,0.1091,0.109,0.1089,0.1088,0.1087,0.1086,0.1085,0.1084,0.1083,0.1093,0.1094,0.1095,0.1096,0.1097,0.1098,0.1099,0.11,0.1101,0.1102,27049,98347,173706,182530,128017,51294,24098,106177,33743,6202,13492,64926,62951,57218,17499,53648,19044,12325,13275,15624
132,0.1089,0.1088,0.1087,0.1086,0.1085,0.1084,0.1083,0.1082,0.1081,0.108,0.109,0.1091,0.1092,0.1093,0.1094,0.1095,0.1096,0.1097,0.1098,0.1099,18400,126882,269207,102200,67801,55425,58594,22357,100915,12630,19046,72948,49332,38292,50074,50609,13408,23013,22294,12781
133,0.1088,0.1087,0.1086,0.1085,0.1084,0.1083,0.1082,0.1081,0.108,0.1079,0.1089,0.109,0.1091,0.1092,0.1093,0.1094,0.1095,0.1096,0.1097,0.1098,17713,74012,115547,134599,148106,123217,19539,151842,590864,52307,17798,65559,56355,37692,47992,44174,15163,18623,14614,30310
134,0.1088,0.1087,0.1086,0.1085,0.1084,0.1083,0.1082,0.1081,0.108,0.1079,0.1089,0.109,0.1091,0.1092,0.1093,0.1094,0.1095,0.1096,0.1097,0.1098,19320,101631,227569,165722,74186,39281,26646,99450,586390,106359,13463,74425,53292,39073,47992,40683,14559,26639,14614,22294
135,0.1088,0.1087,0.1086,0.1085,0.1084,0.1083,0.1082,0.1081,0.108,0.1079,0.1089,0.109,0.1091,0.1092,0.1093,0.1094,0.1095,0.1096,0.1097,0.1098,17968,97422,182930,227560,69158,39281,26646,99450,12165,106359,18232,83571,50975,36920,46841,39154,21331,18623,14614,22294
136,0.1084,0.1083,0.1082,0.1081,0.108,0.1079,0.1078,0.1077,0.1076,0.1075,0.1085,0.1086,0.1087,0.1088,0.1089,0.109,0.1091,0.1092,0.1093,0.1094,24457,66367,95170,211731,122466,42571,49310,83674,72537,11890,21511,67792,49045,32324,48479,47611,11734,13662,13754,11658
137,0.1085,0.1084,0.1083,0.1082,0.1081,0.108,0.1079,0.1078,0.1077,0.1076,0.1086,0.1087,0.1088,0.1089,0.109,0.1091,0.1092,0.1093,0.1094,0.1095,28961,80926,112341,216923,188997,41475,47459,41775,11874,67684,4275,64218,61043,48363,18526,40247,22009,18462,12933,12369
138,0.1085,0.1084,0.1083,0.1082,0.1081,0.108,0.1079,0.1078,0.1077,0.1076,0.1086,0.1087,0.1088,0.1089,0.109,0.1091,0.1092,0.1093,0.1094,0.1095,14335,69533,106244,128595,132739,136516,119259,41775,14149,33992,31157,64249,50219,21208,49220,40238,22768,11871,12933,12611
139,0.1086,0.1085,0.1084,0.1083,0.1082,0.1081,0.108,0.1079,0.1078,0.1077,0.1087,0.1088,0.1089,0.109,0.1091,0.1092,0.1093,0.1094,0.1095,0.1096,12267,42022,82574,78401,54927,122159,177648,95241,36094,20842,23904,56456,57390,60801,40239,46410,11871,22061,16403,13340
140,0.1083,0.1082,0.1081,0.108,0.1079,0.1078,0.1077,0.1076,0.1075,0.1074,0.1084,0.1085,0.1086,0.1087,0.1088,0.1089,0.109,0.1091,0.1092,0.1093,9877,60488,112490,133859,276289,66119,12929,33992,120669,103482,16149,76685,51991,32686,43722,47591,20846,31849,11981,13464
141,0.1084,0.1083,0.1082,0.1081,0.108,0.1079,0.1078,0.1077,0.1076,0.1075,0.1085,0.1086,0.1087,0.1088,0.1089,0.109,0.1091,0.1092,0.1093,0.1094,27391,98620,79382,84441,117645,247700,36707,18953,36272,103908,23529,59921,73309,71414,42335,46819,13415,19664,12189,12721
