timestamp,bid_price_0,bid_price_1,bid_price_2,bid_price_3,bid_price_4,bid_price_5,bid_price_6,bid_price_7,bid_price_8,bid_price_9,ask_price_0,ask_price_1,ask_price_2,ask_price_3,ask_price_4,ask_price_5,ask_price_6,ask_price_7,ask_price_8,ask_price_9,bid_size_0,bid_size_1,bid_size_2,bid_size_3,bid_size_4,bid_size_5,bid_size_6,bid_size_7,bid_size_8,bid_size_9,ask_size_0,ask_size_1,ask_size_2,ask_size_3,ask_size_4,ask_size_5,ask_size_6,ask_size_7,ask_size_8,ask_size_9
0,0.1066,0.1065,0.1064,0.1063,0.1062,0.1061,0.106,0.1059,0.1058,0.1057,0.1067,0.1068,0.1069,0.107,0.1071,0.1072,0.1073,0.1074,0.1075,0.1076,49989,61582,93253,296941,106698,122776,47664,59914,71770,40271,15902,74703,49889,75645,61382,78366,18119,20457,5179,5245
1,0.1065,0.1064,0.1063,0.1062,0.1061,0.106,0.1059,0.1058,0.1057,0.1056,0.1066,0.1067,0.1068,0.1069,0.107,0.1071,0.1072,0.1073,0.1074,0.1075,2245,46187,91753,151724,191694,148915,71616,78445,40271,106360,44315,99599,97259,47430,80533,49171,24624,16370,7840,5179
2,0.1071,0.107,0.1069,0.1068,0.1067,0.1066,0.1065,0.1064,0.1063,0.1062,0.1072,0.1073,0.1074,0.1075,0.1076,0.1077,0.1078,0.1079,0.108,0.1081,31162,58438,68899,94990,132194,63266,50397,35200,64435,19980,19355,85352,89626,63113,49147,40808,24965,11860,17199,10751
3,0.1069,0.1068,0.1067,0.1066,0.1065,0.1064,0.1063,0.1062,0.1061,0.106,0.107,0.1071,0.1072,0.1073,0.1074,0.1075,0.1076,0.1077,0.1078,0.1079,2951,69479,89380,53166,137569,57692,70034,68513,103958,153493,34567,58368,71034,78684,50897,73188,46146,18987,27144,12477
4,0.1068,0.1067,0.1066,0.1065,0.1064,0.1063,0.1062,0.1061,0.106,0.1059,0.1069,0.107,0.1071,0.1072,0.1073,0.1074,0.1075,0.1076,0.1077,0.1078,30062,83327,162642,113936,74834,99109,73813,214393,11206,75079,21631,70487,74793,44661,54111,66669,72570,24822,12455,18382
5,0.1067,0.1066,0.1065,0.1064,0.1063,0.1062,0.1061,0.106,0.1059,0.1058,0.1068,0.1069,0.107,0.1071,0.1072,0.1073,0.1074,0.1075,0.1076,0.1077,26791,97835,115192,167217,245291,136134,24802,52914,69282,7672,16264,66126,69448,75931,70163,80076,24769,18144,11119,20373
6,0.1067,0.1066,0.1065,0.1064,0.1063,0.1062,0.1061,0.106,0.1059,0.1058,0.1068,0.1069,0.107,0.1071,0.1072,0.1073,0.1074,0.1075,0.1076,0.1077,30791,104917,121146,253860,175185,206333,24802,52914,69287,7672,13490,67530,69449,75938,57985,80077,24769,18144,23297,19755
7,0.1069,0.1068,0.1067,0.1066,0.1065,0.1064,0.1063,0.1062,0.1061,0.106,0.107,0.1071,0.1072,0.1073,0.1074,0.1075,0.1076,0.1077,0.1078,0.1079,19839,86636,70063,84637,185461,54979,196800,104219,56036,40742,26171,65341,78051,90889,26233,74764,46027,19755,24158,18874
8,0.107,0.1069,0.1068,0.1067,0.1066,0.1065,0.1064,0.1063,0.1062,0.1061,0.1071,0.1072,0.1073,0.1074,0.1075,0.1076,0.1077,0.1078,0.1079,0.108,33671,72049,82094,127993,104695,130491,66908,194945,102350,49239,16620,81537,85816,69215,49993,72619,19157,18009,31550,10779
9,0.1071,0.107,0.1069,0.1068,0.1067,0.1066,0.1065,0.1064,0.1063,0.1062,0.1072,0.1073,0.1074,0.1075,0.1076,0.1077,0.1078,0.1079,0.108,0.1081,24877,59954,67576,87082,84391,133316,87563,51942,202956,103261,13592,59681,75541,76399,70075,29428,80504,17795,10972,29402
10,0.1071,0.107,0.1069,0.1068,0.1067,0.1066,0.1065,0.1064,0.1063,0.1062,0.1072,0.1073,0.1074,0.1075,0.1076,0.1077,0.1078,0.1079,0.108,0.1081,17591,69627,51272,66340,79269,102564,138265,269932,43657,25880,36323,105942,77033,50200,66177,55857,45129,16703,22138,17795
11,0.1066,0.1065,0.1064,0.1063,0.1062,0.1061,0.106,0.1059,0.1058,0.1057,0.1067,0.1068,0.1069,0.107,0.1071,0.1072,0.1073,0.1074,0.1075,0.1076,31415,44219,44306,249630,212980,134632,79754,24760,137290,24633,42301,55323,55841,53259,25895,52263,51541,18072,24374,23463
12,0.1067,0.1066,0.1065,0.1064,0.1063,0.1062,0.1061,0.106,0.1059,0.1058,0.1068,0.1069,0.107,0.1071,0.1072,0.1073,0.1074,0.1075,0.1076,0.1077,37855,84038,104113,177568,271791,66915,115373,20971,24144,127858,16879,62328,50621,69017,52261,80209,18072,23075,38013,21345
13,0.1066,0.1065,0.1064,0.1063,0.1062,0.1061,0.106,0.1059,0.1058,0.1057,0.1067,0.1068,0.1069,0.107,0.1071,0.1072,0.1073,0.1074,0.1075,0.1076,26177,91953,157193,197234,170058,91697,41201,96248,122254,19029,18817,83721,56771,47815,46201,81559,25899,18072,34966,29724
14,0.1068,0.1067,0.1066,0.1065,0.1064,0.1063,0.1062,0.1061,0.106,0.1059,0.1069,0.107,0.1071,0.1072,0.1073,0.1074,0.1075,0.1076,0.1077,0.1078,26675,78750,85731,192300,129688,194968,23561,154442,74174,4995,25906,73208,95020,63808,25693,49133,84150,36756,27279,18395
15,0.1069,0.1068,0.1067,0.1066,0.1065,0.1064,0.1063,0.1062,0.1061,0.106,0.107,0.1071,0.1072,0.1073,0.1074,0.1075,0.1076,0.1077,0.1078,0.1079,31814,70403,89594,181428,94059,145546,172333,23561,154132,68256,4511,76350,71395,36267,49133,84766,36115,15383,30356,11094
16,0.1071,0.107,0.1069,0.1068,0.1067,0.1066,0.1065,0.1064,0.1063,0.1062,0.1072,0.1073,0.1074,0.1075,0.1076,0.1077,0.1078,0.1079,0.108,0.1081,39832,80897,101811,99125,122848,53133,39833,64534,252267,18274,18638,64811,75491,77029,44918,69497,53196,10477,34041,10596
17,0.1074,0.1073,0.1072,0.1071,0.107,0.1069,0.1068,0.1067,0.1066,0.1065,0.1075,0.1076,0.1077,0.1078,0.1079,0.108,0.1081,0.1082,0.1083,0.1084,33789,68652,111041,126978,160594,229419,56652,30638,22088,66696,10144,99831,72623,59654,29456,82652,12292,17050,17661,13606
18,0.1075,0.1074,0.1073,0.1072,0.1071,0.107,0.1069,0.1068,0.1067,0.1066,0.1076,0.1077,0.1078,0.1079,0.108,0.1081,0.1082,0.1083,0.1084,0.1085,27735,65617,77173,64013,274394,55629,93356,118601,94168,21812,17782,89349,95482,49386,51193,53228,51858,11829,13904,23792
19,0.1075,0.1074,0.1073,0.1072,0.1071,0.107,0.1069,0.1068,0.1067,0.1066,0.1076,0.1077,0.1078,0.1079,0.108,0.1081,0.1082,0.1083,0.1084,0.1085,2512,64872,73630,84716,129034,69248,60215,95353,146698,90367,57333,86494,73239,82436,83941,27126,45513,24622,1005,19036
20,0.1074,0.1073,0.1072,0.1071,0.107,0.1069,0.1068,0.1067,0.1066,0.1065,0.1075,0.1076,0.1077,0.1078,0.1079,0.108,0.1081,0.1082,0.1083,0.1084,37153,56280,85228,151961,195619,195139,63883,153441,97039,85268,10092,75426,67542,65541,32745,81232,25961,10674,12159,8978
21,0.1079,0.1078,0.1077,0.1076,0.1075,0.1074,0.1073,0.1072,0.1071,0.107,0.108,0.1081,0.1082,0.1083,0.1084,0.1085,0.1086,0.1087,0.1088,0.1089,15629,46874,96448,118295,124745,77289,39435,23668,135384,37622,41416,52538,67250,67207,51913,78313,14400,11891,27423,20082
22,0.1082,0.1081,0.108,0.1079,0.1078,0.1077,0.1076,0.1075,0.1074,0.1073,0.1083,0.1084,0.1085,0.1086,0.1087,0.1088,0.1089,0.109,0.1091,0.1092,10979,48197,108289,159869,348705,89368,67623,34125,58437,16877,36616,76427,72116,46786,50548,80065,25899,15918,18192,25193
23,0.1083,0.1082,0.1081,0.108,0.1079,0.1078,0.1077,0.1076,0.1075,0.1074,0.1084,0.1085,0.1086,0.1087,0.1088,0.1089,0.109,0.1091,0.1092,0.1093,3248,55063,88626,149577,125268,404447,55135,28459,34125,63259,35872,90389,70119,41094,80650,53445,15918,17580,16930,20195
24,0.1076,0.1075,0.1074,0.1073,0.1072,0.1071,0.107,0.1069,0.1068,0.1067,0.1077,0.1078,0.1079,0.108,0.1081,0.1082,0.1083,0.1084,0.1085,0.1086,24840,118321,183575,302649,344754,297145,53173,65619,45675,96072,15674,44022,76944,82483,53520,27615,76397,21906,22992,10177
25,0.1076,0.1075,0.1074,0.1073,0.1072,0.1071,0.107,0.1069,0.1068,0.1067,0.1077,0.1078,0.1079,0.108,0.1081,0.1082,0.1083,0.1084,0.1085,0.1086,29297,110248,115897,167246,566389,149891,46791,65619,49697,96072,15401,50376,84282,62897,49372,31255,76397,19949,22062,18360
26,0.1071,0.107,0.1069,0.1068,0.1067,0.1066,0.1065,0.1064,0.1063,0.1062,0.1072,0.1073,0.1074,0.1075,0.1076,0.1077,0.1078,0.1079,0.108,0.1081,31995,60217,101552,208306,180719,152846,78622,103739,13978,64436,17562,78119,71885,42195,48734,86679,19478,24873,30774,18381
27,0.1071,0.107,0.1069,0.1068,0.1067,0.1066,0.1065,0.1064,0.1063,0.1062,0.1072,0.1073,0.1074,0.1075,0.1076,0.1077,0.1078,0.1079,0.108,0.1081,37873,129495,186373,229223,53922,142482,34331,67380,18648,70618,10020,45109,74093,66225,51884,72798,24602,10440,25088,11207
28,0.1072,0.1071,0.107,0.1069,0.1068,0.1067,0.1066,0.1065,0.1064,0.1063,0.1073,0.1074,0.1075,0.1076,0.1077,0.1078,0.1079,0.108,0.1081,0.1082,41398,101197,76048,89800,156401,106775,160040,106419,94250,13978,4421,72543,69896,38716,54661,63579,27383,10111,17845,10617
