timestamp,bid_price_0,bid_price_1,bid_price_2,bid_price_3,bid_price_4,bid_price_5,bid_price_6,bid_price_7,bid_price_8,bid_price_9,ask_price_0,ask_price_1,ask_price_2,ask_price_3,ask_price_4,ask_price_5,ask_price_6,ask_price_7,ask_price_8,ask_price_9,bid_size_0,bid_size_1,bid_size_2,bid_size_3,bid_size_4,bid_size_5,bid_size_6,bid_size_7,bid_size_8,bid_size_9,ask_size_0,ask_size_1,ask_size_2,ask_size_3,ask_size_4,ask_size_5,ask_size_6,ask_size_7,ask_size_8,ask_size_9
0,0.1078,0.1077,0.1076,0.1075,0.1074,0.1073,0.1072,0.1071,0.107,0.1069,0.1079,0.108,0.1081,0.1082,0.1083,0.1084,0.1085,0.1086,0.1087,0.1088,16807,58335,113529,91994,165608,54238,43308,58524,53118,43336,24302,56694,73021,63821,48455,37764,92162,26075,18390,28951
1,0.1078,0.1077,0.1076,0.1075,0.1074,0.1073,0.1072,0.1071,0.107,0.1069,0.1079,0.108,0.1081,0.1082,0.1083,0.1084,0.1085,0.1086,0.1087,0.1088,20471,60525,61594,149590,284826,45136,48249,59729,58676,139892,20464,41980,69421,65059,38195,83992,66806,26094,18390,18807
2,0.1075,0.1074,0.1073,0.1072,0.1071,0.107,0.1069,0.1068,0.1067,0.1066,0.1076,0.1077,0.1078,0.1079,0.108,0.1081,0.1082,0.1083,0.1084,0.1085,9967,50570,100821,69643,291055,159022,181861,171108,44487,2198,24165,76179,59638,51780,43575,80636,21800,24594,24142,35363
3,0.1071,0.107,0.1069,0.1068,0.1067,0.1066,0.1065,0.1064,0.1063,0.1062,0.1072,0.1073,0.1074,0.1075,0.1076,0.1077,0.1078,0.1079,0.108,0.1081,2906,42357,201907,211229,157674,53419,23733,71111,63757,113009,39054,54694,70657,72434,30768,66173,73902,25190,12992,18655
4,0.1069,0.1068,0.1067,0.1066,0.1065,0.1064,0.1063,0.1062,0.1061,0.106,0.107,0.1071,0.1072,0.1073,0.1074,0.1075,0.1076,0.1077,0.1078,0.1079,36638,94721,72050,162088,180381,193055,41621,58672,11783,54194,23815,79459,73290,56906,48807,54860,47283,24569,19612,18002
5,0.1067,0.1066,0.1065,0.1064,0.1063,0.1062,0.1061,0.106,0.1059,0.1058,0.1068,0.1069,0.107,0.1071,0.1072,0.1073,0.1074,0.1075,0.1076,0.1077,10852,110898,153781,276031,116148,125417,44242,17851,105662,60859,35588,92864,70799,45472,73820,77534,28021,18047,18046,12210
6,0.1065,0.1064,0.1063,0.1062,0.1061,0.106,0.1059,0.1058,0.1057,0.1056,0.1066,0.1067,0.1068,0.1069,0.107,0.1071,0.1072,0.1073,0.1074,0.1075,18889,123021,166798,231299,150944,72620,53392,67052,46924,106360,21544,69433,49507,80833,59013,74862,31522,18072,21392,12152
7,0.1065,0.1064,0.1063,0.1062,0.1061,0.106,0.1059,0.1058,0.1057,0.1056,0.1066,0.1067,0.1068,0.1069,0.107,0.1071,0.1072,0.1073,0.1074,0.1075,38476,84650,146848,219677,122776,95027,59914,71770,40271,106360,17698,90508,86782,42776,71212,49171,50290,18119,20457,5179
8,0.1065,0.1064,0.1063,0.1062,0.1061,0.106,0.1059,0.1058,0.1057,0.1056,0.1066,0.1067,0.1068,0.1069,0.107,0.1071,0.1072,0.1073,0.1074,0.1075,4406,53657,92666,150811,191694,148915,71616,78445,40271,106360,37582,99599,97259,47430,80533,49171,24624,16370,7840,5179
9,0.1071,0.107,0.1069,0.1068,0.1067,0.1066,0.1065,0.1064,0.1063,0.1062,0.1072,0.1073,0.1074,0.1075,0.1076,0.1077,0.1078,0.1079,0.108,0.1081,19051,58438,65361,100352,126853,63266,50397,30534,70039,19980,19355,81274,86397,61687,49831,40808,24965,11860,17199,10751
10,0.1069,0.1068,0.1067,0.1066,0.1065,0.1064,0.1063,0.1062,0.1061,0.106,0.107,0.1071,0.1072,0.1073,0.1074,0.1075,0.1076,0.1077,0.1078,0.1079,14238,69479,89380,53166,137569,53026,70034,73196,103958,153493,28118,58364,71034,79168,50897,73188,46146,18987,27144,12989
11,0.1068,0.1067,0.1066,0.1065,0.1064,0.1063,0.1062,0.1061,0.106,0.1059,0.1069,0.107,0.1071,0.1072,0.1073,0.1074,0.1075,0.1076,0.1077,0.1078,30062,83327,162642,113936,74834,99109,73813,214393,11206,75079,21631,70487,74793,44661,54111,66669,72570,24822,12455,18382
12,0.1067,0.1066,0.1065,0.1064,0.1063,0.1062,0.1061,0.106,0.1059,0.1058,0.1068,0.1069,0.107,0.1071,0.1072,0.1073,0.1074,0.1075,0.1076,0.1077,28224,97835,115192,157500,245291,136134,24802,57610,64577,7672,16264,68966,69448,75931,70163,80076,24769,18144,11119,19775
13,0.1067,0.1066,0.1065,0.1064,0.1063,0.1062,0.1061,0.106,0.1059,0.1058,0.1068,0.1069,0.107,0.1071,0.1072,0.1073,0.1074,0.1075,0.1076,0.1077,30791,104917,121146,253860,175185,206333,24802,52914,69287,7672,13490,67530,69449,75938,57985,80077,24769,18144,23297,19755
14,0.1069,0.1068,0.1067,0.1066,0.1065,0.1064,0.1063,0.1062,0.1061,0.106,0.107,0.1071,0.1072,0.1073,0.1074,0.1075,0.1076,0.1077,0.1078,0.1079,26851,86636,70063,59043,185461,91259,160520,108902,56036,40742,26171,64884,82239,97938,51443,74764,18057,19157,24158,19386
15,0.107,0.1069,0.1068,0.1067,0.1066,0.1065,0.1064,0.1063,0.1062,0.1061,0.1071,0.1072,0.1073,0.1074,0.1075,0.1076,0.1077,0.1078,0.1079,0.108,33671,72049,82094,127993,104695,130491,66908,194945,102350,49239,16620,81537,85816,69215,49993,72619,19157,18009,31550,10779
16,0.1071,0.107,0.1069,0.1068,0.1067,0.1066,0.1065,0.1064,0.1063,0.1062,0.1072,0.1073,0.1074,0.1075,0.1076,0.1077,0.1078,0.1079,0.108,0.1081,24877,59954,67576,84240,84391,133316,87563,51942,202956,103261,13592,59681,75541,76399,70075,29428,80504,17795,10972,29402
17,0.1071,0.107,0.1069,0.1068,0.1067,0.1066,0.1065,0.1064,0.1063,0.1062,0.1072,0.1073,0.1074,0.1075,0.1076,0.1077,0.1078,0.1079,0.108,0.1081,17591,69627,51272,66340,79269,102564,138265,269932,43657,25880,36323,105942,77033,50200,66177,55857,45129,16703,22138,17795
18,0.1066,0.1065,0.1064,0.1063,0.1062,0.1061,0.106,0.1059,0.1058,0.1057,0.1067,0.1068,0.1069,0.107,0.1071,0.1072,0.1073,0.1074,0.1075,0.1076,31415,44219,44306,249630,212980,134632,79754,24760,137290,24633,42301,55323,55841,53259,25895,52263,51541,18072,24374,23463
19,0.1067,0.1066,0.1065,0.1064,0.1063,0.1062,0.1061,0.106,0.1059,0.1058,0.1068,0.1069,0.107,0.1071,0.1072,0.1073,0.1074,0.1075,0.1076,0.1077,37855,84038,104113,177568,271791,66915,115373,20971,24144,127858,16879,62328,50621,69017,52261,80209,18072,23075,38013,21345
20,0.1066,0.1065,0.1064,0.1063,0.1062,0.1061,0.106,0.1059,0.1058,0.1057,0.1067,0.1068,0.1069,0.107,0.1071,0.1072,0.1073,0.1074,0.1075,0.1076,26177,91953,157193,197234,170058,91697,41201,100953,117540,19029,18817,83721,56771,47815,46201,81559,25899,18072,34966,29083
