timestamp,bid_price_0,bid_price_1,bid_price_2,bid_price_3,bid_price_4,bid_price_5,bid_price_6,bid_price_7,bid_price_8,bid_price_9,ask_price_0,ask_price_1,ask_price_2,ask_price_3,ask_price_4,ask_price_5,ask_price_6,ask_price_7,ask_price_8,ask_price_9,bid_size_0,bid_size_1,bid_size_2,bid_size_3,bid_size_4,bid_size_5,bid_size_6,bid_size_7,bid_size_8,bid_size_9,ask_size_0,ask_size_1,ask_size_2,ask_size_3,ask_size_4,ask_size_5,ask_size_6,ask_size_7,ask_size_8,ask_size_9
0,0.1078,0.1077,0.1076,0.1075,0.1074,0.1073,0.1072,0.1071,0.107,0.1069,0.1079,0.108,0.1081,0.1082,0.1083,0.1084,0.1085,0.1086,0.1087,0.1088,16807,58335,113529,91994,165608,54238,43308,58524,53118,43336,24302,56694,73021,63821,48455,37764,92162,26075,18390,28951
1,0.1078,0.1077,0.1076,0.1075,0.1074,0.1073,0.1072,0.1071,0.107,0.1069,0.1079,0.108,0.1081,0.1082,0.1083,0.1084,0.1085,0.1086,0.1087,0.1088,20471,60525,61594,149590,284826,45136,48249,59729,58676,139892,20464,41980,69421,65059,38195,83992,66806,26094,18390,18807
2,0.1075,0.1074,0.1073,0.1072,0.1071,0.107,0.1069,0.1068,0.1067,0.1066,0.1076,0.1077,0.1078,0.1079,0.108,0.1081,0.1082,0.1083,0.1084,0.1085,9967,50570,100821,69643,291055,159022,181861,171108,44487,2198,24165,76179,59638,51780,43575,80636,21800,24594,24142,35363
3,0.1071,0.107,0.1069,0.1068,0.1067,0.1066,0.1065,0.1064,0.1063,0.1062,0.1072,0.1073,0.1074,0.1075,0.1076,0.1077,0.1078,0.1079,0.108,0.1081,2906,42357,201907,211229,157674,53419,23733,71111,63757,113009,39054,54694,70657,72434,30768,66173,73902,25190,12992,18655
4,0.1069,0.1068,0.1067,0.1066,0.1065,0.1064,0.1063,0.1062,0.1061,0.106,0.107,0.1071,0.1072,0.1073,0.1074,0.1075,0.1076,0.1077,0.1078,0.1079,36638,94721,72050,162088,180381,193055,41621,58672,11783,54194,23815,79459,73290,56906,48807,54860,47283,24569,19612,18002
5,0.1067,0.1066,0.1065,0.1064,0.1063,0.1062,0.1061,0.106,0.1059,0.1058,0.1068,0.1069,0.107,0.1071,0.1072,0.1073,0.1074,0.1075,0.1076,0.1077,10852,110898,153781,276031,116148,125417,44242,17851,105662,60859,35588,92864,70799,45472,73820,77534,28021,18047,18046,12210
6,0.1065,0.1064,0.1063,0.1062,0.1061,0.106,0.1059,0.1058,0.1057,0.1056,0.1066,0.1067,0.1068,0.1069,0.107,0.1071,0.1072,0.1073,0.1074,0.1075,18889,123021,166798,231299,150944,72620,53392,67052,46924,106360,21544,69433,49507,80833,59013,74862,31522,18072,21392,12152
7,0.1065,0.1064,0.1063,0.1062,0.1061,0.106,0.1059,0.1058,0.1057,0.1056,0.1066,0.1067,0.1068,0.1069,0.107,0.1071,0.1072,0.1073,0.1074,0.1075,38476,84650,146848,219677,122776,95027,59914,71770,40271,106360,17698,90508,86782,42776,71212,49171,50290,18119,20457,5179
8,0.1065,0.1064,0.1063,0.1062,0.1061,0.106,0.1059,0.1058,0.1057,0.1056,0.1066,0.1067,0.1068,0.1069,0.107,0.1071,0.1072,0.1073,0.1074,0.1075,4406,53657,92666,150811,191694,148915,71616,78445,40271,106360,37582,99599,97259,47430,80533,49171,24624,16370,7840,5179
9,0.1071,0.107,0.1069,0.1068,0.1067,0.1066,0.1065,0.1064,0.1063,0.1062,0.1072,0.1073,0.1074,0.1075,0.1076,0.1077,0.1078,0.1079,0.108,0.1081,19051,58438,65361,100352,126853,63266,50397,30534,70039,19980,19355,81274,86397,61687,49831,40808,24965,11860,17199,10751
10,0.1069,0.1068,0.1067,0.1066,0.1065,0.1064,0.1063,0.1062,0.1061,0.106,0.107,0.1071,0.1072,0.1073,0.1074,0.1075,0.1076,0.1077,0.1078,0.1079,14238,69479,89380,53166,137569,53026,70034,73196,103958,153493,28118,58364,71034,79168,50897,73188,46146,18987,27144,12989
11,0.1068,0.1067,0.1066,0.1065,0.1064,0.1063,0.1062,0.1061,0.106,0.1059,0.1069,0.107,0.1071,0.1072,0.1073,0.1074,0.1075,0.1076,0.1077,0.1078,30062,83327,162642,113936,74834,99109,73813,214393,11206,75079,21631,70487,74793,44661,54111,66669,72570,24822,12455,18382
12,0.1067,0.1066,0.1065,0.1064,0.1063,0.1062,0.1061,0.106,0.1059,0.1058,0.1068,0.1069,0.107,0.1071,0.1072,0.1073,0.1074,0.1075,0.1076,0.1077,28224,97835,115192,157500,245291,136134,24802,57610,64577,7672,16264,68966,69448,75931,70163,80076,24769,18144,11119,19775
13,0.1067,0.1066,0.1065,0.1064,0.1063,0.1062,0.1061,0.106,0.1059,0.1058,0.1068,0.1069,0.107,0.1071,0.1072,0.1073,0.1074,0.1075,0.1076,0.1077,30791,104917,121146,253860,175185,206333,24802,52914,69287,7672,13490,67530,69449,75938,57985,80077,24769,18144,23297,19755
14,0.1069,0.1068,0.1067,0.1066,0.1065,0.1064,0.1063,0.1062,0.1061,0.106,0.107,0.1071,0.1072,0.1073,0.1074,0.1075,0.1076,0.1077,0.1078,0.1079,26851,86636,70063,59043,185461,91259,160520,108902,56036,40742,26171,64884,82239,97938,51443,74764,18057,19157,24158,19386
15,0.107,0.1069,0.1068,0.1067,0.1066,0.1065,0.1064,0.1063,0.1062,0.1061,0.1071,0.1072,0.1073,0.1074,0.1075,0.1076,0.1077,0.1078,0.1079,0.108,33671,72049,82094,127993,104695,130491,66908,194945,102350,49239,16620,81537,85816,69215,49993,72619,19157,18009,31550,10779
16,0.1071,0.107,0.1069,0.1068,0.1067,0.1066,0.1065,0.1064,0.1063,0.1062,0.1072,0.1073,0.1074,0.1075,0.1076,0.1077,0.1078,0.1079,0.108,0.1081,24877,59954,67576,84240,84391,133316,87563,51942,202956,103261,13592,59681,75541,76399,70075,29428,80504,17795,10972,29402
17,0.1071,0.107,0.1069,0.1068,0.1067,0.1066,0.1065,0.1064,0.1063,0.1062,0.1072,0.1073,0.1074,0.1075,0.1076,0.1077,0.1078,0.1079,0.108,0.1081,17591,69627,51272,66340,79269,102564,138265,269932,43657,25880,36323,105942,77033,50200,66177,55857,45129,16703,22138,17795
18,0.1066,0.1065,0.1064,0.1063,0.1062,0.1061,0.106,0.1059,0.1058,0.1057,0.1067,0.1068,0.1069,0.107,0.1071,0.1072,0.1073,0.1074,0.1075,0.1076,31415,44219,44306,249630,212980,134632,79754,24760,137290,24633,42301,55323,55841,53259,25895,52263,51541,18072,24374,23463
19,0.1067,0.1066,0.1065,0.1064,0.1063,0.1062,0.1061,0.106,0.1059,0.1058,0.1068,0.1069,0.107,0.1071,0.1072,0.1073,0.1074,0.1075,0.1076,0.1077,37855,84038,104113,177568,271791,66915,115373,20971,24144,127858,16879,62328,50621,69017,52261,80209,18072,23075,38013,21345
20,0.1066,0.1065,0.1064,0.1063,0.1062,0.1061,0.106,0.1059,0.1058,0.1057,0.1067,0.1068,0.1069,0.107,0.1071,0.1072,0.1073,0.1074,0.1075,0.1076,26177,91953,157193,197234,170058,91697,41201,100953,117540,19029,18817,83721,56771,47815,46201,81559,25899,18072,34966,29083
21,0.1068,0.1067,0.1066,0.1065,0.1064,0.1063,0.1062,0.1061,0.106,0.1059,0.1069,0.107,0.1071,0.1072,0.1073,0.1074,0.1075,0.1076,0.1077,0.1078,26675,78750,85731,192300,129688,194968,23561,154442,74174,4995,25906,73208,95020,63808,25693,49133,84150,36756,27279,18395
22,0.1069,0.1068,0.1067,0.1066,0.1065,0.1064,0.1063,0.1062,0.1061,0.106,0.107,0.1071,0.1072,0.1073,0.1074,0.1075,0.1076,0.1077,0.1078,0.1079,31814,70403,89594,181428,94059,145546,172333,23561,154132,68256,4511,76350,71395,36267,49133,84766,36115,15383,30356,11094
23,0.1071,0.107,0.1069,0.1068,0.1067,0.1066,0.1065,0.1064,0.1063,0.1062,0.1072,0.1073,0.1074,0.1075,0.1076,0.1077,0.1078,0.1079,0.108,0.1081,39832,80897,101811,99125,122848,53133,39833,64534,247597,18274,18638,64811,75491,77029,44918,69497,53196,10477,34041,10596
24,0.1074,0.1073,0.1072,0.1071,0.107,0.1069,0.1068,0.1067,0.1066,0.1065,0.1075,0.1076,0.1077,0.1078,0.1079,0.108,0.1081,0.1082,0.1083,0.1084,33789,68652,111041,126978,186069,229419,56652,30638,22088,66696,10144,99831,72623,59654,29456,82652,12292,17050,17661,13606
25,0.1075,0.1074,0.1073,0.1072,0.1071,0.107,0.1069,0.1068,0.1067,0.1066,0.1076,0.1077,0.1078,0.1079,0.108,0.1081,0.1082,0.1083,0.1084,0.1085,27735,65617,77173,64013,274394,55629,93356,118601,94168,21812,17782,89349,95482,49386,51193,53228,51858,11829,13904,23792
26,0.1075,0.1074,0.1073,0.1072,0.1071,0.107,0.1069,0.1068,0.1067,0.1066,0.1076,0.1077,0.1078,0.1079,0.108,0.1081,0.1082,0.1083,0.1084,0.1085,2512,64872,73630,84716,129034,110392,18098,95353,146698,90367,56865,86028,73239,82436,83941,27126,45513,24622,1005,19036
27,0.1074,0.1073,0.1072,0.1071,0.107,0.1069,0.1068,0.1067,0.1066,0.1065,0.1075,0.1076,0.1077,0.1078,0.1079,0.108,0.1081,0.1082,0.1083,0.1084,37153,56280,85228,151961,195619,195139,63883,153441,97039,85268,10092,75426,67542,65541,32745,81232,25961,10674,12159,8978
28,0.1079,0.1078,0.1077,0.1076,0.1075,0.1074,0.1073,0.1072,0.1071,0.107,0.108,0.1081,0.1082,0.1083,0.1084,0.1085,0.1086,0.1087,0.1088,0.1089,35929,70172,96297,129740,295111,59065,39435,23668,135384,33016,9652,49786,67250,67207,52211,53341,39371,17459,27423,19996
29,0.1082,0.1081,0.108,0.1079,0.1078,0.1077,0.1076,0.1075,0.1074,0.1073,0.1083,0.1084,0.1085,0.1086,0.1087,0.1088,0.1089,0.109,0.1091,0.1092,10979,48197,108289,159869,348705,89368,67623,34125,58437,16877,36616,76427,72116,46786,50548,80065,25899,15918,18192,25193
30,0.1083,0.1082,0.1081,0.108,0.1079,0.1078,0.1077,0.1076,0.1075,0.1074,0.1084,0.1085,0.1086,0.1087,0.1088,0.1089,0.109,0.1091,0.1092,0.1093,3248,55063,88626,149577,125268,429733,55135,28459,34125,63259,36179,90389,70119,41094,80650,53445,15918,17580,16930,20195
31,0.1076,0.1075,0.1074,0.1073,0.1072,0.1071,0.107,0.1069,0.1068,0.1067,0.1077,0.1078,0.1079,0.108,0.1081,0.1082,0.1083,0.1084,0.1085,0.1086,24840,118321,183575,302649,344754,297145,53173,65619,45675,96072,15674,44022,76944,82483,53520,27615,76397,21906,22992,10177
32,0.1076,0.1075,0.1074,0.1073,0.1072,0.1071,0.107,0.1069,0.1068,0.1067,0.1077,0.1078,0.1079,0.108,0.1081,0.1082,0.1083,0.1084,0.1085,0.1086,29297,110248,115897,167246,566389,149891,46791,65619,49697,96072,15401,50376,84282,62897,49372,31255,76397,19949,22062,18360
33,0.1071,0.107,0.1069,0.1068,0.1067,0.1066,0.1065,0.1064,0.1063,0.1062,0.1072,0.1073,0.1074,0.1075,0.1076,0.1077,0.1078,0.1079,0.108,0.1081,31995,60217,101552,208306,180719,152846,78622,103739,13978,64436,17562,78119,71885,42195,48734,86679,19478,24873,30774,18381
34,0.1071,0.107,0.1069,0.1068,0.1067,0.1066,0.1065,0.1064,0.1063,0.1062,0.1072,0.1073,0.1074,0.1075,0.1076,0.1077,0.1078,0.1079,0.108,0.1081,37873,129495,186373,229223,53922,142482,34331,67380,18648,70618,10020,45109,74093,66225,51884,72798,24602,10440,25088,11207
35,0.1072,0.1071,0.107,0.1069,0.1068,0.1067,0.1066,0.1065,0.1064,0.1063,0.1073,0.1074,0.1075,0.1076,0.1077,0.1078,0.1079,0.108,0.1081,0.1082,41398,101197,73436,92418,156402,106775,160040,106419,89589,18648,10100,76131,68580,43012,50481,63579,26768,10111,18271,10234
36,0.1074,0.1073,0.1072,0.1071,0.107,0.1069,0.1068,0.1067,0.1066,0.1065,0.1075,0.1076,0.1077,0.1078,0.1079,0.108,0.1081,0.1082,0.1083,0.1084,21879,81431,79424,109411,146863,73347,179381,130837,31661,28721,20848,69476,63003,44425,52674,63710,25091,10234,18840,25007
37,0.1072,0.1071,0.107,0.1069,0.1068,0.1067,0.1066,0.1065,0.1064,0.1063,0.1073,0.1074,0.1075,0.1076,0.1077,0.1078,0.1079,0.108,0.1081,0.1082,33195,80863,125219,181804,100308,162458,31661,106392,40877,13971,9864,76912,60101,45363,46180,56837,49676,17045,18504,10234
38,0.1073,0.1072,0.1071,0.107,0.1069,0.1068,0.1067,0.1066,0.1065,0.1064,0.1074,0.1075,0.1076,0.1077,0.1078,0.1079,0.108,0.1081,0.1082,0.1083,32353,73437,94839,165344,416481,46534,190370,31692,142777,44183,4561,69368,43058,64986,56837,74552,16962,18504,10234,25622
39,0.1073,0.1072,0.1071,0.107,0.1069,0.1068,0.1067,0.1066,0.1065,0.1064,0.1074,0.1075,0.1076,0.1077,0.1078,0.1079,0.108,0.1081,0.1082,0.1083,29959,91064,93478,151767,375235,137511,90004,31692,142777,44183,234,64200,47733,68795,56837,74553,16962,18504,10229,25627
40,0.1076,0.1075,0.1074,0.1073,0.1072,0.1071,0.107,0.1069,0.1068,0.1067,0.1077,0.1078,0.1079,0.108,0.1081,0.1082,0.1083,0.1084,0.1085,0.1086,33856,95027,96804,230109,361500,150492,17730,46117,96233,19805,4774,79092,78001,57582,36118,63788,24058,10280,23023,10451
41,0.1075,0.1074,0.1073,0.1072,0.1071,0.107,0.1069,0.1068,0.1067,0.1066,0.1076,0.1077,0.1078,0.1079,0.108,0.1081,0.1082,0.1083,0.1084,0.1085,193,63740,83941,102692,114159,46295,177075,94791,19126,151822,53764,89965,74356,69679,48963,58541,21152,26318,17483,17014
42,0.1073,0.1072,0.1071,0.107,0.1069,0.1068,0.1067,0.1066,0.1065,0.1064,0.1074,0.1075,0.1076,0.1077,0.1078,0.1079,0.108,0.1081,0.1082,0.1083,32001,75657,98107,185869,590705,51396,23762,112459,85271,10559,5977,81499,71191,45409,53655,57531,43447,32152,17191,18829
43,0.1075,0.1074,0.1073,0.1072,0.1071,0.107,0.1069,0.1068,0.1067,0.1066,0.1076,0.1077,0.1078,0.1079,0.108,0.1081,0.1082,0.1083,0.1084,0.1085,30025,91063,87197,149738,536972,134597,118418,55440,19126,33848,8816,61440,74827,65814,20779,79713,60208,19169,11144,28233
44,0.1076,0.1075,0.1074,0.1073,0.1072,0.1071,0.107,0.1069,0.1068,0.1067,0.1077,0.1078,0.1079,0.108,0.1081,0.1082,0.1083,0.1084,0.1085,0.1086,31639,70778,83070,127650,505542,45979,116018,188617,48300,26417,8532,70272,60133,45213,63665,74084,23813,10785,22395,16024
45,0.1075,0.1074,0.1073,0.1072,0.1071,0.107,0.1069,0.1068,0.1067,0.1066,0.1076,0.1077,0.1078,0.1079,0.108,0.1081,0.1082,0.1083,0.1084,0.1085,42810,77416,106111,203124,277066,208761,117143,57221,24109,81159,8534,72595,69394,46034,53041,59500,43244,23719,10530,28233
46,0.1075,0.1074,0.1073,0.1072,0.1071,0.107,0.1069,0.1068,0.1067,0.1066,0.1076,0.1077,0.1078,0.1079,0.108,0.1081,0.1082,0.1083,0.1084,0.1085,34004,76622,52678,78975,260988,525942,55790,126995,26427,86737,4509,58427,32001,72217,59335,87859,23844,17148,10530,28488
