timestamp,bid_price_0,bid_price_1,bid_price_2,bid_price_3,bid_price_4,bid_price_5,bid_price_6,bid_price_7,bid_price_8,bid_price_9,ask_price_0,ask_price_1,ask_price_2,ask_price_3,ask_price_4,ask_price_5,ask_price_6,ask_price_7,ask_price_8,ask_price_9,bid_size_0,bid_size_1,bid_size_2,bid_size_3,bid_size_4,bid_size_5,bid_size_6,bid_size_7,bid_size_8,bid_size_9,ask_size_0,ask_size_1,ask_size_2,ask_size_3,ask_size_4,ask_size_5,ask_size_6,ask_size_7,ask_size_8,ask_size_9
0,0.1078,0.1077,0.1076,0.1075,0.1074,0.1073,0.1072,0.1071,0.107,0.1069,0.1079,0.108,0.1081,0.1082,0.1083,0.1084,0.1085,0.1086,0.1087,0.1088,16807,58335,113529,91994,165608,54238,43308,58524,53118,43336,24302,56694,73021,63821,48455,37764,92162,26075,18390,28951
1,0.1078,0.1077,0.1076,0.1075,0.1074,0.1073,0.1072,0.1071,0.107,0.1069,0.1079,0.108,0.1081,0.1082,0.1083,0.1084,0.1085,0.1086,0.1087,0.1088,20471,60525,61594,149590,284826,45136,48249,59729,58676,139892,20464,41980,69421,65059,38195,83992,66806,26094,18390,18807
2,0.1075,0.1074,0.1073,0.1072,0.1071,0.107,0.1069,0.1068,0.1067,0.1066,0.1076,0.1077,0.1078,0.1079,0.108,0.1081,0.1082,0.1083,0.1084,0.1085,9967,50570,100821,69643,291055,159022,181861,171108,44487,2198,24165,76179,59638,51780,43575,80636,21800,24594,24142,35363
3,0.1071,0.107,0.1069,0.1068,0.1067,0.1066,0.1065,0.1064,0.1063,0.1062,0.1072,0.1073,0.1074,0.1075,0.1076,0.1077,0.1078,0.1079,0.108,0.1081,2906,42357,201907,211229,157674,53419,23733,71111,63757,113009,39054,54694,70657,72434,30768,66173,73902,25190,12992,18655
4,0.1069,0.1068,0.1067,0.1066,0.1065,0.1064,0.1063,0.1062,0.1061,0.106,0.107,0.1071,0.1072,0.1073,0.1074,0.1075,0.1076,0.1077,0.1078,0.1079,36638,94721,72050,162088,180381,193055,41621,58672,11783,54194,23815,79459,73290,56906,48807,54860,47283,24569,19612,18002
5,0.1067,0.1066,0.1065,0.1064,0.1063,0.1062,0.1061,0.106,0.1059,0.1058,0.1068,0.1069,0.107,0.1071,0.1072,0.1073,0.1074,0.1075,0.1076,0.1077,10852,110898,153781,276031,116148,125417,44242,17851,105662,60859,35588,92864,70799,45472,73820,77534,28021,18047,18046,12210
6,0.1065,0.1064,0.1063,0.1062,0.1061,0.106,0.1059,0.1058,0.1057,0.1056,0.1066,0.1067,0.1068,0.1069,0.107,0.1071,0.1072,0.1073,0.1074,0.1075,18889,123021,166798,231299,150944,72620,53392,67052,46924,106360,21544,69433,49507,80833,59013,74862,31522,18072,21392,12152
7,0.1065,0.1064,0.1063,0.1062,0.1061,0.106,0.1059,0.1058,0.1057,0.1056,0.1066,0.1067,0.1068,0.1069,0.107,0.1071,0.1072,0.1073,0.1074,0.1075,38476,84650,146848,219677,122776,95027,59914,71770,40271,106360,17698,90508,86782,42776,71212,49171,50290,18119,20457,5179
8,0.1065,0.1064,0.1063,0.1062,0.1061,0.106,0.1059,0.1058,0.1057,0.1056,0.1066,0.1067,0.1068,0.1069,0.107,0.1071,0.1072,0.1073,0.1074,0.1075,4406,53657,92666,150811,191694,148915,71616,78445,40271,106360,37582,99599,97259,47430,80533,49171,24624,16370,7840,5179
9,0.1071,0.107,0.1069,0.1068,0.1067,0.1066,0.1065,0.1064,0.1063,0.1062,0.1072,0.1073,0.1074,0.1075,0.1076,0.1077,0.1078,0.1079,0.108,0.1081,19051,58438,65361,100352,126853,63266,50397,30534,70039,19980,19355,81274,86397,61687,49831,40808,24965,11860,17199,10751
10,0.1069,0.1068,0.1067,0.1066,0.1065,0.1064,0.1063,0.1062,0.1061,0.106,0.107,0.1071,0.1072,0.1073,0.1074,0.1075,0.1076,0.1077,0.1078,0.1079,14238,69479,89380,53166,137569,53026,70034,73196,103958,153493,28118,58364,71034,79168,50897,73188,46146,18987,27144,12989
11,0.1068,0.1067,0.1066,0.1065,0.1064,0.1063,0.1062,0.1061,0.106,0.1059,0.1069,0.107,0.1071,0.1072,0.1073,0.1074,0.1075,0.1076,0.1077,0.1078,30062,83327,162642,113936,74834,99109,73813,214393,11206,75079,21631,70487,74793,44661,54111,66669,72570,24822,12455,18382
12,0.1067,0.1066,0.1065,0.1064,0.1063,0.1062,0.1061,0.106,0.1059,0.1058,0.1068,0.1069,0.107,0.1071,0.1072,0.1073,0.1074,0.1075,0.1076,0.1077,28224,97835,115192,157500,245291,136134,24802,57610,64577,7672,16264,68966,69448,75931,70163,80076,24769,18144,11119,19775
13,0.1067,0.1066,0.1065,0.1064,0.1063,0.1062,0.1061,0.106,0.1059,0.1058,0.1068,0.1069,0.107,0.1071,0.1072,0.1073,0.1074,0.1075,0.1076,0.1077,30791,104917,121146,253860,175185,206333,24802,52914,69287,7672,13490,67530,69449,75938,57985,80077,24769,18144,23297,19755
14,0.1069,0.1068,0.1067,0.1066,0.1065,0.1064,0.1063,0.1062,0.1061,0.106,0.107,0.1071,0.1072,0.1073,0.1074,0.1075,0.1076,0.1077,0.1078,0.1079,26851,86636,70063,59043,185461,91259,160520,108902,56036,40742,26171,64884,82239,97938,51443,74764,18057,19157,24158,19386
15,0.107,0.1069,0.1068,0.1067,0.1066,0.1065,0.1064,0.1063,0.1062,0.1061,0.1071,0.1072,0.1073,0.1074,0.1075,0.1076,0.1077,0.1078,0.1079,0.108,33671,72049,82094,127993,104695,130491,66908,194945,102350,49239,16620,81537,85816,69215,49993,72619,19157,18009,31550,10779
16,0.1071,0.107,0.1069,0.1068,0.1067,0.1066,0.1065,0.1064,0.1063,0.1062,0.1072,0.1073,0.1074,0.1075,0.1076,0.1077,0.1078,0.1079,0.108,0.1081,24877,59954,67576,84240,84391,133316,87563,51942,202956,103261,13592,59681,75541,76399,70075,29428,80504,17795,10972,29402
17,0.1071,0.107,0.1069,0.1068,0.1067,0.1066,0.1065,0.1064,0.1063,0.1062,0.1072,0.1073,0.1074,0.1075,0.1076,0.1077,0.1078,0.1079,0.108,0.1081,17591,69627,51272,66340,79269,102564,138265,269932,43657,25880,36323,105942,77033,50200,66177,55857,45129,16703,22138,17795
18,0.1066,0.1065,0.1064,0.1063,0.1062,0.1061,0.106,0.1059,0.1058,0.1057,0.1067,0.1068,0.1069,0.107,0.1071,0.1072,0.1073,0.1074,0.1075,0.1076,31415,44219,44306,249630,212980,134632,79754,24760,137290,24633,42301,55323,55841,53259,25895,52263,51541,18072,24374,23463
19,0.1067,0.1066,0.1065,0.1064,0.1063,0.1062,0.1061,0.106,0.1059,0.1058,0.1068,0.1069,0.107,0.1071,0.1072,0.1073,0.1074,0.1075,0.1076,0.1077,37855,84038,104113,177568,271791,66915,115373,20971,24144,127858,16879,62328,50621,69017,52261,80209,18072,23075,38013,21345
20,0.1066,0.1065,0.1064,0.1063,0.1062,0.1061,0.106,0.1059,0.1058,0.1057,0.1067,0.1068,0.1069,0.107,0.1071,0.1072,0.1073,0.1074,0.1075,0.1076,26177,91953,157193,197234,170058,91697,41201,100953,117540,19029,18817,83721,56771,47815,46201,81559,25899,18072,34966,29083
21,0.1068,0.1067,0.1066,0.1065,0.1064,0.1063,0.1062,0.1061,0.106,0.1059,0.1069,0.107,0.1071,0.1072,0.1073,0.1074,0.1075,0.1076,0.1077,0.1078,26675,78750,85731,192300,129688,194968,23561,154442,74174,4995,25906,73208,95020,63808,25693,49133,84150,36756,27279,18395
22,0.1069,0.1068,0.1067,0.1066,0.1065,0.1064,0.1063,0.1062,0.1061,0.106,0.107,0.1071,0.1072,0.1073,0.1074,0.1075,0.1076,0.1077,0.1078,0.1079,31814,70403,89594,181428,94059,145546,172333,23561,154132,68256,4511,76350,71395,36267,49133,84766,36115,15383,30356,11094
23,0.1071,0.107,0.1069,0.1068,0.1067,0.1066,0.1065,0.1064,0.1063,0.1062,0.1072,0.1073,0.1074,0.1075,0.1076,0.1077,0.1078,0.1079,0.108,0.1081,39832,80897,101811,99125,122848,53133,39833,64534,247597,18274,18638,64811,75491,77029,44918,69497,53196,10477,34041,10596
24,0.1074,0.1073,0.1072,0.1071,0.107,0.1069,0.1068,0.1067,0.1066,0.1065,0.1075,0.1076,0.1077,0.1078,0.1079,0.108,0.1081,0.1082,0.1083,0.1084,33789,68652,111041,126978,186069,229419,56652,30638,22088,66696,10144,99831,72623,59654,29456,82652,12292,17050,17661,13606
25,0.1075,0.1074,0.1073,0.1072,0.1071,0.107,0.1069,0.1068,0.1067,0.1066,0.1076,0.1077,0.1078,0.1079,0.108,0.1081,0.1082,0.1083,0.1084,0.1085,27735,65617,77173,64013,274394,55629,93356,118601,94168,21812,17782,89349,95482,49386,51193,53228,51858,11829,13904,23792
26,0.1075,0.1074,0.1073,0.1072,0.1071,0.107,0.1069,0.1068,0.1067,0.1066,0.1076,0.1077,0.1078,0.1079,0.108,0.1081,0.1082,0.1083,0.1084,0.1085,2512,64872,73630,84716,129034,110392,18098,95353,146698,90367,56865,86028,73239,82436,83941,27126,45513,24622,1005,19036
27,0.1074,0.1073,0.1072,0.1071,0.107,0.1069,0.1068,0.1067,0.1066,0.1065,0.1075,0.1076,0.1077,0.1078,0.1079,0.108,0.1081,0.1082,0.1083,0.1084,37153,56280,85228,151961,195619,195139,63883,153441,97039,85268,10092,75426,67542,65541,32745,81232,25961,10674,12159,8978
28,0.1079,0.1078,0.1077,0.1076,0.1075,0.1074,0.1073,0.1072,0.1071,0.107,0.108,0.1081,0.1082,0.1083,0.1084,0.1085,0.1086,0.1087,0.1088,0.1089,35929,70172,96297,129740,295111,59065,39435,23668,135384,33016,9652,49786,67250,67207,52211,53341,39371,17459,27423,19996
29,0.1082,0.1081,0.108,0.1079,0.1078,0.1077,0.1076,0.1075,0.1074,0.1073,0.1083,0.1084,0.1085,0.1086,0.1087,0.1088,0.1089,0.109,0.1091,0.1092,10979,48197,108289,159869,348705,89368,67623,34125,58437,16877,36616,76427,72116,46786,50548,80065,25899,15918,18192,25193
30,0.1083,0.1082,0.1081,0.108,0.1079,0.1078,0.1077,0.1076,0.1075,0.1074,0.1084,0.1085,0.1086,0.1087,0.1088,0.1089,0.109,0.1091,0.1092,0.1093,3248,55063,88626,149577,125268,429733,55135,28459,34125,63259,36179,90389,70119,41094,80650,53445,15918,17580,16930,20195
31,0.1076,0.1075,0.1074,0.1073,0.1072,0.1071,0.107,0.1069,0.1068,0.1067,0.1077,0.1078,0.1079,0.108,0.1081,0.1082,0.1083,0.1084,0.1085,0.1086,24840,118321,183575,302649,344754,297145,53173,65619,45675,96072,15674,44022,76944,82483,53520,27615,76397,21906,22992,10177
32,0.1076,0.1075,0.1074,0.1073,0.1072,0.1071,0.107,0.1069,0.1068,0.1067,0.1077,0.1078,0.1079,0.108,0.1081,0.1082,0.1083,0.1084,0.1085,0.1086,29297,110248,115897,167246,566389,149891,46791,65619,49697,96072,15401,50376,84282,62897,49372,31255,76397,19949,22062,18360
33,0.1071,0.107,0.1069,0.1068,0.1067,0.1066,0.1065,0.1064,0.1063,0.1062,0.1072,0.1073,0.1074,0.1075,0.1076,0.1077,0.1078,0.1079,0.108,0.1081,31995,60217,101552,208306,180719,152846,78622,103739,13978,64436,17562,78119,71885,42195,48734,86679,19478,24873,30774,18381
34,0.1071,0.107,0.1069,0.1068,0.1067,0.1066,0.1065,0.1064,0.1063,0.1062,0.1072,0.1073,0.1074,0.1075,0.1076,0.1077,0.1078,0.1079,0.108,0.1081,37873,129495,186373,229223,53922,142482,34331,67380,18648,70618,10020,45109,74093,66225,51884,72798,24602,10440,25088,11207
35,0.1072,0.1071,0.107,0.1069,0.1068,0.1067,0.1066,0.1065,0.1064,0.1063,0.1073,0.1074,0.1075,0.1076,0.1077,0.1078,0.1079,0.108,0.1081,0.1082,41398,101197,73436,92418,156402,106775,160040,106419,89589,18648,10100,76131,68580,43012,50481,63579,26768,10111,18271,10234
36,0.1074,0.1073,0.1072,0.1071,0.107,0.1069,0.1068,0.1067,0.1066,0.1065,0.1075,0.1076,0.1077,0.1078,0.1079,0.108,0.1081,0.1082,0.1083,0.1084,21879,81431,79424,109411,146863,73347,179381,130837,31661,28721,20848,69476,63003,44425,52674,63710,25091,10234,18840,25007
37,0.1072,0.1071,0.107,0.1069,0.1068,0.1067,0.1066,0.1065,0.1064,0.1063,0.1073,0.1074,0.1075,0.1076,0.1077,0.1078,0.1079,0.108,0.1081,0.1082,33195,80863,125219,181804,100308,162458,31661,106392,40877,13971,9864,76912,60101,45363,46180,56837,49676,17045,18504,10234
38,0.1073,0.1072,0.1071,0.107,0.1069,0.1068,0.1067,0.1066,0.1065,0.1064,0.1074,0.1075,0.1076,0.1077,0.1078,0.1079,0.108,0.1081,0.1082,0.1083,32353,73437,94839,165344,416481,46534,190370,31692,142777,44183,4561,69368,43058,64986,56837,74552,16962,18504,10234,25622
39,0.1073,0.1072,0.1071,0.107,0.1069,0.1068,0.1067,0.1066,0.1065,0.1064,0.1074,0.1075,0.1076,0.1077,0.1078,0.1079,0.108,0.1081,0.1082,0.1083,29959,91064,93478,151767,375235,137511,90004,31692,142777,44183,234,64200,47733,68795,56837,74553,16962,18504,10229,25627
40,0.1076,0.1075,0.1074,0.1073,0.1072,0.1071,0.107,0.1069,0.1068,0.1067,0.1077,0.1078,0.1079,0.108,0.1081,0.1082,0.1083,0.1084,0.1085,0.1086,33856,95027,96804,230109,361500,150492,17730,46117,96233,19805,4774,79092,78001,57582,36118,63788,24058,10280,23023,10451
41,0.1075,0.1074,0.1073,0.1072,0.1071,0.107,0.1069,0.1068,0.1067,0.1066,0.1076,0.1077,0.1078,0.1079,0.108,0.1081,0.1082,0.1083,0.1084,0.1085,193,63740,83941,102692,114159,46295,177075,94791,19126,151822,53764,89965,74356,69679,48963,58541,21152,26318,17483,17014
42,0.1073,0.1072,0.1071,0.107,0.1069,0.1068,0.1067,0.1066,0.1065,0.1064,0.1074,0.1075,0.1076,0.1077,0.1078,0.1079,0.108,0.1081,0.1082,0.1083,32001,75657,98107,185869,590705,51396,23762,112459,85271,10559,5977,81499,71191,45409,53655,57531,43447,32152,17191,18829
43,0.1075,0.1074,0.1073,0.1072,0.1071,0.107,0.1069,0.1068,0.1067,0.1066,0.1076,0.1077,0.1078,0.1079,0.108,0.1081,0.1082,0.1083,0.1084,0.1085,30025,91063,87197,149738,536972,134597,118418,55440,19126,33848,8816,61440,74827,65814,20779,79713,60208,19169,11144,28233
44,0.1076,0.1075,0.1074,0.1073,0.1072,0.1071,0.107,0.1069,0.1068,0.1067,0.1077,0.1078,0.1079,0.108,0.1081,0.1082,0.1083,0.1084,0.1085,0.1086,31639,70778,83070,127650,505542,45979,116018,188617,48300,26417,8532,70272,60133,45213,63665,74084,23813,10785,22395,16024
45,0.1075,0.1074,0.1073,0.1072,0.1071,0.107,0.1069,0.1068,0.1067,0.1066,0.1076,0.1077,0.1078,0.1079,0.108,0.1081,0.1082,0.1083,0.1084,0.1085,42810,77416,106111,203124,277066,208761,117143,57221,24109,81159,8534,72595,69394,46034,53041,59500,43244,23719,10530,28233
46,0.1075,0.1074,0.1073,0.1072,0.1071,0.107,0.1069,0.1068,0.1067,0.1066,0.1076,0.1077,0.1078,0.1079,0.108,0.1081,0.1082,0.1083,0.1084,0.1085,34004,76622,52678,78975,260988,525942,55790,126995,26427,86737,4509,58427,32001,72217,59335,87859,23844,17148,10530,28488
47,0.1072,0.1071,0.107,0.1069,0.1068,0.1067,0.1066,0.1065,0.1064,0.1063,0.1073,0.1074,0.1075,0.1076,0.1077,0.1078,0.1079,0.108,0.1081,0.1082,22944,132979,293631,160430,173504,56811,99811,94818,15746,76372,11502,65197,55176,79739,51738,77325,24665,17065,21583,12249
48,0.1069,0.1068,0.1067,0.1066,0.1065,0.1064,0.1063,0.1062,0.1061,0.106,0.107,0.1071,0.1072,0.1073,0.1074,0.1075,0.1076,0.1077,0.1078,0.1079,18261,91122,105837,116249,238584,101274,111859,124473,82183,68479,29226,71556,74016,33858,56010,71654,25282,19524,10462,10854
49,0.1069,0.1068,0.1067,0.1066,0.1065,0.1064,0.1063,0.1062,0.1061,0.106,0.107,0.1071,0.1072,0.1073,0.1074,0.1075,0.1076,0.1077,0.1078,0.1079,57450,34099,88953,190965,83137,141645,32271,124473,77476,68479,4275,76141,66744,61413,56018,51913,50236,19524,11017,19294
50,0.1069,0.1068,0.1067,0.1066,0.1065,0.1064,0.1063,0.1062,0.1061,0.106,0.107,0.1071,0.1072,0.1073,0.1074,0.1075,0.1076,0.1077,0.1078,0.1079,26456,76434,104481,246410,65763,171648,128973,20477,77474,97257,8534,96546,65843,45014,52987,88516,17948,25246,10998,6703
51,0.1071,0.107,0.1069,0.1068,0.1067,0.1066,0.1065,0.1064,0.1063,0.1062,0.1072,0.1073,0.1074,0.1075,0.1076,0.1077,0.1078,0.1079,0.108,0.1081,8534,73480,72028,86586,125259,238034,89639,130416,53952,13885,57384,56994,70933,58007,72105,53190,10998,19325,5175,12728
52,0.107,0.1069,0.1068,0.1067,0.1066,0.1065,0.1064,0.1063,0.1062,0.1061,0.1071,0.1072,0.1073,0.1074,0.1075,0.1076,0.1077,0.1078,0.1079,0.108,14017,49659,83028,91832,201138,102030,183240,56287,85973,39958,38086,45399,88908,79071,54312,72105,25246,10487,6703,10817
53,0.1072,0.1071,0.107,0.1069,0.1068,0.1067,0.1066,0.1065,0.1064,0.1063,0.1073,0.1074,0.1075,0.1076,0.1077,0.1078,0.1079,0.108,0.1081,0.1082,14859,44319,77070,93333,108372,113385,196874,91528,58328,30928,51233,58484,46601,65626,50718,66598,24812,4559,13344,5018
54,0.1075,0.1074,0.1073,0.1072,0.1071,0.107,0.1069,0.1068,0.1067,0.1066,0.1076,0.1077,0.1078,0.1079,0.108,0.1081,0.1082,0.1083,0.1084,0.1085,7066,48518,88371,91542,155080,164292,87950,25234,61817,63214,43859,70589,61130,39687,58514,55569,5633,22971,5414,23629
55,0.1076,0.1075,0.1074,0.1073,0.1072,0.1071,0.107,0.1069,0.1068,0.1067,0.1077,0.1078,0.1079,0.108,0.1081,0.1082,0.1083,0.1084,0.1085,0.1086,11142,54610,88599,120543,160019,105191,85967,110435,32241,57641,64720,61050,65212,36142,79608,39554,17139,11246,23613,5233
56,0.1076,0.1075,0.1074,0.1073,0.1072,0.1071,0.107,0.1069,0.1068,0.1067,0.1077,0.1078,0.1079,0.108,0.1081,0.1082,0.1083,0.1084,0.1085,0.1086,23916,96743,176346,122551,269609,47399,60754,40449,25548,44229,14946,91200,59559,31966,53492,43617,45571,17836,24888,10451
57,0.1074,0.1073,0.1072,0.1071,0.107,0.1069,0.1068,0.1067,0.1066,0.1065,0.1075,0.1076,0.1077,0.1078,0.1079,0.108,0.1081,0.1082,0.1083,0.1084,10870,73530,74197,81782,183287,166217,104540,80044,124464,50231,87501,57291,46358,53294,75198,45290,21081,16040,17134,5414
58,0.1077,0.1076,0.1075,0.1074,0.1073,0.1072,0.1071,0.107,0.1069,0.1068,0.1078,0.1079,0.108,0.1081,0.1082,0.1083,0.1084,0.1085,0.1086,0.1087,28359,92048,75468,170456,250422,63001,19470,60694,40450,24578,27411,62493,41699,62920,43022,50784,46424,23517,16024,17471
59,0.1077,0.1076,0.1075,0.1074,0.1073,0.1072,0.1071,0.107,0.1069,0.1068,0.1078,0.1079,0.108,0.1081,0.1082,0.1083,0.1084,0.1085,0.1086,0.1087,11319,76044,88078,84296,238979,123931,19470,151074,182737,29201,45466,63075,55212,40828,57153,70948,19685,29051,10192,17476
60,0.1075,0.1074,0.1073,0.1072,0.1071,0.107,0.1069,0.1068,0.1067,0.1066,0.1076,0.1077,0.1078,0.1079,0.108,0.1081,0.1082,0.1083,0.1084,0.1085,19189,72859,128105,225380,318703,167545,112538,29201,39593,66246,11205,58704,90606,20321,63414,61903,50635,17747,19685,29051
61,0.1072,0.1071,0.107,0.1069,0.1068,0.1067,0.1066,0.1065,0.1064,0.1063,0.1073,0.1074,0.1075,0.1076,0.1077,0.1078,0.1079,0.108,0.1081,0.1082,43904,72721,128918,277431,104704,118928,160615,69797,55855,27762,7130,77105,66115,41082,51555,45960,39333,23645,21821,23046
62,0.1071,0.107,0.1069,0.1068,0.1067,0.1066,0.1065,0.1064,0.1063,0.1062,0.1072,0.1073,0.1074,0.1075,0.1076,0.1077,0.1078,0.1079,0.108,0.1081,17964,56730,99086,207853,217907,46370,41755,96179,23951,119143,41810,74212,54829,69741,51675,77115,24716,13823,22929,22863
63,0.1068,0.1067,0.1066,0.1065,0.1064,0.1063,0.1062,0.1061,0.106,0.1059,0.1069,0.107,0.1071,0.1072,0.1073,0.1074,0.1075,0.1076,0.1077,0.1078,53121,71101,149450,486656,108376,86968,156971,17374,73916,58042,9393,83103,66162,37396,53875,51417,47780,23607,18589,17558
64,0.1065,0.1064,0.1063,0.1062,0.1061,0.106,0.1059,0.1058,0.1057,0.1056,0.1066,0.1067,0.1068,0.1069,0.107,0.1071,0.1072,0.1073,0.1074,0.1075,5514,88253,77505,117137,77642,109761,217113,112020,100258,16233,24414,83300,73226,41917,49250,82048,24855,18429,17647,9007
65,0.1067,0.1066,0.1065,0.1064,0.1063,0.1062,0.1061,0.106,0.1059,0.1058,0.1068,0.1069,0.107,0.1071,0.1072,0.1073,0.1074,0.1075,0.1076,0.1077,10636,85661,61132,61306,181409,49501,44269,28879,233870,45144,55806,79763,76693,41859,72089,53072,17647,9648,18911,16231
66,0.1066,0.1065,0.1064,0.1063,0.1062,0.1061,0.106,0.1059,0.1058,0.1057,0.1067,0.1068,0.1069,0.107,0.1071,0.1072,0.1073,0.1074,0.1075,0.1076,11508,80460,89863,96391,25077,181678,22352,206661,30803,100333,30654,91154,72934,54660,39052,72086,25023,17647,9007,24732
67,0.1064,0.1063,0.1062,0.1061,0.106,0.1059,0.1058,0.1057,0.1056,0.1055,0.1065,0.1066,0.1067,0.1068,0.1069,0.107,0.1071,0.1072,0.1073,0.1074,28439,106504,142736,328081,127702,194392,101151,100333,29515,50865,14741,84327,67599,37085,62814,78749,25438,25032,18429,17136
68,0.1065,0.1064,0.1063,0.1062,0.1061,0.106,0.1059,0.1058,0.1057,0.1056,0.1066,0.1067,0.1068,0.1069,0.107,0.1071,0.1072,0.1073,0.1074,0.1075,46642,78303,136796,250990,118389,181326,97135,33112,45995,51575,18732,65275,73031,54766,46744,78993,17722,18506,17820,16648
69,0.1067,0.1066,0.1065,0.1064,0.1063,0.1062,0.1061,0.106,0.1059,0.1058,0.1068,0.1069,0.107,0.1071,0.1072,0.1073,0.1074,0.1075,0.1076,0.1077,14310,55073,88461,99449,77766,68913,66749,217507,68974,26087,52087,67658,61124,57346,49997,53766,17136,10881,18918,11224
70,0.1068,0.1067,0.1066,0.1065,0.1064,0.1063,0.1062,0.1061,0.106,0.1059,0.1069,0.107,0.1071,0.1072,0.1073,0.1074,0.1075,0.1076,0.1077,0.1078,6736,55838,98998,146264,67823,52088,38379,198221,92595,60166,27548,66011,63687,72272,73662,51721,10197,17237,5990,19076
71,0.1068,0.1067,0.1066,0.1065,0.1064,0.1063,0.1062,0.1061,0.106,0.1059,0.1069,0.107,0.1071,0.1072,0.1073,0.1074,0.1075,0.1076,0.1077,0.1078,23759,82111,98600,110630,93428,51166,74659,155381,103850,52671,14882,66020,60058,67575,51024,77340,12126,17226,4774,19631
72,0.107,0.1069,0.1068,0.1067,0.1066,0.1065,0.1064,0.1063,0.1062,0.1061,0.1071,0.1072,0.1073,0.1074,0.1075,0.1076,0.1077,0.1078,0.1079,0.108,11064,77415,82764,72143,111343,51207,28186,22863,196025,97626,35098,65568,71224,55520,34086,75570,18186,25235,6910,11591
73,0.107,0.1069,0.1068,0.1067,0.1066,0.1065,0.1064,0.1063,0.1062,0.1061,0.1071,0.1072,0.1073,0.1074,0.1075,0.1076,0.1077,0.1078,0.1079,0.108,29611,75251,92053,305898,53591,48477,64466,77576,179910,27427,8534,96615,65565,43338,60212,72530,18186,18848,12737,16689
74,0.107,0.1069,0.1068,0.1067,0.1066,0.1065,0.1064,0.1063,0.1062,0.1061,0.1071,0.1072,0.1073,0.1074,0.1075,0.1076,0.1077,0.1078,0.1079,0.108,17109,67266,73376,145901,72749,48477,119179,93062,181799,27427,35046,94689,74503,44295,67290,72530,18186,18848,12742,16689
75,0.1075,0.1074,0.1073,0.1072,0.1071,0.107,0.1069,0.1068,0.1067,0.1066,0.1076,0.1077,0.1078,0.1079,0.108,0.1081,0.1082,0.1083,0.1084,0.1085,17580,66443,71957,112155,259714,51031,18736,65795,38405,53627,31049,89002,73229,48602,57344,81634,30589,10595,11738,9380
76,0.1077,0.1076,0.1075,0.1074,0.1073,0.1072,0.1071,0.107,0.1069,0.1068,0.1078,0.1079,0.108,0.1081,0.1082,0.1083,0.1084,0.1085,0.1086,0.1087,9931,60267,62472,128993,332286,48725,62336,25617,59920,49789,43788,83659,70171,53037,49440,66340,30359,16541,11847,6605
77,0.1076,0.1075,0.1074,0.1073,0.1072,0.1071,0.107,0.1069,0.1068,0.1067,0.1077,0.1078,0.1079,0.108,0.1081,0.1082,0.1083,0.1084,0.1085,0.1086,7517,74884,84711,87962,194816,148354,25617,59922,90692,103196,34191,79186,79401,47575,53905,81485,25952,17913,16551,11592
78,0.1083,0.1082,0.1081,0.108,0.1079,0.1078,0.1077,0.1076,0.1075,0.1074,0.1084,0.1085,0.1086,0.1087,0.1088,0.1089,0.109,0.1091,0.1092,0.1093,15844,72255,89737,127085,30260,260534,25508,37365,58097,67495,29281,82642,79788,54996,20138,71873,23173,14144,18433,6856
79,0.108,0.1079,0.1078,0.1077,0.1076,0.1075,0.1074,0.1073,0.1072,0.1071,0.1081,0.1082,0.1083,0.1084,0.1085,0.1086,0.1087,0.1088,0.1089,0.109,15520,103474,102360,109013,207736,62888,45473,31548,56822,63527,28842,63100,55920,70487,52363,57285,51572,23206,12439,17341
80,0.108,0.1079,0.1078,0.1077,0.1076,0.1075,0.1074,0.1073,0.1072,0.1071,0.1081,0.1082,0.1083,0.1084,0.1085,0.1086,0.1087,0.1088,0.1089,0.109,17948,65696,84503,155639,233420,63497,45473,31415,108983,129132,33580,79497,68271,36887,53923,54240,26539,15937,18107,10381
81,0.1082,0.1081,0.108,0.1079,0.1078,0.1077,0.1076,0.1075,0.1074,0.1073,0.1083,0.1084,0.1085,0.1086,0.1087,0.1088,0.1089,0.109,0.1091,0.1092,39043,85460,56985,75273,236410,177102,46207,60418,156968,95055,3014,67604,73294,53769,46858,69687,19382,21760,20015,11479
82,0.1081,0.108,0.1079,0.1078,0.1077,0.1076,0.1075,0.1074,0.1073,0.1072,0.1082,0.1083,0.1084,0.1085,0.1086,0.1087,0.1088,0.1089,0.109,0.1091,8673,62689,92697,175411,253441,80265,106727,125095,170559,17627,29630,72920,61753,49488,53310,80620,20421,25931,21760,19728
83,0.1076,0.1075,0.1074,0.1073,0.1072,0.1071,0.107,0.1069,0.1068,0.1067,0.1077,0.1078,0.1079,0.108,0.1081,0.1082,0.1083,0.1084,0.1085,0.1086,39492,102608,131948,222011,319482,131267,64792,126762,137283,27513,10522,73421,56854,38944,57922,52211,51839,29810,23477,17144
84,0.1078,0.1077,0.1076,0.1075,0.1074,0.1073,0.1072,0.1071,0.107,0.1069,0.1079,0.108,0.1081,0.1082,0.1083,0.1084,0.1085,0.1086,0.1087,0.1088,18135,83215,108715,161095,481858,135158,31243,126960,77662,32298,32301,54491,73862,64487,23953,53069,50009,31449,11172,16838
85,0.1078,0.1077,0.1076,0.1075,0.1074,0.1073,0.1072,0.1071,0.107,0.1069,0.1079,0.108,0.1081,0.1082,0.1083,0.1084,0.1085,0.1086,0.1087,0.1088,28347,93767,75076,134074,443571,329511,96477,30377,47481,42786,13592,70177,60792,46936,45735,70179,27260,24684,10960,16838
86,0.1081,0.108,0.1079,0.1078,0.1077,0.1076,0.1075,0.1074,0.1073,0.1072,0.1082,0.1083,0.1084,0.1085,0.1086,0.1087,0.1088,0.1089,0.109,0.1091,8722,80659,41063,102729,208214,280724,36391,34144,69599,222715,27458,66703,69225,35299,51027,70195,25588,11301,22398,11363
87,0.1079,0.1078,0.1077,0.1076,0.1075,0.1074,0.1073,0.1072,0.1071,0.107,0.108,0.1081,0.1082,0.1083,0.1084,0.1085,0.1086,0.1087,0.1088,0.1089,4419,85713,148979,93548,407804,169450,107285,102972,14633,27870,23491,74672,74307,56354,23019,64677,43114,31428,16838,12449
88,0.1077,0.1076,0.1075,0.1074,0.1073,0.1072,0.1071,0.107,0.1069,0.1068,0.1078,0.1079,0.108,0.1081,0.1082,0.1083,0.1084,0.1085,0.1086,0.1087,14477,78023,82275,102554,593589,66524,153927,77390,38390,108010,22873,66745,71927,63701,26763,116899,25024,26833,18246,18718
89,0.1075,0.1074,0.1073,0.1072,0.1071,0.107,0.1069,0.1068,0.1067,0.1066,0.1076,0.1077,0.1078,0.1079,0.108,0.1081,0.1082,0.1083,0.1084,0.1085,35839,95145,156092,170959,223655,285642,93359,53960,4563,95254,10693,81881,67126,44802,67522,120151,22005,22475,17837,19726
90,0.1075,0.1074,0.1073,0.1072,0.1071,0.107,0.1069,0.1068,0.1067,0.1066,0.1076,0.1077,0.1078,0.1079,0.108,0.1081,0.1082,0.1083,0.1084,0.1085,21679,69975,98689,128808,49769,214919,49974,52661,18998,62771,17677,76031,66463,51000,87051,51637,49368,23163,17837,27445
91,0.1073,0.1072,0.1071,0.107,0.1069,0.1068,0.1067,0.1066,0.1065,0.1064,0.1074,0.1075,0.1076,0.1077,0.1078,0.1079,0.108,0.1081,0.1082,0.1083,23934,89222,118457,161328,117735,42455,28008,145887,8349,64837,12720,72306,67119,56590,28609,90119,47419,23671,20660,16643
92,0.107,0.1069,0.1068,0.1067,0.1066,0.1065,0.1064,0.1063,0.1062,0.1061,0.1071,0.1072,0.1073,0.1074,0.1075,0.1076,0.1077,0.1078,0.1079,0.108,28099,77147,64627,63267,50266,68692,183304,119511,118531,14068,14471,59819,46735,74396,45296,110441,22252,13830,14443,24057
93,0.1071,0.107,0.1069,0.1068,0.1067,0.1066,0.1065,0.1064,0.1063,0.1062,0.1072,0.1073,0.1074,0.1075,0.1076,0.1077,0.1078,0.1079,0.108,0.1081,28990,82542,104843,135799,172898,60495,90262,92111,14399,36287,14948,64087,56774,42351,53393,91388,42380,20413,18795,16586
94,0.1068,0.1067,0.1066,0.1065,0.1064,0.1063,0.1062,0.1061,0.106,0.1059,0.1069,0.107,0.1071,0.1072,0.1073,0.1074,0.1075,0.1076,0.1077,0.1078,7151,79001,95846,97265,138450,200018,10485,48667,67458,29965,22828,75148,54601,39066,57439,123353,22475,20522,16518,14408
95,0.1071,0.107,0.1069,0.1068,0.1067,0.1066,0.1065,0.1064,0.1063,0.1062,0.1072,0.1073,0.1074,0.1075,0.1076,0.1077,0.1078,0.1079,0.108,0.1081,13798,51198,85899,86956,39132,287490,21276,41274,49592,3847,18611,55223,39861,83849,92574,74650,21555,13829,18225,22418
96,0.1071,0.107,0.1069,0.1068,0.1067,0.1066,0.1065,0.1064,0.1063,0.1062,0.1072,0.1073,0.1074,0.1075,0.1076,0.1077,0.1078,0.1079,0.108,0.1081,21336,61712,74562,84308,39058,216996,93076,76619,47348,4462,12722,56805,61423,68658,92574,74390,21555,13829,18225,21802
97,0.1074,0.1073,0.1072,0.1071,0.107,0.1069,0.1068,0.1067,0.1066,0.1065,0.1075,0.1076,0.1077,0.1078,0.1079,0.108,0.1081,0.1082,0.1083,0.1084,23084,53787,86397,94907,58047,37883,36763,48391,135018,156473,16918,61886,66457,90370,50702,80869,24452,14904,22674,17161
98,0.1073,0.1072,0.1071,0.107,0.1069,0.1068,0.1067,0.1066,0.1065,0.1064,0.1074,0.1075,0.1076,0.1077,0.1078,0.1079,0.108,0.1081,0.1082,0.1083,17219,62203,110938,93584,44383,64765,116431,125344,82571,48760,14249,56403,42574,73212,99151,71094,25247,17126,20736,16842
99,0.1077,0.1076,0.1075,0.1074,0.1073,0.1072,0.1071,0.107,0.1069,0.1068,0.1078,0.1079,0.108,0.1081,0.1082,0.1083,0.1084,0.1085,0.1086,0.1087,20220,32840,93535,101751,58569,99274,26935,22933,13874,122548,10477,34202,37409,29375,31519,56223,19048,26039,16739,10552
100,0.1079,0.1078,0.1077,0.1076,0.1075,0.1074,0.1073,0.1072,0.1071,0.107,0.108,0.1081,0.1082,0.1083,0.1084,0.1085,0.1086,0.1087,0.1088,0.1089,14234,64258,69514,99220,109257,61916,27325,64429,33922,18807,21727,30363,36535,33297,25230,50756,32152,10875,18207,7887
101,0.1081,0.108,0.1079,0.1078,0.1077,0.1076,0.1075,0.1074,0.1073,0.1072,0.1082,0.1083,0.1084,0.1085,0.1086,0.1087,0.1088,0.1089,0.109,0.1091,7512,53005,81792,115126,321017,258107,22986,33828,51713,64429,20768,33675,35365,46068,50198,10875,24012,7275,25531,8590
102,0.1081,0.108,0.1079,0.1078,0.1077,0.1076,0.1075,0.1074,0.1073,0.1072,0.1082,0.1083,0.1084,0.1085,0.1086,0.1087,0.1088,0.1089,0.109,0.1091,16039,52777,75144,130904,211809,265742,22986,33828,20291,225685,25975,60872,60683,74331,27660,68531,29844,7275,19003,8590
103,0.1079,0.1078,0.1077,0.1076,0.1075,0.1074,0.1073,0.1072,0.1071,0.107,0.108,0.1081,0.1082,0.1083,0.1084,0.1085,0.1086,0.1087,0.1088,0.1089,10730,69912,98719,161378,278939,94943,24138,159762,95059,84520,24287,46105,63667,56088,19478,78867,42152,24683,17954,11912
104,0.108,0.1079,0.1078,0.1077,0.1076,0.1075,0.1074,0.1073,0.1072,0.1071,0.1081,0.1082,0.1083,0.1084,0.1085,0.1086,0.1087,0.1088,0.1089,0.109,6595,79072,64390,118667,229914,152190,84514,222176,70212,21743,32943,62690,61224,30962,49965,67532,24075,17954,11912,19691
105,0.1083,0.1082,0.1081,0.108,0.1079,0.1078,0.1077,0.1076,0.1075,0.1074,0.1084,0.1085,0.1086,0.1087,0.1088,0.1089,0.109,0.1091,0.1092,0.1093,20941,82521,82528,249273,292987,66120,40816,12414,48645,99976,2730,31449,70146,45190,43471,35196,75676,13854,27659,12638
106,0.1085,0.1084,0.1083,0.1082,0.1081,0.108,0.1079,0.1078,0.1077,0.1076,0.1086,0.1087,0.1088,0.1089,0.109,0.1091,0.1092,0.1093,0.1094,0.1095,7040,42631,78398,111471,237169,253965,30565,46358,40991,11804,32360,64163,56302,52216,29669,66677,22267,18470,6721,16955
107,0.1082,0.1081,0.108,0.1079,0.1078,0.1077,0.1076,0.1075,0.1074,0.1073,0.1083,0.1084,0.1085,0.1086,0.1087,0.1088,0.1089,0.109,0.1091,0.1092,17084,62383,101479,179058,216182,71407,12412,52042,80041,12797,20172,55636,55035,40843,73072,50037,11912,26209,19363,14834
108,0.1082,0.1081,0.108,0.1079,0.1078,0.1077,0.1076,0.1075,0.1074,0.1073,0.1083,0.1084,0.1085,0.1086,0.1087,0.1088,0.1089,0.109,0.1091,0.1092,18888,75599,92817,201352,237897,106425,138650,123842,68510,12797,30828,30642,50900,60619,51924,75933,12748,25600,19363,14834
109,0.1085,0.1084,0.1083,0.1082,0.1081,0.108,0.1079,0.1078,0.1077,0.1076,0.1086,0.1087,0.1088,0.1089,0.109,0.1091,0.1092,0.1093,0.1094,0.1095,32750,84891,46262,124432,316763,43379,40841,11466,104260,209842,13602,34855,44573,49303,68644,46015,43035,19424,12553,16955
110,0.1084,0.1083,0.1082,0.1081,0.108,0.1079,0.1078,0.1077,0.1076,0.1075,0.1085,0.1086,0.1087,0.1088,0.1089,0.109,0.1091,0.1092,0.1093,0.1094,1957,59737,78109,99830,60399,91131,100014,220941,12107,90909,29772,81427,50262,27282,69734,59788,13550,21407,19745,6721
111,0.1081,0.108,0.1079,0.1078,0.1077,0.1076,0.1075,0.1074,0.1073,0.1072,0.1082,0.1083,0.1084,0.1085,0.1086,0.1087,0.1088,0.1089,0.109,0.1091,20754,80831,130639,214563,207209,49839,25252,73428,14648,123640,19213,47613,52016,28301,50400,69173,44049,19844,25585,13550
112,0.1085,0.1084,0.1083,0.1082,0.1081,0.108,0.1079,0.1078,0.1077,0.1076,0.1086,0.1087,0.1088,0.1089,0.109,0.1091,0.1092,0.1093,0.1094,0.1095,19224,85704,55101,42622,45532,102109,24376,18252,308808,12107,13585,38991,39453,58767,47588,73590,16412,18470,11358,16955
113,0.1085,0.1084,0.1083,0.1082,0.1081,0.108,0.1079,0.1078,0.1077,0.1076,0.1086,0.1087,0.1088,0.1089,0.109,0.1091,0.1092,0.1093,0.1094,0.1095,25445,110973,66721,60070,100696,43378,24376,174767,75752,83907,8948,35768,57115,66791,47588,66981,23023,12638,17190,16955
114,0.1086,0.1085,0.1084,0.1083,0.1082,0.1081,0.108,0.1079,0.1078,0.1077,0.1087,0.1088,0.1089,0.109,0.1091,0.1092,0.1093,0.1094,0.1095,0.1096,8839,57328,68691,76359,27948,97993,70524,18913,73196,214584,26574,42359,58558,50984,73612,34727,43813,17623,23599,7100
115,0.109,0.1089,0.1088,0.1087,0.1086,0.1085,0.1084,0.1083,0.1082,0.1081,0.1091,0.1092,0.1093,0.1094,0.1095,0.1096,0.1097,0.1098,0.1099,0.11,14701,30211,86976,78391,84059,85069,41987,33961,11782,17684,15654,60912,46133,44321,59341,34635,18092,12609,12403,161616
116,0.1094,0.1093,0.1092,0.1091,0.109,0.1089,0.1088,0.1087,0.1086,0.1085,0.1095,0.1096,0.1097,0.1098,0.1099,0.11,0.1101,0.1102,0.1103,0.1104,11879,34266,76615,56929,62253,42064,113646,109294,109467,11991,33257,59986,57094,62139,28818,214320,23997,9134,14275,8466
117,0.1094,0.1093,0.1092,0.1091,0.109,0.1089,0.1088,0.1087,0.1086,0.1085,0.1095,0.1096,0.1097,0.1098,0.1099,0.11,0.1101,0.1102,0.1103,0.1104,22435,76078,63774,64120,42517,193096,99022,18289,67971,11991,12936,59907,60640,37286,45423,202917,24225,9134,14275,8466
118,0.1095,0.1094,0.1093,0.1092,0.1091,0.109,0.1089,0.1088,0.1087,0.1086,0.1096,0.1097,0.1098,0.1099,0.11,0.1101,0.1102,0.1103,0.1104,0.1105,4275,61581,78531,59893,46578,60103,53854,25103,18289,67971,21825,54721,55369,33751,152895,75995,9134,20370,8466,15804
119,0.1095,0.1094,0.1093,0.1092,0.1091,0.109,0.1089,0.1088,0.1087,0.1086,0.1096,0.1097,0.1098,0.1099,0.11,0.1101,0.1102,0.1103,0.1104,0.1105,17785,66027,68195,43073,46570,52301,99432,15880,11778,45853,22804,38196,50696,65839,148362,45612,41174,21382,8466,15201
120,0.1097,0.1096,0.1095,0.1094,0.1093,0.1092,0.1091,0.109,0.1089,0.1088,0.1098,0.1099,0.11,0.1101,0.1102,0.1103,0.1104,0.1105,0.1106,0.1107,23066,67784,68870,35589,57908,50954,15048,97982,89087,15880,13203,84431,154963,40140,46156,42848,45732,14217,8995,17018
121,0.1096,0.1095,0.1094,0.1093,0.1092,0.1091,0.109,0.1089,0.1088,0.1087,0.1097,0.1098,0.1099,0.11,0.1101,0.1102,0.1103,0.1104,0.1105,0.1106,16759,80798,56312,56849,76152,70425,41810,20803,94840,31123,5608,65380,51901,50963,22437,47828,42197,16203,19531,11375
122,0.1099,0.1098,0.1097,0.1096,0.1095,0.1094,0.1093,0.1092,0.1091,0.109,0.11,0.1101,0.1102,0.1103,0.1104,0.1105,0.1106,0.1107,0.1108,0.1109,36028,57725,63519,69852,86522,67975,16310,78334,20515,51268,12463,61886,58696,31275,39704,72720,11698,21623,21687,13275
123,0.1098,0.1097,0.1096,0.1095,0.1094,0.1093,0.1092,0.1091,0.109,0.1089,0.1099,0.11,0.1101,0.1102,0.1103,0.1104,0.1105,0.1106,0.1107,0.1108,4418,71105,62194,51809,99977,52884,78334,15089,39114,62245,25575,74573,56059,45108,46913,37198,49969,18189,10830,13065
124,0.1099,0.1098,0.1097,0.1096,0.1095,0.1094,0.1093,0.1092,0.1091,0.109,0.11,0.1101,0.1102,0.1103,0.1104,0.1105,0.1106,0.1107,0.1108,0.1109,10137,83812,79897,39541,95738,58759,21148,96668,15089,39114,24257,55758,58281,29795,40207,51692,43084,10830,13065,13874
125,0.1094,0.1093,0.1092,0.1091,0.109,0.1089,0.1088,0.1087,0.1086,0.1085,0.1095,0.1096,0.1097,0.1098,0.1099,0.11,0.1101,0.1102,0.1103,0.1104,14180,74645,63964,66778,99154,299416,79677,31592,81488,39219,11612,33319,55542,50573,22707,61339,45479,21075,15897,9940
126,0.1097,0.1096,0.1095,0.1094,0.1093,0.1092,0.1091,0.109,0.1089,0.1088,0.1098,0.1099,0.11,0.1101,0.1102,0.1103,0.1104,0.1105,0.1106,0.1107,10869,88820,90389,69437,90763,43536,89525,222300,64515,73122,22593,68004,62409,28181,43515,50322,10941,13229,14129,9087
127,0.1097,0.1096,0.1095,0.1094,0.1093,0.1092,0.1091,0.109,0.1089,0.1088,0.1098,0.1099,0.11,0.1101,0.1102,0.1103,0.1104,0.1105,0.1106,0.1107,24336,84596,64948,55112,93145,82004,27094,93872,212592,67628,5619,70280,60992,32026,50664,47656,17561,22348,14129,9688
128,0.11,0.1099,0.1098,0.1097,0.1096,0.1095,0.1094,0.1093,0.1092,0.1091,0.1101,0.1102,0.1103,0.1104,0.1105,0.1106,0.1107,0.1108,0.1109,0.111,21895,94812,60372,54118,84707,72277,19942,54421,35512,27094,4667,73938,52016,33120,49573,49253,15736,14959,10571,19690
129,0.1095,0.1094,0.1093,0.1092,0.1091,0.109,0.1089,0.1088,0.1087,0.1086,0.1096,0.1097,0.1098,0.1099,0.11,0.1101,0.1102,0.1103,0.1104,0.1105,8494,77254,61493,67347,105508,213544,124638,90774,45419,20793,17108,48676,58162,55016,29228,39650,49377,20863,10941,14331
130,0.1093,0.1092,0.1091,0.109,0.1089,0.1088,0.1087,0.1086,0.1085,0.1084,0.1094,0.1095,0.1096,0.1097,0.1098,0.1099,0.11,0.1101,0.1102,0.1103,23335,109857,292441,109254,59648,59934,45419,72895,108486,14144,13404,42372,61005,57795,27763,48403,48183,20083,14441,14216
131,0.1092,0.1091,0.109,0.1089,0.1088,0.1087,0.1086,0.1085,0.1084,0.1083,0.1093,0.1094,0.1095,0.1096,0.1097,0.1098,0.1099,0.11,0.1101,0.1102,27049,98347,173706,182530,128017,51294,24098,106177,33743,6202,13492,64926,62951,57218,17499,53648,19044,12325,13275,15624
132,0.1089,0.1088,0.1087,0.1086,0.1085,0.1084,0.1083,0.1082,0.1081,0.108,0.109,0.1091,0.1092,0.1093,0.1094,0.1095,0.1096,0.1097,0.1098,0.1099,18400,126882,269207,102200,67801,55425,58594,22357,100915,12630,19046,72948,49332,38292,50074,50609,13408,23013,22294,12781
133,0.1088,0.1087,0.1086,0.1085,0.1084,0.1083,0.1082,0.1081,0.108,0.1079,0.1089,0.109,0.1091,0.1092,0.1093,0.1094,0.1095,0.1096,0.1097,0.1098,17713,74012,115547,134599,148106,123217,19539,151842,590864,52307,17798,65559,56355,37692,47992,44174,15163,18623,14614,30310
134,0.1088,0.1087,0.1086,0.1085,0.1084,0.1083,0.1082,0.1081,0.108,0.1079,0.1089,0.109,0.1091,0.1092,0.1093,0.1094,0.1095,0.1096,0.1097,0.1098,19320,101631,227569,165722,74186,39281,26646,99450,586390,106359,13463,74425,53292,39073,47992,40683,14559,26639,14614,22294
135,0.1088,0.1087,0.1086,0.1085,0.1084,0.1083,0.1082,0.1081,0.108,0.1079,0.1089,0.109,0.1091,0.1092,0.1093,0.1094,0.1095,0.1096,0.1097,0.1098,17968,97422,182930,227560,69158,39281,26646,99450,12165,106359,18232,83571,50975,36920,46841,39154,21331,18623,14614,22294
136,0.1084,0.1083,0.1082,0.1081,0.108,0.1079,0.1078,0.1077,0.1076,0.1075,0.1085,0.1086,0.1087,0.1088,0.1089,0.109,0.1091,0.1092,0.1093,0.1094,24457,66367,95170,211731,122466,42571,49310,83674,72537,11890,21511,67792,49045,32324,48479,47611,11734,13662,13754,11658
137,0.1085,0.1084,0.1083,0.1082,0.1081,0.108,0.1079,0.1078,0.1077,0.1076,0.1086,0.1087,0.1088,0.1089,0.109,0.1091,0.1092,0.1093,0.1094,0.1095,28961,80926,112341,216923,188997,41475,47459,41775,11874,67684,4275,64218,61043,48363,18526,40247,22009,18462,12933,12369
138,0.1085,0.1084,0.1083,0.1082,0.1081,0.108,0.1079,0.1078,0.1077,0.1076,0.1086,0.1087,0.1088,0.1089,0.109,0.1091,0.1092,0.1093,0.1094,0.1095,14335,69533,106244,128595,132739,136516,119259,41775,14149,33992,31157,64249,50219,21208,49220,40238,22768,11871,12933,12611
139,0.1086,0.1085,0.1084,0.1083,0.1082,0.1081,0.108,0.1079,0.1078,0.1077,0.1087,0.1088,0.1089,0.109,0.1091,0.1092,0.1093,0.1094,0.1095,0.1096,12267,42022,82574,78401,54927,122159,177648,95241,36094,20842,23904,56456,57390,60801,40239,46410,11871,22061,16403,13340
140,0.1083,0.1082,0.1081,0.108,0.1079,0.1078,0.1077,0.1076,0.1075,0.1074,0.1084,0.1085,0.1086,0.1087,0.1088,0.1089,0.109,0.1091,0.1092,0.1093,9877,60488,112490,133859,276289,66119,12929,33992,120669,103482,16149,76685,51991,32686,43722,47591,20846,31849,11981,13464
141,0.1084,0.1083,0.1082,0.1081,0.108,0.1079,0.1078,0.1077,0.1076,0.1075,0.1085,0.1086,0.1087,0.1088,0.1089,0.109,0.1091,0.1092,0.1093,0.1094,27391,98620,79382,84441,117645,247700,36707,18953,36272,103908,23529,59921,73309,71414,42335,46819,13415,19664,12189,12721
142,0.1081,0.108,0.1079,0.1078,0.1077,0.1076,0.1075,0.1074,0.1073,0.1072,0.1082,0.1083,0.1084,0.1085,0.1086,0.1087,0.1088,0.1089,0.109,0.1091,13381,90920,99290,115135,187260,113529,41391,138518,33868,13516,27145,80798,73730,45484,43340,49930,23022,13865,11658,21416
143,0.1079,0.1078,0.1077,0.1076,0.1075,0.1074,0.1073,0.1072,0.1071,0.107,0.108,0.1081,0.1082,0.1083,0.1084,0.1085,0.1086,0.1087,0.1088,0.1089,17764,111652,177883,165872,137317,51881,9240,12273,85194,12850,17162,58861,58058,67716,45061,46864,18670,13953,13343,13238
144,0.1081,0.108,0.1079,0.1078,0.1077,0.1076,0.1075,0.1074,0.1073,0.1072,0.1082,0.1083,0.1084,0.1085,0.1086,0.1087,0.1088,0.1089,0.109,0.1091,25180,90993,91801,128655,259893,49798,33235,56389,13048,51539,11677,57226,46522,62561,40545,48609,13343,12627,11712,14026
145,0.108,0.1079,0.1078,0.1077,0.1076,0.1075,0.1074,0.1073,0.1072,0.1071,0.1081,0.1082,0.1083,0.1084,0.1085,0.1086,0.1087,0.1088,0.1089,0.109,34190,87253,160085,276691,50676,56916,56389,18462,98340,43182,6164,42092,62898,64752,39403,46994,22881,21344,14225,11712
146,0.1079,0.1078,0.1077,0.1076,0.1075,0.1074,0.1073,0.1072,0.1071,0.107,0.108,0.1081,0.1082,0.1083,0.1084,0.1085,0.1086,0.1087,0.1088,0.1089,27107,67252,61991,105334,222306,99563,92556,66811,43182,12852,4275,69694,37670,63403,56384,40306,18370,22881,13343,14225
147,0.1078,0.1077,0.1076,0.1075,0.1074,0.1073,0.1072,0.1071,0.107,0.1069,0.1079,0.108,0.1081,0.1082,0.1083,0.1084,0.1085,0.1086,0.1087,0.1088,26433,108732,172723,245965,53635,52121,30123,77884,64633,52983,12237,76938,66917,51243,43607,48945,19514,21680,13343,13343
148,0.108,0.1079,0.1078,0.1077,0.1076,0.1075,0.1074,0.1073,0.1072,0.1071,0.1081,0.1082,0.1083,0.1084,0.1085,0.1086,0.1087,0.1088,0.1089,0.109,13531,86795,56662,82966,180674,63329,158410,21339,32424,78313,26834,45653,66594,59033,56535,40323,13343,13343,13238,14593
149,0.1079,0.1078,0.1077,0.1076,0.1075,0.1074,0.1073,0.1072,0.1071,0.107,0.108,0.1081,0.1082,0.1083,0.1084,0.1085,0.1086,0.1087,0.1088,0.1089,10560,62038,81423,87414,145314,167363,86649,30123,77702,12241,22194,73198,73832,33848,42138,50492,18542,13343,21342,13238
150,0.1078,0.1077,0.1076,0.1075,0.1074,0.1073,0.1072,0.1071,0.107,0.1069,0.1079,0.108,0.1081,0.1082,0.1083,0.1084,0.1085,0.1086,0.1087,0.1088,21376,84923,86650,130508,202414,113916,30734,78085,12241,58441,4275,67858,76553,45128,45003,39440,22756,18542,13343,21342
151,0.1078,0.1077,0.1076,0.1075,0.1074,0.1073,0.1072,0.1071,0.107,0.1069,0.1079,0.108,0.1081,0.1082,0.1083,0.1084,0.1085,0.1086,0.1087,0.1088,17275,103864,118007,121734,206568,111621,30734,82307,12241,58498,6591,52693,82711,70346,45003,40978,21219,18542,13343,21342
152,0.1079,0.1078,0.1077,0.1076,0.1075,0.1074,0.1073,0.1072,0.1071,0.107,0.108,0.1081,0.1082,0.1083,0.1084,0.1085,0.1086,0.1087,0.1088,0.1089,4275,85504,106652,74282,112911,85575,210593,30123,82307,12241,53145,74868,50006,56855,40966,48956,18542,21344,13343,13365
153,0.1079,0.1078,0.1077,0.1076,0.1075,0.1074,0.1073,0.1072,0.1071,0.107,0.108,0.1081,0.1082,0.1083,0.1084,0.1085,0.1086,0.1087,0.1088,0.1089,24828,66653,80842,116089,109404,55394,100495,177538,77625,12241,10718,55244,43072,60722,40050,49882,18542,13343,13343,13238
154,0.1082,0.1081,0.108,0.1079,0.1078,0.1077,0.1076,0.1075,0.1074,0.1073,0.1083,0.1084,0.1085,0.1086,0.1087,0.1088,0.1089,0.109,0.1091,0.1092,14049,72239,70000,51215,81497,88725,22663,35183,136895,97410,33109,63044,33886,47673,41027,51639,20428,17273,11860,10014
155,0.1083,0.1082,0.1081,0.108,0.1079,0.1078,0.1077,0.1076,0.1075,0.1074,0.1084,0.1085,0.1086,0.1087,0.1088,0.1089,0.109,0.1091,0.1092,0.1093,30780,64773,57778,90654,106877,52532,54469,28287,41792,176840,14257,66143,75988,30741,50679,41996,23188,11860,23557,11138
156,0.1084,0.1083,0.1082,0.1081,0.108,0.1079,0.1078,0.1077,0.1076,0.1075,0.1085,0.1086,0.1087,0.1088,0.1089,0.109,0.1091,0.1092,0.1093,0.1094,14492,65820,45553,93850,74256,92408,31043,60424,57681,187063,29004,52703,74934,50130,45206,45109,20467,15556,14099,10941
157,0.1086,0.1085,0.1084,0.1083,0.1082,0.1081,0.108,0.1079,0.1078,0.1077,0.1087,0.1088,0.1089,0.109,0.1091,0.1092,0.1093,0.1094,0.1095,0.1096,36269,82348,75575,69713,119397,47447,15949,29583,58250,60808,4275,74486,77369,25233,56411,51999,12237,16786,10710,11695
158,0.1089,0.1088,0.1087,0.1086,0.1085,0.1084,0.1083,0.1082,0.1081,0.108,0.109,0.1091,0.1092,0.1093,0.1094,0.1095,0.1096,0.1097,0.1098,0.1099,26924,66547,64447,80391,66898,94988,22578,15452,40831,16362,9683,70408,59938,41756,56719,43349,26704,11003,25072,11026
159,0.1085,0.1084,0.1083,0.1082,0.1081,0.108,0.1079,0.1078,0.1077,0.1076,0.1086,0.1087,0.1088,0.1089,0.109,0.1091,0.1092,0.1093,0.1094,0.1095,29954,75830,65579,57216,132402,88577,142053,80034,84305,27045,4275,70750,78127,36284,51097,56871,18226,23315,16323,15560
160,0.1088,0.1087,0.1086,0.1085,0.1084,0.1083,0.1082,0.1081,0.108,0.1079,0.1089,0.109,0.1091,0.1092,0.1093,0.1094,0.1095,0.1096,0.1097,0.1098,10132,74263,76142,44591,66271,89281,37191,31234,146618,127029,18246,73687,64302,41242,49554,54895,15670,15536,10684,19560
161,0.1086,0.1085,0.1084,0.1083,0.1082,0.1081,0.108,0.1079,0.1078,0.1077,0.1087,0.1088,0.1089,0.109,0.1091,0.1092,0.1093,0.1094,0.1095,0.1096,29036,66901,73411,93406,103268,156825,206057,28716,8234,43352,7005,40505,65077,80973,65279,46087,23970,16323,23673,15536
162,0.1086,0.1085,0.1084,0.1083,0.1082,0.1081,0.108,0.1079,0.1078,0.1077,0.1087,0.1088,0.1089,0.109,0.1091,0.1092,0.1093,0.1094,0.1095,0.1096,10794,86939,98840,92435,138286,195120,130478,28716,10505,43357,24943,70796,73312,54185,65305,46087,23970,24337,15670,10014
163,0.1085,0.1084,0.1083,0.1082,0.1081,0.108,0.1079,0.1078,0.1077,0.1076,0.1086,0.1087,0.1088,0.1089,0.109,0.1091,0.1092,0.1093,0.1094,0.1095,41199,76372,90884,174291,266922,86375,28716,15963,37899,22543,4459,73646,68270,52983,49966,62712,24268,24784,16323,15670
164,0.1085,0.1084,0.1083,0.1082,0.1081,0.108,0.1079,0.1078,0.1077,0.1076,0.1087,0.1088,0.1089,0.109,0.1091,0.1092,0.1093,0.1094,0.1095,0.1096,56479,71917,91400,79308,229534,86375,101123,13692,40261,28065,42180,78334,77868,52670,62712,24268,16770,24337,15670,10014
165,0.1085,0.1084,0.1083,0.1082,0.1081,0.108,0.1079,0.1078,0.1077,0.1076,0.1086,0.1087,0.1088,0.1089,0.109,0.1091,0.1092,0.1093,0.1094,0.1095,4275,92013,64172,87252,204974,125010,110304,13692,76579,27458,29793,65225,37890,61372,49977,62723,23434,24784,16323,10148
166,0.1087,0.1086,0.1085,0.1084,0.1083,0.1082,0.1081,0.108,0.1079,0.1078,0.1088,0.1089,0.109,0.1091,0.1092,0.1093,0.1094,0.1095,0.1096,0.1097,17733,82214,63514,54137,68916,123398,78550,163672,116262,8234,30292,63528,62831,44530,49286,51836,19948,23689,15536,4556
167,0.1085,0.1084,0.1083,0.1082,0.1081,0.108,0.1079,0.1078,0.1077,0.1076,0.1086,0.1087,0.1088,0.1089,0.109,0.1091,0.1092,0.1093,0.1094,0.1095,33845,91375,83245,73246,133527,177921,110305,13697,76597,30493,11326,58305,43260,66003,54101,65395,17707,27134,16323,15675
168,0.1082,0.1081,0.108,0.1079,0.1078,0.1077,0.1076,0.1075,0.1074,0.1073,0.1083,0.1084,0.1085,0.1086,0.1087,0.1088,0.1089,0.109,0.1091,0.1092,2410,68329,98409,217948,97984,112691,75891,23795,23214,132857,35026,59769,38064,68205,61117,45954,22173,17197,25789,10014
169,0.1083,0.1082,0.1081,0.108,0.1079,0.1078,0.1077,0.1076,0.1075,0.1074,0.1084,0.1085,0.1086,0.1087,0.1088,0.1089,0.109,0.1091,0.1092,0.1093,12387,73104,72410,96681,124265,206360,82044,86206,16834,23229,26370,44812,69486,74834,45952,49809,17197,25789,15556,17852
170,0.1082,0.1081,0.108,0.1079,0.1078,0.1077,0.1076,0.1075,0.1074,0.1073,0.1083,0.1084,0.1085,0.1086,0.1087,0.1088,0.1089,0.109,0.1091,0.1092,4368,64531,69155,103142,158297,134405,158006,22292,23229,94324,31324,75223,74564,41047,61103,45951,22173,25211,25789,15556
171,0.1085,0.1084,0.1083,0.1082,0.1081,0.108,0.1079,0.1078,0.1077,0.1076,0.1086,0.1087,0.1088,0.1089,0.109,0.1091,0.1092,0.1093,0.1094,0.1095,17886,59111,84188,80924,79681,93472,51761,233093,23159,85597,27267,85744,54214,45163,47077,60289,17154,25247,10478,10148
172,0.1082,0.1081,0.108,0.1079,0.1078,0.1077,0.1076,0.1075,0.1074,0.1073,0.1083,0.1084,0.1085,0.1086,0.1087,0.1088,0.1089,0.109,0.1091,0.1092,18802,48656,111936,165052,189935,116812,83315,22449,16251,89395,10769,52835,89859,64644,56972,47071,22208,23657,25466,17154
173,0.1082,0.1081,0.108,0.1079,0.1078,0.1077,0.1076,0.1075,0.1074,0.1073,0.1083,0.1084,0.1085,0.1086,0.1087,0.1088,0.1089,0.109,0.1091,0.1092,4275,58892,79912,95901,77195,132964,161458,24621,92609,94324,49833,80236,39963,48595,63439,45350,16350,22103,33486,15551
174,0.1087,0.1086,0.1085,0.1084,0.1083,0.1082,0.1081,0.108,0.1079,0.1078,0.1088,0.1089,0.109,0.1091,0.1092,0.1093,0.1094,0.1095,0.1096,0.1097,35613,65963,93535,117775,212375,60999,14750,51370,89224,21567,9300,80517,65919,61569,47948,48248,21758,16274,15536,6237
175,0.1087,0.1086,0.1085,0.1084,0.1083,0.1082,0.1081,0.108,0.1079,0.1078,0.1088,0.1089,0.109,0.1091,0.1092,0.1093,0.1094,0.1095,0.1096,0.1097,22354,83447,91930,174536,154396,56715,14750,49769,91491,26120,11463,81171,71142,57322,46448,47936,21758,23680,15536,12366
176,0.1086,0.1085,0.1084,0.1083,0.1082,0.1081,0.108,0.1079,0.1078,0.1077,0.1087,0.1088,0.1089,0.109,0.1091,0.1092,0.1093,0.1094,0.1095,0.1096,13249,55510,88665,94031,61151,88232,89969,184136,23843,83033,40599,60343,53061,46398,78007,47068,22989,24035,15665,15541
177,0.1087,0.1086,0.1085,0.1084,0.1083,0.1082,0.1081,0.108,0.1079,0.1078,0.1088,0.1089,0.109,0.1091,0.1092,0.1093,0.1094,0.1095,0.1096,0.1097,4349,58794,81738,78504,48258,71595,73991,81066,214777,36911,25362,66219,98760,78966,50253,44312,25806,15988,23560,11759
178,0.1085,0.1084,0.1083,0.1082,0.1081,0.108,0.1079,0.1078,0.1077,0.1076,0.1086,0.1087,0.1088,0.1089,0.109,0.1091,0.1092,0.1093,0.1094,0.1095,18778,74784,68742,84810,123252,135105,133443,43853,77506,65716,9374,81293,96462,38255,45843,65443,19186,31173,16020,15988
179,0.1088,0.1087,0.1086,0.1085,0.1084,0.1083,0.1082,0.1081,0.108,0.1079,0.1089,0.109,0.1091,0.1092,0.1093,0.1094,0.1095,0.1096,0.1097,0.1098,36125,83422,59753,66343,26977,111887,43950,18874,142993,113840,4006,42766,86072,75077,44313,58116,17512,23560,12367,25540
180,0.1083,0.1082,0.1081,0.108,0.1079,0.1078,0.1077,0.1076,0.1075,0.1074,0.1084,0.1085,0.1086,0.1087,0.1088,0.1089,0.109,0.1091,0.1092,0.1093,14091,64162,68324,65699,27991,104691,43038,113370,17271,16241,9842,73319,76312,55538,25142,53851,21686,22055,17427,11238
181,0.1086,0.1085,0.1084,0.1083,0.1082,0.1081,0.108,0.1079,0.1078,0.1077,0.1087,0.1088,0.1089,0.109,0.1091,0.1092,0.1093,0.1094,0.1095,0.1096,9704,48586,74504,65766,55993,94595,31938,56016,28101,38234,25506,84699,47080,63815,43233,60466,16770,16000,10038,10621
182,0.1085,0.1084,0.1083,0.1082,0.1081,0.108,0.1079,0.1078,0.1077,0.1076,0.1086,0.1087,0.1088,0.1089,0.109,0.1091,0.1092,0.1093,0.1094,0.1095,20844,63981,78406,57268,33052,96794,83741,28101,38234,68060,4508,69583,64242,67861,48365,44155,35125,16770,16005,15570
183,0.1087,0.1086,0.1085,0.1084,0.1083,0.1082,0.1081,0.108,0.1079,0.1078,0.1088,0.1089,0.109,0.1091,0.1092,0.1093,0.1094,0.1095,0.1096,0.1097,16296,78088,76574,53810,63296,93062,25840,49781,82617,28101,18366,78132,37656,71885,57281,51438,16328,15570,15536,11759
184,0.1085,0.1084,0.1083,0.1082,0.1081,0.108,0.1079,0.1078,0.1077,0.1076,0.1086,0.1087,0.1088,0.1089,0.109,0.1091,0.1092,0.1093,0.1094,0.1095,19745,38450,46645,55155,71854,155142,121674,101545,68420,60864,30559,60629,81596,66553,45830,49741,24236,17377,16328,15570
185,0.1084,0.1083,0.1082,0.1081,0.108,0.1079,0.1078,0.1077,0.1076,0.1075,0.1085,0.1086,0.1087,0.1088,0.1089,0.109,0.1091,0.1092,0.1093,0.1094,11817,31596,80908,201979,104911,51899,101545,70695,65785,16356,16762,38881,75846,69171,54695,45835,25778,23402,16770,16328
186,0.1084,0.1083,0.1082,0.1081,0.108,0.1079,0.1078,0.1077,0.1076,0.1075,0.1085,0.1086,0.1087,0.1088,0.1089,0.109,0.1091,0.1092,0.1093,0.1094,34920,59085,70212,147706,152880,16983,94957,33768,114130,74601,2860,67360,74090,67182,27103,55247,24758,16821,16770,16015
187,0.1079,0.1078,0.1077,0.1076,0.1075,0.1074,0.1073,0.1072,0.1071,0.107,0.108,0.1081,0.1082,0.1083,0.1084,0.1085,0.1086,0.1087,0.1088,0.1089,13175,32444,89725,143748,149238,102699,44101,111845,15279,24319,20024,46648,79466,78011,47693,53184,23164,14688,15953,16032
188,0.1078,0.1077,0.1076,0.1075,0.1074,0.1073,0.1072,0.1071,0.107,0.1069,0.1079,0.108,0.1081,0.1082,0.1083,0.1084,0.1085,0.1086,0.1087,0.1088,23541,43085,61049,28832,30741,34862,94666,31153,44868,41118,13237,64122,69130,44083,76588,49933,21216,15625,14688,14678
189,0.1073,0.1072,0.1071,0.107,0.1069,0.1068,0.1067,0.1066,0.1065,0.1064,0.1074,0.1075,0.1076,0.1077,0.1078,0.1079,0.108,0.1081,0.1082,0.1083,11557,28055,27991,55499,44257,17166,40758,97458,22709,45793,13573,46757,56017,44837,45668,55789,18862,14718,14794,15320
190,0.1073,0.1072,0.1071,0.107,0.1069,0.1068,0.1067,0.1066,0.1065,0.1064,0.1074,0.1075,0.1076,0.1077,0.1078,0.1079,0.108,0.1081,0.1082,0.1083,30648,90939,86051,22674,123852,61992,242550,109899,27181,8365,3687,48376,64280,60323,51571,45058,60384,14718,18162,18676
191,0.1073,0.1072,0.1071,0.107,0.1069,0.1068,0.1067,0.1066,0.1065,0.1064,0.1074,0.1075,0.1076,0.1077,0.1078,0.1079,0.108,0.1081,0.1082,0.1083,24227,39853,65375,146208,178001,117042,46738,57186,24850,61078,30291,61331,76687,53194,46995,74739,25477,15332,17547,24403
192,0.1073,0.1072,0.1071,0.107,0.1069,0.1068,0.1067,0.1066,0.1065,0.1064,0.1074,0.1075,0.1076,0.1077,0.1078,0.1079,0.108,0.1081,0.1082,0.1083,14492,51384,74905,74697,54904,178750,113183,130581,40200,8365,18902,70435,53520,81264,52217,69635,14724,26732,17547,14703
193,0.1069,0.1068,0.1067,0.1066,0.1065,0.1064,0.1063,0.1062,0.1061,0.106,0.107,0.1071,0.1072,0.1073,0.1074,0.1075,0.1076,0.1077,0.1078,0.1079,10027,61882,72999,163851,165093,133801,38916,55095,20834,27911,22367,57316,78635,62011,55487,75975,22947,25886,22958,16467
194,0.1067,0.1066,0.1065,0.1064,0.1063,0.1062,0.1061,0.106,0.1059,0.1058,0.1068,0.1069,0.107,0.1071,0.1072,0.1073,0.1074,0.1075,0.1076,0.1077,7099,61164,61868,44693,85474,74381,56339,43766,42111,67971,14924,70351,61221,49104,19303,71005,29454,14834,15235,14398
195,0.1063,0.1062,0.1061,0.106,0.1059,0.1058,0.1057,0.1056,0.1055,0.1054,0.1064,0.1065,0.1066,0.1067,0.1068,0.1069,0.107,0.1071,0.1072,0.1073,9661,71809,74558,51132,30808,105893,50401,91876,161211,85540,18314,69870,93020,55769,25537,72429,17381,15592,14386,14871
196,0.1064,0.1063,0.1062,0.1061,0.106,0.1059,0.1058,0.1057,0.1056,0.1055,0.1065,0.1066,0.1067,0.1068,0.1069,0.107,0.1071,0.1072,0.1073,0.1074,20869,53745,60590,258877,124585,70422,14864,46440,39885,125446,12623,64908,76359,43899,44995,54935,32081,14386,14871,14195
197,0.1063,0.1062,0.1061,0.106,0.1059,0.1058,0.1057,0.1056,0.1055,0.1054,0.1064,0.1065,0.1066,0.1067,0.1068,0.1069,0.107,0.1071,0.1072,0.1073,16439,50496,68864,149319,244021,43135,69537,44035,72733,28338,16717,86786,49566,31558,56027,66529,37576,15592,14149,14422
198,0.1062,0.1061,0.106,0.1059,0.1058,0.1057,0.1056,0.1055,0.1054,0.1053,0.1063,0.1064,0.1065,0.1066,0.1067,0.1068,0.1069,0.107,0.1071,0.1072,22945,66099,74986,58339,86622,292983,57559,56488,73799,23413,6970,83625,65721,48545,52933,75831,16400,13085,14371,13530
199,0.1063,0.1062,0.1061,0.106,0.1059,0.1058,0.1057,0.1056,0.1055,0.1054,0.1064,0.1065,0.1066,0.1067,0.1068,0.1069,0.107,0.1071,0.1072,0.1073,14921,59590,85047,24109,72673,104967,259755,89561,58858,21707,15603,56189,62697,82038,65336,65614,13408,14371,13530,14422
200,0.1065,0.1064,0.1063,0.1062,0.1061,0.106,0.1059,0.1058,0.1057,0.1056,0.1066,0.1067,0.1068,0.1069,0.107,0.1071,0.1072,0.1073,0.1074,0.1075,29648,71339,45593,45041,95804,50915,39887,140932,182537,48346,2642,70244,51608,40174,52004,43409,19945,14902,17151,15269
201,0.1066,0.1065,0.1064,0.1063,0.1062,0.1061,0.106,0.1059,0.1058,0.1057,0.1067,0.1068,0.1069,0.107,0.1071,0.1072,0.1073,0.1074,0.1075,0.1076,25080,72096,75285,38057,83615,49142,22699,75990,250965,38759,13873,70608,63434,34363,46634,47687,31070,17151,12945,26100
202,0.1066,0.1065,0.1064,0.1063,0.1062,0.1061,0.106,0.1059,0.1058,0.1057,0.1067,0.1068,0.1069,0.107,0.1071,0.1072,0.1073,0.1074,0.1075,0.1076,4275,41425,70496,61278,39147,92090,101372,166981,123867,90804,23894,75260,69813,53374,51874,48213,14282,17151,12945,23782
203,0.1064,0.1063,0.1062,0.1061,0.106,0.1059,0.1058,0.1057,0.1056,0.1055,0.1065,0.1066,0.1067,0.1068,0.1069,0.107,0.1071,0.1072,0.1073,0.1074,12614,25785,37398,29798,50179,87080,214491,153866,27436,14868,13843,70770,65763,36586,24970,57483,20931,13530,14901,15876
204,0.1062,0.1061,0.106,0.1059,0.1058,0.1057,0.1056,0.1055,0.1054,0.1053,0.1063,0.1064,0.1065,0.1066,0.1067,0.1068,0.1069,0.107,0.1071,0.1072,154,49761,137390,186316,58518,76503,30507,20612,67748,24034,23780,70198,91555,67782,15529,65704,24541,16800,14990,13993
205,0.1062,0.1061,0.106,0.1059,0.1058,0.1057,0.1056,0.1055,0.1054,0.1053,0.1063,0.1064,0.1065,0.1066,0.1067,0.1068,0.1069,0.107,0.1071,0.1072,18154,24639,68217,207525,162971,105414,56418,22982,65864,24034,21956,60962,78870,32568,49701,68256,19079,14062,14371,13993
206,0.107,0.1069,0.1068,0.1067,0.1066,0.1065,0.1064,0.1063,0.1062,0.1061,0.1071,0.1072,0.1073,0.1074,0.1075,0.1076,0.1077,0.1078,0.1079,0.108,21529,78954,45293,57633,26575,111848,11362,46368,34051,17937,11860,83490,95748,65421,20777,57286,19495,12040,13609,10856
207,0.1069,0.1068,0.1067,0.1066,0.1065,0.1064,0.1063,0.1062,0.1061,0.106,0.107,0.1071,0.1072,0.1073,0.1074,0.1075,0.1076,0.1077,0.1078,0.1079,32597,72212,54002,38795,81948,46641,48705,40685,11189,14946,4774,57169,69467,36045,56560,48985,50306,12346,12040,13609
208,0.1069,0.1068,0.1067,0.1066,0.1065,0.1064,0.1063,0.1062,0.1061,0.106,0.107,0.1071,0.1072,0.1073,0.1074,0.1075,0.1076,0.1077,0.1078,0.1079,9667,70362,48495,41280,110046,46884,48705,40692,11189,105406,27176,63526,50062,31963,59047,60306,26722,12346,12040,13609
209,0.1067,0.1066,0.1065,0.1064,0.1063,0.1062,0.1061,0.106,0.1059,0.1058,0.1068,0.1069,0.107,0.1071,0.1072,0.1073,0.1074,0.1075,0.1076,0.1077,7227,49457,63931,47865,40589,116453,101649,207621,94117,16563,21748,79161,80567,31798,50392,44788,18666,27523,26105,12346
210,0.1066,0.1065,0.1064,0.1063,0.1062,0.1061,0.106,0.1059,0.1058,0.1057,0.1067,0.1068,0.1069,0.107,0.1071,0.1072,0.1073,0.1074,0.1075,0.1076,15904,75159,43609,50127,150205,240868,68736,101184,14084,90414,15571,89967,66133,44900,48167,55818,14966,19344,12945,26105
211,0.1066,0.1065,0.1064,0.1063,0.1062,0.1061,0.106,0.1059,0.1058,0.1057,0.1067,0.1068,0.1069,0.107,0.1071,0.1072,0.1073,0.1074,0.1075,0.1076,23569,83542,80737,105894,247387,39780,59651,70863,20629,90414,6983,60529,49492,68300,55790,45073,18801,12800,12945,26245
212,0.1064,0.1063,0.1062,0.1061,0.106,0.1059,0.1058,0.1057,0.1056,0.1055,0.1065,0.1066,0.1067,0.1068,0.1069,0.107,0.1071,0.1072,0.1073,0.1074,25537,70254,255685,89549,27868,77317,48877,89796,49874,14658,17617,79535,75766,44809,42804,48128,9588,24578,11653,12800
213,0.1064,0.1063,0.1062,0.1061,0.106,0.1059,0.1058,0.1057,0.1056,0.1055,0.1065,0.1066,0.1067,0.1068,0.1069,0.107,0.1071,0.1072,0.1073,0.1074,16095,64986,101067,187762,62466,78713,14084,98984,56378,15278,13321,58046,59012,70233,47011,44897,16222,9978,11330,12800
214,0.1063,0.1062,0.1061,0.106,0.1059,0.1058,0.1057,0.1056,0.1055,0.1054,0.1064,0.1065,0.1066,0.1067,0.1068,0.1069,0.107,0.1071,0.1072,0.1073,8000,50966,46213,26775,114852,84952,98984,56400,15278,60583,22771,95907,93018,43453,46197,72760,19784,17903,9978,11330
215,0.1064,0.1063,0.1062,0.1061,0.106,0.1059,0.1058,0.1057,0.1056,0.1055,0.1065,0.1066,0.1067,0.1068,0.1069,0.107,0.1071,0.1072,0.1073,0.1074,4275,67727,79182,20862,192336,214796,14084,96622,65710,15278,26665,60664,32197,76082,50026,61612,17903,9978,11330,15126
216,0.1059,0.1058,0.1057,0.1056,0.1055,0.1054,0.1053,0.1052,0.1051,0.105,0.106,0.1061,0.1062,0.1063,0.1064,0.1065,0.1066,0.1067,0.1068,0.1069,4275,47681,222041,192232,55002,49210,160236,37908,12620,20973,26069,92081,84575,50867,22012,49318,27546,17470,11094,13202
217,0.1057,0.1056,0.1055,0.1054,0.1053,0.1052,0.1051,0.105,0.1049,0.1048,0.1058,0.1059,0.106,0.1061,0.1062,0.1063,0.1064,0.1065,0.1066,0.1067,11824,154107,210728,81510,137832,43993,26850,27040,96830,17929,45137,68168,62203,65712,47523,51661,18913,15392,10682,13838
218,0.1054,0.1053,0.1052,0.1051,0.105,0.1049,0.1048,0.1047,0.1046,0.1045,0.1055,0.1056,0.1057,0.1058,0.1059,0.106,0.1061,0.1062,0.1063,0.1064,9889,41965,64942,88380,96198,212108,130451,36648,29701,75652,24242,58818,94777,78868,57583,43693,23064,12862,18942,12780
219,0.1055,0.1054,0.1053,0.1052,0.1051,0.105,0.1049,0.1048,0.1047,0.1046,0.1056,0.1057,0.1058,0.1059,0.106,0.1061,0.1062,0.1063,0.1064,0.1065,12625,63933,74300,122029,21551,102302,75341,192900,52888,36319,18630,79285,95315,58048,22687,50364,12605,21184,12780,21599
220,0.106,0.1059,0.1058,0.1057,0.1056,0.1055,0.1054,0.1053,0.1052,0.1051,0.1061,0.1062,0.1063,0.1064,0.1065,0.1066,0.1067,0.1068,0.1069,0.107,18154,65919,65046,20383,58533,86323,25844,68722,287488,20435,25359,55076,50802,62882,54021,53090,19812,12296,10728,10092
221,0.1065,0.1064,0.1063,0.1062,0.1061,0.106,0.1059,0.1058,0.1057,0.1056,0.1066,0.1067,0.1068,0.1069,0.107,0.1071,0.1072,0.1073,0.1074,0.1075,18498,37114,60744,64251,58949,52638,21840,23530,54202,62756,20303,88649,70031,47267,28339,66379,12359,14210,10448,9696
222,0.1061,0.106,0.1059,0.1058,0.1057,0.1056,0.1055,0.1054,0.1053,0.1052,0.1062,0.1063,0.1064,0.1065,0.1066,0.1067,0.1068,0.1069,0.107,0.1071,27848,44655,51720,35606,116390,103624,21925,22037,79409,246530,32485,89229,40225,51452,42566,78158,16075,11863,18311,10167
223,0.1059,0.1058,0.1057,0.1056,0.1055,0.1054,0.1053,0.1052,0.1051,0.105,0.106,0.1061,0.1062,0.1063,0.1064,0.1065,0.1066,0.1067,0.1068,0.1069,6259,65612,103691,41958,15281,110101,278058,90529,65333,22243,29535,83398,64389,62003,19237,45319,9087,20157,9992,11540
224,0.1057,0.1056,0.1055,0.1054,0.1053,0.1052,0.1051,0.105,0.1049,0.1048,0.1058,0.1059,0.106,0.1061,0.1062,0.1063,0.1064,0.1065,0.1066,0.1067,25540,74906,62607,60275,49742,117010,33176,148287,171707,98940,20431,63638,89713,60125,15483,47594,17426,7561,13681,13215
225,0.1058,0.1057,0.1056,0.1055,0.1054,0.1053,0.1052,0.1051,0.105,0.1049,0.1059,0.106,0.1061,0.1062,0.1063,0.1064,0.1065,0.1066,0.1067,0.1068,25871,81375,59020,45647,113129,110301,232855,65333,34349,130823,7734,68142,68657,44600,46270,43238,6714,15621,13215,10614
226,0.1059,0.1058,0.1057,0.1056,0.1055,0.1054,0.1053,0.1052,0.1051,0.105,0.106,0.1061,0.1062,0.1063,0.1064,0.1065,0.1066,0.1067,0.1068,0.1069,23749,90654,121052,115031,139459,188134,41585,34720,65333,36738,22807,60661,69262,63066,37700,41620,9087,13215,10614,10265
227,0.106,0.1059,0.1058,0.1057,0.1056,0.1055,0.1054,0.1053,0.1052,0.1051,0.1061,0.1062,0.1063,0.1064,0.1065,0.1066,0.1067,0.1068,0.1069,0.107,7957,63011,78793,72275,81620,146113,166580,80535,48089,67718,18548,56602,58930,79881,49498,41283,25445,9992,10265,11177
228,0.1058,0.1057,0.1056,0.1055,0.1054,0.1053,0.1052,0.1051,0.105,0.1049,0.1059,0.106,0.1061,0.1062,0.1063,0.1064,0.1065,0.1066,0.1067,0.1068,14898,91892,104361,130517,246290,79596,25067,65333,41000,96469,27433,65467,49601,56633,40756,60303,10155,9087,13838,10302
229,0.1059,0.1058,0.1057,0.1056,0.1055,0.1054,0.1053,0.1052,0.1051,0.105,0.106,0.1061,0.1062,0.1063,0.1064,0.1065,0.1066,0.1067,0.1068,0.1069,6634,79906,66012,78826,104701,217173,115602,54616,65643,29868,31558,63123,78204,55105,52800,43856,15637,13215,12651,10888
230,0.1059,0.1058,0.1057,0.1056,0.1055,0.1054,0.1053,0.1052,0.1051,0.105,0.106,0.1061,0.1062,0.1063,0.1064,0.1065,0.1066,0.1067,0.1068,0.1069,7108,104526,90533,59693,101720,217185,115602,54616,68028,27479,20855,57867,68112,67097,52798,54200,15637,13215,10302,13233
231,0.1061,0.106,0.1059,0.1058,0.1057,0.1056,0.1055,0.1054,0.1053,0.1052,0.1062,0.1063,0.1064,0.1065,0.1066,0.1067,0.1068,0.1069,0.107,0.1071,7936,60363,127176,75860,84357,56594,62074,233233,79135,48399,28161,50732,55600,62110,42569,74845,10302,12610,10555,12470
232,0.1062,0.1061,0.106,0.1059,0.1058,0.1057,0.1056,0.1055,0.1054,0.1053,0.1063,0.1064,0.1065,0.1066,0.1067,0.1068,0.1069,0.107,0.1071,0.1072,5252,76758,90562,85256,90784,55755,26595,178583,102285,88619,21894,78746,50532,56150,42374,72143,10265,10555,12470,13824
233,0.1061,0.106,0.1059,0.1058,0.1057,0.1056,0.1055,0.1054,0.1053,0.1052,0.1062,0.1063,0.1064,0.1065,0.1066,0.1067,0.1068,0.1069,0.107,0.1071,8091,70398,73593,97602,95325,70397,115586,168517,99514,12240,24305,74836,68498,56496,48039,71158,16826,16860,10555,12469
234,0.1062,0.1061,0.106,0.1059,0.1058,0.1057,0.1056,0.1055,0.1054,0.1053,0.1063,0.1064,0.1065,0.1066,0.1067,0.1068,0.1069,0.107,0.1071,0.1072,16590,77115,78713,70910,100294,48474,133156,24505,166144,101891,16847,86041,66075,26035,45371,70459,17169,10555,14185,12110
235,0.1063,0.1062,0.1061,0.106,0.1059,0.1058,0.1057,0.1056,0.1055,0.1054,0.1064,0.1065,0.1066,0.1067,0.1068,0.1069,0.107,0.1071,0.1072,0.1073,5266,93138,93908,59861,84533,54089,56278,180924,90996,46589,20165,64696,70718,43523,46462,39348,17234,11848,11489,10010
236,0.106,0.1059,0.1058,0.1057,0.1056,0.1055,0.1054,0.1053,0.1052,0.1051,0.1061,0.1062,0.1063,0.1064,0.1065,0.1066,0.1067,0.1068,0.1069,0.107,39897,103662,83521,117529,269632,84689,50819,63696,12240,66008,1761,66507,69658,43803,51054,37896,49250,11267,10265,11176
237,0.1061,0.106,0.1059,0.1058,0.1057,0.1056,0.1055,0.1054,0.1053,0.1052,0.1062,0.1063,0.1064,0.1065,0.1066,0.1067,0.1068,0.1069,0.107,0.1071,16630,85363,89792,131553,209638,149117,53350,51441,66073,12240,16353,71759,92410,39909,37896,74440,11267,10265,11176,14185
238,0.1061,0.106,0.1059,0.1058,0.1057,0.1056,0.1055,0.1054,0.1053,0.1052,0.1062,0.1063,0.1064,0.1065,0.1066,0.1067,0.1068,0.1069,0.107,0.1071,14369,89603,108279,105137,213858,144893,53971,50819,66073,12240,24875,73585,82830,50081,37275,75061,11267,10265,10555,14806
239,0.1062,0.1061,0.106,0.1059,0.1058,0.1057,0.1056,0.1055,0.1054,0.1053,0.1063,0.1064,0.1065,0.1066,0.1067,0.1068,0.1069,0.107,0.1071,0.1072,16038,76556,80822,87313,101311,89118,240870,53971,50819,66073,13516,63451,47357,56952,59183,39449,16857,10555,14185,11268
240,0.1061,0.106,0.1059,0.1058,0.1057,0.1056,0.1055,0.1054,0.1053,0.1052,0.1062,0.1063,0.1064,0.1065,0.1066,0.1067,0.1068,0.1069,0.107,0.1071,10278,58994,130549,144293,173535,144733,53971,53192,63696,12240,18592,67084,81283,71344,38221,50943,34339,16857,10555,11848
241,0.1056,0.1055,0.1054,0.1053,0.1052,0.1051,0.105,0.1049,0.1048,0.1047,0.1057,0.1058,0.1059,0.106,0.1061,0.1062,0.1063,0.1064,0.1065,0.1066,4142,108762,196111,207367,25650,41067,79180,208303,18870,17140,22921,81345,93041,36126,46936,42479,28212,19054,21162,9087
242,0.1054,0.1053,0.1052,0.1051,0.105,0.1049,0.1048,0.1047,0.1046,0.1045,0.1055,0.1056,0.1057,0.1058,0.1059,0.106,0.1061,0.1062,0.1063,0.1064,23166,74503,94865,120924,200592,145603,21216,16882,99782,73328,18137,59207,70534,57604,54802,40540,16546,10572,9652,11949
243,0.1054,0.1053,0.1052,0.1051,0.105,0.1049,0.1048,0.1047,0.1046,0.1045,0.1055,0.1056,0.1057,0.1058,0.1059,0.106,0.1061,0.1062,0.1063,0.1064,26916,170383,209151,138113,75838,49647,18818,16882,102174,73328,13038,67274,91474,47544,54802,40227,16546,10572,9652,14315
244,0.1055,0.1054,0.1053,0.1052,0.1051,0.105,0.1049,0.1048,0.1047,0.1046,0.1056,0.1057,0.1058,0.1059,0.106,0.1061,0.1062,0.1063,0.1064,0.1065,12405,176098,119679,131867,204165,75837,20821,30837,16882,95672,12156,69342,91451,53116,41180,44915,10572,9652,14315,21162
245,0.1054,0.1053,0.1052,0.1051,0.105,0.1049,0.1048,0.1047,0.1046,0.1045,0.1055,0.1056,0.1057,0.1058,0.1059,0.106,0.1061,0.1062,0.1063,0.1064,8803,100887,101221,179527,199487,49333,18818,35532,99937,73328,16924,51613,83917,77426,50552,40227,16546,10572,9652,11949
246,0.1054,0.1053,0.1052,0.1051,0.105,0.1049,0.1048,0.1047,0.1046,0.1045,0.1055,0.1056,0.1057,0.1058,0.1059,0.106,0.1061,0.1062,0.1063,0.1064,23832,97325,100008,113431,91811,247468,25509,33130,95672,73328,6036,84444,70402,42879,50564,40215,16546,10572,9652,14315
247,0.1056,0.1055,0.1054,0.1053,0.1052,0.1051,0.105,0.1049,0.1048,0.1047,0.1057,0.1058,0.1059,0.106,0.1061,0.1062,0.1063,0.1064,0.1065,0.1066,23111,94786,76760,64723,105996,47935,63014,214783,25509,33183,14740,57655,75945,65419,46610,46233,9652,13690,21162,10895
248,0.1054,0.1053,0.1052,0.1051,0.105,0.1049,0.1048,0.1047,0.1046,0.1045,0.1055,0.1056,0.1057,0.1058,0.1059,0.106,0.1061,0.1062,0.1063,0.1064,17937,92118,98642,39320,150837,243282,27907,33183,93266,73953,12856,54928,74494,71669,46256,39948,18242,17266,9652,11949
249,0.1057,0.1056,0.1055,0.1054,0.1053,0.1052,0.1051,0.105,0.1049,0.1048,0.1058,0.1059,0.106,0.1061,0.1062,0.1063,0.1064,0.1065,0.1066,0.1067,30551,91775,71863,50790,100653,75875,34312,64279,244646,25509,11907,49250,72216,71328,46470,39819,13690,21162,10895,13411
250,0.1056,0.1055,0.1054,0.1053,0.1052,0.1051,0.105,0.1049,0.1048,0.1047,0.1057,0.1058,0.1059,0.106,0.1061,0.1062,0.1063,0.1064,0.1065,0.1066,14081,82674,78931,44696,110352,58837,37110,53645,18871,10616,10568,45294,76244,73111,42305,38826,17379,13005,19804,10270
251,0.1056,0.1055,0.1054,0.1053,0.1052,0.1051,0.105,0.1049,0.1048,0.1047,0.1057,0.1058,0.1059,0.106,0.1061,0.1062,0.1063,0.1064,0.1065,0.1066,23330,67290,81995,51249,110500,64440,37110,53645,21269,10616,9450,81102,77010,37293,42306,38817,27075,11324,22164,10270
252,0.1056,0.1055,0.1054,0.1053,0.1052,0.1051,0.105,0.1049,0.1048,0.1047,0.1057,0.1058,0.1059,0.106,0.1061,0.1062,0.1063,0.1064,0.1065,0.1066,27304,104082,88319,109237,97479,172370,101571,59741,37451,62705,5801,63351,59676,38859,54937,44191,13187,11324,21841,10270
253,0.1057,0.1056,0.1055,0.1054,0.1053,0.1052,0.1051,0.105,0.1049,0.1048,0.1058,0.1059,0.106,0.1061,0.1062,0.1063,0.1064,0.1065,0.1066,0.1067,14542,91900,125782,38370,105078,157873,91086,28176,127040,21839,27823,78122,61180,46088,51318,40428,11184,28350,10270,13411
254,0.1056,0.1055,0.1054,0.1053,0.1052,0.1051,0.105,0.1049,0.1048,0.1047,0.1057,0.1058,0.1059,0.106,0.1061,0.1062,0.1063,0.1064,0.1065,0.1066,23903,85823,96804,132627,253544,56728,43342,133719,37451,9992,16884,101092,64789,36967,46209,38845,20468,11184,21841,10270
255,0.1058,0.1057,0.1056,0.1055,0.1054,0.1053,0.1052,0.1051,0.105,0.1049,0.1059,0.106,0.1061,0.1062,0.1063,0.1064,0.1065,0.1066,0.1067,0.1068,21260,76354,89649,90596,92718,62149,236884,107412,27224,53645,10844,55421,40296,74080,46093,39471,28487,10270,19571,9992
256,0.1059,0.1058,0.1057,0.1056,0.1055,0.1054,0.1053,0.1052,0.1051,0.105,0.106,0.1061,0.1062,0.1063,0.1064,0.1065,0.1066,0.1067,0.1068,0.1069,14518,76414,156629,245519,48717,59626,30115,172618,35455,78058,16661,74432,51556,59102,45343,54387,10270,16341,15528,11351
257,0.1058,0.1057,0.1056,0.1055,0.1054,0.1053,0.1052,0.1051,0.105,0.1049,0.1059,0.106,0.1061,0.1062,0.1063,0.1064,0.1065,0.1066,0.1067,0.1068,16296,84245,93698,91896,139398,178319,172618,37840,27224,17686,25515,52496,80709,67216,43197,45344,26127,10270,21877,9992
258,0.1059,0.1058,0.1057,0.1056,0.1055,0.1054,0.1053,0.1052,0.1051,0.105,0.106,0.1061,0.1062,0.1063,0.1064,0.1065,0.1066,0.1067,0.1068,0.1069,8486,72588,118937,124034,97271,95730,149928,172618,35455,29613,17605,73952,67711,33310,53373,54388,10270,21877,10303,11351
259,0.1057,0.1056,0.1055,0.1054,0.1053,0.1052,0.1051,0.105,0.1049,0.1048,0.1058,0.1059,0.106,0.1061,0.1062,0.1063,0.1064,0.1065,0.1066,0.1067,15354,110727,206535,84231,48442,138706,38463,36158,21893,66657,16398,74404,70703,32496,56262,43196,23626,19481,15806,16341
260,0.1055,0.1054,0.1053,0.1052,0.1051,0.105,0.1049,0.1048,0.1047,0.1046,0.1056,0.1057,0.1058,0.1059,0.106,0.1061,0.1062,0.1063,0.1064,0.1065,129649,168816,198181,182121,61505,129727,26687,102048,94988,20566,7740,82952,81903,57097,40157,47573,10486,19122,11495,25017
261,0.1057,0.1056,0.1055,0.1054,0.1053,0.1052,0.1051,0.105,0.1049,0.1048,0.1058,0.1059,0.106,0.1061,0.1062,0.1063,0.1064,0.1065,0.1066,0.1067,8443,115561,288046,107311,143658,113151,28809,100619,24604,54832,17256,48338,60430,75450,43061,46379,14055,25017,10270,13794
262,0.1057,0.1056,0.1055,0.1054,0.1053,0.1052,0.1051,0.105,0.1049,0.1048,0.1058,0.1059,0.106,0.1061,0.1062,0.1063,0.1064,0.1065,0.1066,0.1067,26456,113468,261706,145044,142022,113137,28809,100930,26687,54832,17256,59122,52698,63421,48310,46378,11691,27375,10270,13794
263,0.105,0.1049,0.1048,0.1047,0.1046,0.1045,0.1044,0.1043,0.1042,0.1041,0.1051,0.1052,0.1053,0.1054,0.1055,0.1056,0.1057,0.1058,0.1059,0.106,30202,91744,94507,68127,51930,136504,262090,10334,8213,13165,12360,65276,56598,55250,24465,90502,15622,16040,9095,9035
264,0.1048,0.1047,0.1046,0.1045,0.1044,0.1043,0.1042,0.1041,0.104,0.1039,0.1049,0.105,0.1051,0.1052,0.1053,0.1054,0.1055,0.1056,0.1057,0.1058,12698,81037,73903,133716,111766,127954,16953,49327,36566,138066,43541,76650,84431,22856,50305,43882,58405,11007,10278,9000
265,0.105,0.1049,0.1048,0.1047,0.1046,0.1045,0.1044,0.1043,0.1042,0.1041,0.1051,0.1052,0.1053,0.1054,0.1055,0.1056,0.1057,0.1058,0.1059,0.106,19143,69454,56479,56751,49861,68441,39968,11193,46420,104625,8552,69177,50353,54666,72406,52776,10094,16797,21182,8002
266,0.1052,0.1051,0.105,0.1049,0.1048,0.1047,0.1046,0.1045,0.1044,0.1043,0.1053,0.1054,0.1055,0.1056,0.1057,0.1058,0.1059,0.106,0.1061,0.1062,6587,39850,85857,85156,131430,208362,107036,21476,110349,11193,30881,64027,64620,19473,80374,68428,9323,15919,10112,10846
267,0.1051,0.105,0.1049,0.1048,0.1047,0.1046,0.1045,0.1044,0.1043,0.1042,0.1052,0.1053,0.1054,0.1055,0.1056,0.1057,0.1058,0.1059,0.106,0.1061,8886,64917,85235,180191,137965,206323,21476,110437,71081,10944,20040,66004,52240,31577,90728,45877,18417,15870,15919,10112
268,0.1047,0.1046,0.1045,0.1044,0.1043,0.1042,0.1041,0.104,0.1039,0.1038,0.1048,0.1049,0.105,0.1051,0.1052,0.1053,0.1054,0.1055,0.1056,0.1057,10766,82449,70458,58186,29672,57910,118191,126904,173829,84196,18260,57822,60113,98696,18709,50092,17653,9369,9466,9633
269,0.1046,0.1045,0.1044,0.1043,0.1042,0.1041,0.104,0.1039,0.1038,0.1037,0.1047,0.1048,0.1049,0.105,0.1051,0.1052,0.1053,0.1054,0.1055,0.1056,13513,105599,160476,62035,141651,111509,56521,102870,84196,10270,14904,66913,52632,36616,95763,45085,20303,17653,9369,9466
270,0.1042,0.1041,0.104,0.1039,0.1038,0.1037,0.1036,0.1035,0.1034,0.1033,0.1043,0.1044,0.1045,0.1046,0.1047,0.1048,0.1049,0.105,0.1051,0.1052,55663,58754,80754,85996,149539,68816,12569,43815,176090,64129,23150,55545,52819,38729,45125,35951,17629,52363,9003,9003
271,0.1045,0.1044,0.1043,0.1042,0.1041,0.104,0.1039,0.1038,0.1037,0.1036,0.1046,0.1047,0.1048,0.1049,0.105,0.1051,0.1052,0.1053,0.1054,0.1055,19977,45860,33910,40134,63351,178045,92686,31225,33394,84890,9060,29151,42270,36197,61647,18022,9634,19505,14716,12645
272,0.1049,0.1048,0.1047,0.1046,0.1045,0.1044,0.1043,0.1042,0.1041,0.104,0.105,0.1051,0.1052,0.1053,0.1054,0.1055,0.1056,0.1057,0.1058,0.1059,9982,33035,44445,109210,503000,37277,20860,22701,20012,63936,34616,53522,38249,56123,56178,21803,11908,12539,51579,12191
273,0.105,0.1049,0.1048,0.1047,0.1046,0.1045,0.1044,0.1043,0.1042,0.1041,0.1051,0.1052,0.1053,0.1054,0.1055,0.1056,0.1057,0.1058,0.1059,0.106,11192,24073,35622,56658,49240,976805,28743,20155,55459,61368,54107,58139,70106,60865,15956,18418,11908,51579,15207,10192
274,0.1047,0.1046,0.1045,0.1044,0.1043,0.1042,0.1041,0.104,0.1039,0.1038,0.1049,0.105,0.1051,0.1052,0.1053,0.1054,0.1055,0.1056,0.1057,0.1058,24889,91425,1055127,33938,9223,20416,71118,157299,161205,25354,40877,32172,32092,48999,30411,62774,12938,9314,7633,47304
275,0.1045,0.1044,0.1043,0.1042,0.1041,0.104,0.1039,0.1038,0.1037,0.1036,0.1046,0.1047,0.1048,0.1049,0.105,0.1051,0.1052,0.1053,0.1054,0.1055,678205,15321,29024,29164,107596,194565,29032,44275,66313,77177,36061,35316,52719,42258,30566,18989,6010,21731,9062,51071
276,0.1047,0.1046,0.1045,0.1044,0.1043,0.1042,0.1041,0.104,0.1039,0.1038,0.1048,0.1049,0.105,0.1051,0.1052,0.1053,0.1054,0.1055,0.1056,0.1057,31395,93285,740359,37470,28682,11070,99688,173041,57387,78067,1761,34775,39171,29908,39555,26928,45595,10576,52842,13169
277,0.1049,0.1048,0.1047,0.1046,0.1045,0.1044,0.1043,0.1042,0.1041,0.104,0.105,0.1051,0.1052,0.1053,0.1054,0.1055,0.1056,0.1057,0.1058,0.1059,11942,39585,43379,73988,742643,11293,35251,246006,14261,22594,9166,24775,44144,38417,18735,22514,52842,15563,41737,7885
278,0.1048,0.1047,0.1046,0.1045,0.1044,0.1043,0.1042,0.1041,0.104,0.1039,0.1049,0.105,0.1051,0.1052,0.1053,0.1054,0.1055,0.1056,0.1057,0.1058,31406,84998,129070,735310,49765,224754,116704,19235,25026,4727,4403,82252,72313,31525,61563,89353,23350,9945,15563,41737
279,0.1048,0.1047,0.1046,0.1045,0.1044,0.1043,0.1042,0.1041,0.104,0.1039,0.1049,0.105,0.1051,0.1052,0.1053,0.1054,0.1055,0.1056,0.1057,0.1058,20534,94664,107388,735052,85869,188651,121674,14261,32222,5356,10793,85023,59311,35916,61641,91264,17626,8264,15563,41737
280,0.1047,0.1046,0.1045,0.1044,0.1043,0.1042,0.1041,0.104,0.1039,0.1038,0.1048,0.1049,0.105,0.1051,0.1052,0.1053,0.1054,0.1055,0.1056,0.1057,8432,70592,754556,66124,98083,234469,24103,39158,5356,164112,18766,81728,104775,43843,19884,60250,56888,17626,13800,10027
281,0.1047,0.1046,0.1045,0.1044,0.1043,0.1042,0.1041,0.104,0.1039,0.1038,0.1048,0.1049,0.105,0.1051,0.1052,0.1053,0.1054,0.1055,0.1056,0.1057,1510,98779,747852,72087,97454,237572,24103,36726,7163,159534,18654,78002,60411,66042,44331,56713,57517,17626,24486,7633
282,0.1046,0.1045,0.1044,0.1043,0.1042,0.1041,0.104,0.1039,0.1038,0.1037,0.1047,0.1048,0.1049,0.105,0.1051,0.1052,0.1053,0.1054,0.1055,0.1056,22558,733279,122295,145240,183228,46202,29530,15253,168446,11507,1761,88162,76216,47047,50402,40061,32733,59420,16526,10030
283,0.1046,0.1045,0.1044,0.1043,0.1042,0.1041,0.104,0.1039,0.1038,0.1037,0.1047,0.1048,0.1049,0.105,0.1051,0.1052,0.1053,0.1054,0.1055,0.1056,16069,740582,222497,106818,112845,46202,29530,15253,168446,11507,16690,82776,78836,44395,50402,40061,23226,67693,16526,5421
284,0.1046,0.1045,0.1044,0.1043,0.1042,0.1041,0.104,0.1039,0.1038,0.1037,0.1047,0.1048,0.1049,0.105,0.1051,0.1052,0.1053,0.1054,0.1055,0.1056,41278,714649,64013,105299,223253,124582,30161,15253,120344,16610,16834,66999,78596,71115,46143,43974,22722,57495,5106,6052
285,0.1048,0.1047,0.1046,0.1045,0.1044,0.1043,0.1042,0.1041,0.104,0.1039,0.1049,0.105,0.1051,0.1052,0.1053,0.1054,0.1055,0.1056,0.1057,0.1058,14153,95573,83338,696688,45743,207281,86423,87522,29530,9379,10496,85850,75067,56940,60455,81466,19930,25132,8746,37159
286,0.1049,0.1048,0.1047,0.1046,0.1045,0.1044,0.1043,0.1042,0.1041,0.104,0.105,0.1051,0.1052,0.1053,0.1054,0.1055,0.1056,0.1057,0.1058,0.1059,4634,66678,62803,77065,718176,45743,111601,135807,87522,29530,43672,85954,46225,85162,81466,50274,16192,8746,37159,4180
287,0.1051,0.105,0.1049,0.1048,0.1047,0.1046,0.1045,0.1044,0.1043,0.1042,0.1052,0.1053,0.1054,0.1055,0.1056,0.1057,0.1058,0.1059,0.106,0.1061,5763,58698,64939,58099,65819,55718,660212,19363,82701,170950,48680,82504,112377,27947,46879,56049,39871,9261,9107,5690
288,0.1051,0.105,0.1049,0.1048,0.1047,0.1046,0.1045,0.1044,0.1043,0.1042,0.1052,0.1053,0.1054,0.1055,0.1056,0.1057,0.1058,0.1059,0.106,0.1061,19654,76323,69494,59373,41009,56210,656854,179252,153084,10160,5530,91076,95925,91719,45547,50528,38163,17957,5865,5061
289,0.1051,0.105,0.1049,0.1048,0.1047,0.1046,0.1045,0.1044,0.1043,0.1042,0.1052,0.1053,0.1054,0.1055,0.1056,0.1057,0.1058,0.1059,0.106,0.1061,12611,69484,88864,113980,140027,49922,657481,56405,115108,83555,21235,87081,65188,93953,67075,39898,48783,3307,5865,5061
290,0.1051,0.105,0.1049,0.1048,0.1047,0.1046,0.1045,0.1044,0.1043,0.1042,0.1052,0.1053,0.1054,0.1055,0.1056,0.1057,0.1058,0.1059,0.106,0.1061,20176,86475,88343,140918,110488,50549,730249,52145,115108,10787,21983,94517,57356,49907,96971,38230,50410,3307,11571,5061
291,0.1052,0.1051,0.105,0.1049,0.1048,0.1047,0.1046,0.1045,0.1044,0.1043,0.1053,0.1054,0.1055,0.1056,0.1057,0.1058,0.1059,0.106,0.1061,0.1062,24883,82392,65628,84061,19395,40720,124121,733803,45616,172437,14949,72359,77416,87621,46698,73537,9977,12840,5061,393
292,0.1054,0.1053,0.1052,0.1051,0.105,0.1049,0.1048,0.1047,0.1046,0.1045,0.1055,0.1056,0.1057,0.1058,0.1059,0.106,0.1061,0.1062,0.1063,0.1064,19956,45119,69163,108163,40922,50214,21728,86032,240663,659533,12732,92945,117516,71828,43312,46529,8064,6093,8270,8953
293,0.1055,0.1054,0.1053,0.1052,0.1051,0.105,0.1049,0.1048,0.1047,0.1046,0.1056,0.1057,0.1058,0.1059,0.106,0.1061,0.1062,0.1063,0.1064,0.1065,29666,35738,69877,54286,93859,40012,40225,18572,206586,104310,4600,97552,144131,35225,47971,35246,12671,10639,8953,9615
294,0.1057,0.1056,0.1055,0.1054,0.1053,0.1052,0.1051,0.105,0.1049,0.1048,0.1058,0.1059,0.106,0.1061,0.1062,0.1063,0.1064,0.1065,0.1066,0.1067,25322,66950,71531,64879,44143,40542,78496,7813,76328,64368,30190,82985,74804,67962,52303,45593,28793,11970,8000,3098
295,0.1057,0.1056,0.1055,0.1054,0.1053,0.1052,0.1051,0.105,0.1049,0.1048,0.1058,0.1059,0.106,0.1061,0.1062,0.1063,0.1064,0.1065,0.1066,0.1067,17789,53212,74972,62183,54499,39919,68745,130464,42621,152144,16627,82687,76865,75278,58333,35953,26428,2330,13673,5451
296,0.1055,0.1054,0.1053,0.1052,0.1051,0.105,0.1049,0.1048,0.1047,0.1046,0.1056,0.1057,0.1058,0.1059,0.106,0.1061,0.1062,0.1063,0.1064,0.1065,6501,57236,50473,51909,110474,167547,49165,116607,7840,89194,13474,81981,81114,76670,49338,38076,21521,3679,9960,2330
297,0.1054,0.1053,0.1052,0.1051,0.105,0.1049,0.1048,0.1047,0.1046,0.1045,0.1055,0.1056,0.1057,0.1058,0.1059,0.106,0.1061,0.1062,0.1063,0.1064,3529,87570,59859,115287,171742,73659,126493,21817,88565,743398,26497,73921,97624,100502,60568,48752,12717,14696,23541,10953
298,0.1054,0.1053,0.1052,0.1051,0.105,0.1049,0.1048,0.1047,0.1046,0.1045,0.1055,0.1056,0.1057,0.1058,0.1059,0.106,0.1061,0.1062,0.1063,0.1064,27783,87456,166446,66184,117431,73659,121544,21817,88565,748342,4962,76343,74575,54196,109001,48752,11036,20385,16851,8588
299,0.1054,0.1053,0.1052,0.1051,0.105,0.1049,0.1048,0.1047,0.1046,0.1045,0.1055,0.1056,0.1057,0.1058,0.1059,0.106,0.1061,0.1062,0.1063,0.1064,20949,85300,59316,251963,47049,73674,121544,19413,90973,748342,4403,59422,63922,89697,109009,49687,12093,22756,14482,13954
300,0.1056,0.1055,0.1054,0.1053,0.1052,0.1051,0.105,0.1049,0.1048,0.1047,0.1057,0.1058,0.1059,0.106,0.1061,0.1062,0.1063,0.1064,0.1065,0.1066,23797,125488,57639,41188,50058,161381,87995,118557,54682,12777,3516,61206,101836,110316,43404,52123,15479,14485,7267,12388
301,0.1056,0.1055,0.1054,0.1053,0.1052,0.1051,0.105,0.1049,0.1048,0.1047,0.1057,0.1058,0.1059,0.106,0.1061,0.1062,0.1063,0.1064,0.1065,0.1066,23739,125488,80033,50729,50058,163476,88604,122480,50497,12830,8455,55162,82000,124976,43404,43164,21995,23544,9628,12388
302,0.1057,0.1056,0.1055,0.1054,0.1053,0.1052,0.1051,0.105,0.1049,0.1048,0.1058,0.1059,0.106,0.1061,0.1062,0.1063,0.1064,0.1065,0.1066,0.1067,23587,76445,101600,47973,55518,84175,12750,150118,120820,83373,3279,98017,46301,112359,46070,50627,15432,18694,12388,7504
303,0.1055,0.1054,0.1053,0.1052,0.1051,0.105,0.1049,0.1048,0.1047,0.1046,0.1056,0.1057,0.1058,0.1059,0.106,0.1061,0.1062,0.1063,0.1064,0.1065,14234,42670,66042,63879,88938,176920,129806,48097,13454,89303,17762,108467,83367,116620,20178,53798,19412,21387,15432,7267
304,0.1057,0.1056,0.1055,0.1054,0.1053,0.1052,0.1051,0.105,0.1049,0.1048,0.1058,0.1059,0.106,0.1061,0.1062,0.1063,0.1064,0.1065,0.1066,0.1067,100144,65184,60230,50578,39791,49121,115090,159326,56787,82750,2104,80279,79428,93350,25812,56449,17470,13274,13002,7504
305,0.1059,0.1058,0.1057,0.1056,0.1055,0.1054,0.1053,0.1052,0.1051,0.105,0.106,0.1061,0.1062,0.1063,0.1064,0.1065,0.1066,0.1067,0.1068,0.1069,86572,78185,50442,74580,38847,49948,22789,35517,182907,83473,7611,49504,86975,51118,69418,49097,49481,13177,12475,13412
306,0.1059,0.1058,0.1057,0.1056,0.1055,0.1054,0.1053,0.1052,0.1051,0.105,0.106,0.1061,0.1062,0.1063,0.1064,0.1065,0.1066,0.1067,0.1068,0.1069,94794,46116,85129,44462,45987,49935,29466,239332,83525,12750,12261,89968,89523,84288,56778,42476,25541,14452,14825,16062
307,0.1059,0.1058,0.1057,0.1056,0.1055,0.1054,0.1053,0.1052,0.1051,0.105,0.106,0.1061,0.1062,0.1063,0.1064,0.1065,0.1066,0.1067,0.1068,0.1069,100249,48928,128072,55035,45987,49935,126947,141850,83525,15140,2642,99901,81353,85209,56778,52409,56423,14452,23892,16062
308,0.106,0.1059,0.1058,0.1057,0.1056,0.1055,0.1054,0.1053,0.1052,0.1051,0.1061,0.1062,0.1063,0.1064,0.1065,0.1066,0.1067,0.1068,0.1069,0.107,94007,75068,71707,93991,54750,45665,17254,183460,70858,84147,10481,96275,84684,89394,42469,74681,15128,14825,16062,11890
309,0.1061,0.106,0.1059,0.1058,0.1057,0.1056,0.1055,0.1054,0.1053,0.1052,0.1062,0.1063,0.1064,0.1065,0.1066,0.1067,0.1068,0.1069,0.107,0.1071,80482,50304,75057,33524,110265,41318,82491,17926,183944,106944,2642,62895,79364,108216,43704,54018,19933,28451,11501,7482
310,0.1062,0.1061,0.106,0.1059,0.1058,0.1057,0.1056,0.1055,0.1054,0.1053,0.1063,0.1064,0.1065,0.1066,0.1067,0.1068,0.1069,0.107,0.1071,0.1072,64768,57194,76423,44683,50064,101583,17909,114612,215159,20397,2799,74949,83792,87482,49786,47802,29392,10883,15469,5878
311,0.1065,0.1064,0.1063,0.1062,0.1061,0.106,0.1059,0.1058,0.1057,0.1056,0.1066,0.1067,0.1068,0.1069,0.107,0.1071,0.1072,0.1073,0.1074,0.1075,30705,57804,55922,56273,55463,51703,21243,74968,66613,49974,34699,125418,101286,33040,48001,49956,19716,20222,10755,7267
312,0.1065,0.1064,0.1063,0.1062,0.1061,0.106,0.1059,0.1058,0.1057,0.1056,0.1066,0.1067,0.1068,0.1069,0.107,0.1071,0.1072,0.1073,0.1074,0.1075,32404,50454,110213,75852,54518,51702,21243,79867,159168,157637,15702,91279,70657,108143,47167,59271,18937,19602,10755,15216
313,0.1066,0.1065,0.1064,0.1063,0.1062,0.1061,0.106,0.1059,0.1058,0.1057,0.1067,0.1068,0.1069,0.107,0.1071,0.1072,0.1073,0.1074,0.1075,0.1076,27767,68942,82579,85002,93143,54517,23586,21257,139728,90772,4848,82381,92040,104288,33992,46569,19607,10766,12903,11071
314,0.1065,0.1064,0.1063,0.1062,0.1061,0.106,0.1059,0.1058,0.1057,0.1056,0.1066,0.1067,0.1068,0.1069,0.107,0.1071,0.1072,0.1073,0.1074,0.1075,4556,42539,62454,97646,65917,69567,21257,102691,198182,86644,36533,54920,82998,109311,29373,59274,45631,28545,10766,7267
315,0.1065,0.1064,0.1063,0.1062,0.1061,0.106,0.1059,0.1058,0.1057,0.1056,0.1066,0.1067,0.1068,0.1069,0.107,0.1071,0.1072,0.1073,0.1074,0.1075,30062,48276,73108,100330,75404,51193,113812,212459,34635,15921,35356,90399,145689,34958,53271,50813,24219,12947,5130,7267
316,0.1067,0.1066,0.1065,0.1064,0.1063,0.1062,0.1061,0.106,0.1059,0.1058,0.1068,0.1069,0.107,0.1071,0.1072,0.1073,0.1074,0.1075,0.1076,0.1077,22481,63559,74422,19926,64837,92216,86948,22967,178127,153804,10683,39411,84738,99093,26946,63210,52486,15545,5130,15330
317,0.1068,0.1067,0.1066,0.1065,0.1064,0.1063,0.1062,0.1061,0.106,0.1059,0.1069,0.107,0.1071,0.1072,0.1073,0.1074,0.1075,0.1076,0.1077,0.1078,11430,66858,74067,71924,32350,73884,64672,70809,29640,250480,20170,84834,114704,50302,63384,48693,7590,10750,10323,11778
318,0.1067,0.1066,0.1065,0.1064,0.1063,0.1062,0.1061,0.106,0.1059,0.1058,0.1068,0.1069,0.107,0.1071,0.1072,0.1073,0.1074,0.1075,0.1076,0.1077,11060,71688,112936,24092,73896,108509,163364,171355,14580,82464,20204,76674,111874,82000,48666,59481,15035,13210,5130,9705
319,0.1067,0.1066,0.1065,0.1064,0.1063,0.1062,0.1061,0.106,0.1059,0.1058,0.1068,0.1069,0.107,0.1071,0.1072,0.1073,0.1074,0.1075,0.1076,0.1077,13450,57065,80621,63898,71151,129872,274666,27854,15197,138210,14232,73423,73961,98504,58095,55319,7597,19840,5130,15325
320,0.1066,0.1065,0.1064,0.1063,0.1062,0.1061,0.106,0.1059,0.1058,0.1057,0.1067,0.1068,0.1069,0.107,0.1071,0.1072,0.1073,0.1074,0.1075,0.1076,5672,68838,48520,77977,93763,303115,22967,21208,173362,45516,20065,67760,50971,50157,91979,59026,22162,19892,7590,5130
321,0.1066,0.1065,0.1064,0.1063,0.1062,0.1061,0.106,0.1059,0.1058,0.1057,0.1068,0.1069,0.107,0.1071,0.1072,0.1073,0.1074,0.1075,0.1076,0.1077,23078,69120,76471,113348,264105,69461,22967,21208,173362,45516,38596,76325,79728,95653,23410,51785,19274,13215,5130,12718
322,0.1064,0.1063,0.1062,0.1061,0.106,0.1059,0.1058,0.1057,0.1056,0.1055,0.1066,0.1067,0.1068,0.1069,0.107,0.1071,0.1072,0.1073,0.1074,0.1075,58152,124472,310381,51099,51197,102882,119603,13229,18245,24176,61362,54730,42828,85843,104407,17421,27202,13895,9992,7590
323,0.1066,0.1065,0.1064,0.1063,0.1062,0.1061,0.106,0.1059,0.1058,0.1057,0.1067,0.1068,0.1069,0.107,0.1071,0.1072,0.1073,0.1074,0.1075,0.1076,14614,76184,57835,56262,97748,326190,27871,21705,63895,73485,7292,59612,48669,74575,85690,49806,7631,14348,9591,13061
324,0.1063,0.1062,0.1061,0.106,0.1059,0.1058,0.1057,0.1056,0.1055,0.1054,0.1064,0.1065,0.1066,0.1067,0.1068,0.1069,0.107,0.1071,0.1072,0.1073,17814,72929,289243,127552,44702,92785,97449,12989,13263,21242,22150,78224,86230,57305,92274,56299,20920,23624,7648,7631
325,0.1063,0.1062,0.1061,0.106,0.1059,0.1058,0.1057,0.1056,0.1055,0.1054,0.1064,0.1065,0.1066,0.1067,0.1068,0.1069,0.107,0.1071,0.1072,0.1073,13542,74438,248703,206320,43862,57931,38789,20794,104426,21337,14863,73694,78513,51200,49471,91759,21202,16237,22815,10058
326,0.1063,0.1062,0.1061,0.106,0.1059,0.1058,0.1057,0.1056,0.1055,0.1054,0.1064,0.1065,0.1066,0.1067,0.1068,0.1069,0.107,0.1071,0.1072,0.1073,14610,68261,69005,139751,187842,147040,32293,20794,110924,21337,5317,62013,82856,76339,70035,44879,18306,13224,22801,14832
327,0.1064,0.1063,0.1062,0.1061,0.106,0.1059,0.1058,0.1057,0.1056,0.1055,0.1065,0.1066,0.1067,0.1068,0.1069,0.107,0.1071,0.1072,0.1073,0.1074,24918,72616,68785,84610,254705,43873,110103,28761,20794,104735,2784,40845,64233,75390,67363,39208,51333,24828,12500,11502
328,0.1065,0.1064,0.1063,0.1062,0.1061,0.106,0.1059,0.1058,0.1057,0.1056,0.1066,0.1067,0.1068,0.1069,0.107,0.1071,0.1072,0.1073,0.1074,0.1075,3591,46762,65920,85174,213834,131127,19566,134913,28761,18250,21863,59700,64170,50046,95091,52891,22492,12823,13210,12445
329,0.1065,0.1064,0.1063,0.1062,0.1061,0.106,0.1059,0.1058,0.1057,0.1056,0.1066,0.1067,0.1068,0.1069,0.107,0.1071,0.1072,0.1073,0.1074,0.1075,15528,48671,89321,69236,56119,233975,90558,135221,31125,15340,15839,59916,68883,81259,45464,52891,22492,12823,10882,14769
330,0.1067,0.1066,0.1065,0.1064,0.1063,0.1062,0.1061,0.106,0.1059,0.1058,0.1068,0.1069,0.107,0.1071,0.1072,0.1073,0.1074,0.1075,0.1076,0.1077,11851,52770,76647,37856,86281,44320,74774,103104,61270,246424,18651,82712,96332,48971,71667,53698,17143,28474,13780,18047
331,0.1067,0.1066,0.1065,0.1064,0.1063,0.1062,0.1061,0.106,0.1059,0.1058,0.1068,0.1069,0.107,0.1071,0.1072,0.1073,0.1074,0.1075,0.1076,0.1077,4196,69076,67011,75098,40619,53690,79660,266032,138847,48995,17900,82930,127390,57801,36990,58195,22396,23754,13780,18047
332,0.1069,0.1068,0.1067,0.1066,0.1065,0.1064,0.1063,0.1062,0.1061,0.106,0.107,0.1071,0.1072,0.1073,0.1074,0.1075,0.1076,0.1077,0.1078,0.1079,7484,54661,74738,83605,25076,46087,48167,25219,68178,102485,21574,52516,133115,73044,24622,44808,44224,26991,21127,22442
333,0.1071,0.107,0.1069,0.1068,0.1067,0.1066,0.1065,0.1064,0.1063,0.1062,0.1072,0.1073,0.1074,0.1075,0.1076,0.1077,0.1078,0.1079,0.108,0.1081,17945,66581,92247,29296,63549,48114,39884,67205,26580,113637,16701,54608,122815,79352,41173,43857,51160,22911,17789,17737
334,0.1069,0.1068,0.1067,0.1066,0.1065,0.1064,0.1063,0.1062,0.1061,0.106,0.107,0.1071,0.1072,0.1073,0.1074,0.1075,0.1076,0.1077,0.1078,0.1079,33226,65795,64373,48368,59153,60980,130604,162797,52428,95699,25474,73317,71169,83836,56213,53994,15041,24255,22978,15783
335,0.1066,0.1065,0.1064,0.1063,0.1062,0.1061,0.106,0.1059,0.1058,0.1057,0.1067,0.1068,0.1069,0.107,0.1071,0.1072,0.1073,0.1074,0.1075,0.1076,13217,78057,103840,246652,132746,99385,27112,77009,48995,105797,17537,83209,66831,57067,92541,45636,10950,28095,17111,14103
336,0.1065,0.1064,0.1063,0.1062,0.1061,0.106,0.1059,0.1058,0.1057,0.1056,0.1066,0.1067,0.1068,0.1069,0.107,0.1071,0.1072,0.1073,0.1074,0.1075,29493,56028,160288,230073,75809,67924,26478,73274,111823,15388,21404,57270,44966,99042,88508,58132,13397,9706,17543,17114
337,0.1062,0.1061,0.106,0.1059,0.1058,0.1057,0.1056,0.1055,0.1054,0.1053,0.1063,0.1064,0.1065,0.1066,0.1067,0.1068,0.1069,0.107,0.1071,0.1072,23155,103873,124953,198906,115740,71205,15388,45728,87632,22102,16399,75597,79157,83214,73084,45889,24040,13516,10294,9621
338,0.1063,0.1062,0.1061,0.106,0.1059,0.1058,0.1057,0.1056,0.1055,0.1054,0.1064,0.1065,0.1066,0.1067,0.1068,0.1069,0.107,0.1071,0.1072,0.1073,13777,116331,246527,124034,45719,57132,25477,15388,50963,101996,12770,57511,61643,92854,45889,95092,16476,9675,9621,10404
339,0.1064,0.1063,0.1062,0.1061,0.106,0.1059,0.1058,0.1057,0.1056,0.1055,0.1065,0.1066,0.1067,0.1068,0.1069,0.107,0.1071,0.1072,0.1073,0.1074,29383,77198,57149,43968,179274,118672,51586,57081,141931,15708,7770,75301,102954,111818,20074,49787,12570,39155,9783,16268
340,0.1059,0.1058,0.1057,0.1056,0.1055,0.1054,0.1053,0.1052,0.1051,0.105,0.106,0.1061,0.1062,0.1063,0.1064,0.1065,0.1066,0.1067,0.1068,0.1069,7688,66327,76618,30911,107437,192345,126763,121118,68820,75330,27149,81215,76539,80740,58472,58169,30152,16846,16793,14528
341,0.1058,0.1057,0.1056,0.1055,0.1054,0.1053,0.1052,0.1051,0.105,0.1049,0.1059,0.106,0.1061,0.1062,0.1063,0.1064,0.1065,0.1066,0.1067,0.1068,7887,72968,74580,105213,122057,71191,96813,179750,82156,77031,24204,68763,54702,40532,91157,42269,23088,26011,15595,18614
342,0.1057,0.1056,0.1055,0.1054,0.1053,0.1052,0.1051,0.105,0.1049,0.1048,0.1058,0.1059,0.106,0.1061,0.1062,0.1063,0.1064,0.1065,0.1066,0.1067,41965,82486,79393,75623,95682,121122,150248,68265,154888,19315,13168,61872,70982,69177,93600,53705,10017,16181,24759,15595
343,0.1058,0.1057,0.1056,0.1055,0.1054,0.1053,0.1052,0.1051,0.105,0.1049,0.1059,0.106,0.1061,0.1062,0.1063,0.1064,0.1065,0.1066,0.1067,0.1068,32267,106639,150235,192540,60467,124163,15699,82721,68804,84543,9932,56571,73881,80898,45542,88809,16804,24759,17950,16264
344,0.1059,0.1058,0.1057,0.1056,0.1055,0.1054,0.1053,0.1052,0.1051,0.105,0.106,0.1061,0.1062,0.1063,0.1064,0.1065,0.1066,0.1067,0.1068,0.1069,9346,49114,97408,126265,87787,117323,165166,29423,114881,62199,27590,54351,90893,92667,38305,49027,31369,15595,18615,12110
345,0.106,0.1059,0.1058,0.1057,0.1056,0.1055,0.1054,0.1053,0.1052,0.1051,0.1061,0.1062,0.1063,0.1064,0.1065,0.1066,0.1067,0.1068,0.1069,0.107,40091,79808,62708,93385,65121,92063,169960,93865,32118,92757,12743,72782,75395,75912,64254,60544,15595,16264,14457,11301
346,0.1062,0.1061,0.106,0.1059,0.1058,0.1057,0.1056,0.1055,0.1054,0.1053,0.1063,0.1064,0.1065,0.1066,0.1067,0.1068,0.1069,0.107,0.1071,0.1072,7346,44343,70587,99394,68650,53207,41874,64403,205080,96246,44770,92149,120933,55639,56687,46328,26864,16454,16335,16136
347,0.1062,0.1061,0.106,0.1059,0.1058,0.1057,0.1056,0.1055,0.1054,0.1053,0.1063,0.1064,0.1065,0.1066,0.1067,0.1068,0.1069,0.107,0.1071,0.1072,19730,63837,74680,168545,60721,96650,38946,188302,27545,87033,22543,86682,81941,87472,45092,66189,27505,19410,16967,18472
348,0.1062,0.1061,0.106,0.1059,0.1058,0.1057,0.1056,0.1055,0.1054,0.1053,0.1063,0.1064,0.1065,0.1066,0.1067,0.1068,0.1069,0.107,0.1071,0.1072,21762,63794,98676,165748,56508,98287,126329,102840,27545,87033,3434,91051,63407,61413,94686,59493,27505,19720,18996,16136
349,0.1062,0.1061,0.106,0.1059,0.1058,0.1057,0.1056,0.1055,0.1054,0.1053,0.1063,0.1064,0.1065,0.1066,0.1067,0.1068,0.1069,0.107,0.1071,0.1072,18263,73291,120426,177857,60728,194849,175489,36764,27545,16531,11386,72815,60803,114265,45080,55219,26980,19410,18996,16136
350,0.1062,0.1061,0.106,0.1059,0.1058,0.1057,0.1056,0.1055,0.1054,0.1053,0.1063,0.1064,0.1065,0.1066,0.1067,0.1068,0.1069,0.107,0.1071,0.1072,1095,48120,131302,147831,79111,172724,176110,47740,27381,16748,34416,81368,75979,123543,46021,54278,26980,19410,18996,16136
351,0.1072,0.1071,0.107,0.1069,0.1068,0.1067,0.1066,0.1065,0.1064,0.1063,0.1073,0.1074,0.1075,0.1076,0.1077,0.1078,0.1079,0.108,0.1081,0.1082,36626,81617,67585,69864,48294,55631,17494,76814,23688,58894,4360,41070,74895,71931,49305,19103,15277,24769,15806,15693
352,0.1072,0.1071,0.107,0.1069,0.1068,0.1067,0.1066,0.1065,0.1064,0.1063,0.1073,0.1074,0.1075,0.1076,0.1077,0.1078,0.1079,0.108,0.1081,0.1082,13868,64564,60862,45134,45813,88454,67987,57764,35604,67344,13566,71192,72959,61796,40446,53968,20422,21364,15185,19573
353,0.1073,0.1072,0.1071,0.107,0.1069,0.1068,0.1067,0.1066,0.1065,0.1064,0.1074,0.1075,0.1076,0.1077,0.1078,0.1079,0.108,0.1081,0.1082,0.1083,15486,51745,59063,44755,54732,83731,57909,63123,46454,51319,14311,67118,59636,29309,59411,44551,24377,21825,19573,14738
354,0.1072,0.1071,0.107,0.1069,0.1068,0.1067,0.1066,0.1065,0.1064,0.1063,0.1073,0.1074,0.1075,0.1076,0.1077,0.1078,0.1079,0.108,0.1081,0.1082,17498,72501,45806,39384,66825,99437,63123,53070,24411,63391,7950,40730,74551,55058,27082,56065,43952,26964,15185,19573
355,0.1072,0.1071,0.107,0.1069,0.1068,0.1067,0.1066,0.1065,0.1064,0.1063,0.1073,0.1074,0.1075,0.1076,0.1077,0.1078,0.1079,0.108,0.1081,0.1082,6059,60347,17510,67248,73303,97199,63738,53070,114632,207444,22468,91400,57149,41142,50369,56040,16044,26964,15185,19573
356,0.1072,0.1071,0.107,0.1069,0.1068,0.1067,0.1066,0.1065,0.1064,0.1063,0.1073,0.1074,0.1075,0.1076,0.1077,0.1078,0.1079,0.108,0.1081,0.1082,18422,57259,76928,38409,110990,243299,90828,69428,22077,65729,8306,68973,74525,47376,48048,56392,22713,20429,15185,18913
357,0.1072,0.1071,0.107,0.1069,0.1068,0.1067,0.1066,0.1065,0.1064,0.1063,0.1073,0.1074,0.1075,0.1076,0.1077,0.1078,0.1079,0.108,0.1081,0.1082,21013,67916,70684,99658,283938,80366,20105,68725,17218,65729,4050,82092,61646,38512,50374,57326,16044,27104,15185,18913
358,0.1073,0.1072,0.1071,0.107,0.1069,0.1068,0.1067,0.1066,0.1065,0.1064,0.1074,0.1075,0.1076,0.1077,0.1078,0.1079,0.108,0.1081,0.1082,0.1083,19899,61576,58685,45099,67067,110979,292641,20719,62197,17218,19110,69516,41099,67770,57326,43935,27104,15185,18298,14738
359,0.1074,0.1073,0.1072,0.1071,0.107,0.1069,0.1068,0.1067,0.1066,0.1065,0.1075,0.1076,0.1077,0.1078,0.1079,0.108,0.1081,0.1082,0.1083,0.1084,22850,67585,58364,41390,50801,136276,164472,129094,20105,46454,13410,64421,40676,73088,43938,49223,21734,18298,14738,13086
360,0.1072,0.1071,0.107,0.1069,0.1068,0.1067,0.1066,0.1065,0.1064,0.1063,0.1073,0.1074,0.1075,0.1076,0.1077,0.1078,0.1079,0.108,0.1081,0.1082,2412,53319,90723,58559,89359,263063,24276,71076,17832,134114,28511,73310,67993,32729,43676,56712,21726,20429,15800,18298
361,0.107,0.1069,0.1068,0.1067,0.1066,0.1065,0.1064,0.1063,0.1062,0.1061,0.1071,0.1072,0.1073,0.1074,0.1075,0.1076,0.1077,0.1078,0.1079,0.108,20063,50747,165709,137820,107307,160954,52171,72878,77900,23363,13822,83186,77907,37424,52149,49237,14808,25331,15112,20429
362,0.107,0.1069,0.1068,0.1067,0.1066,0.1065,0.1064,0.1063,0.1062,0.1061,0.1071,0.1072,0.1073,0.1074,0.1075,0.1076,0.1077,0.1078,0.1079,0.108,10151,38771,46200,98649,248966,138375,56356,70540,80244,21491,23590,90214,95795,49883,52150,45892,21753,18760,15728,22874
363,0.1071,0.107,0.1069,0.1068,0.1067,0.1066,0.1065,0.1064,0.1063,0.1062,0.1072,0.1073,0.1074,0.1075,0.1076,0.1077,0.1078,0.1079,0.108,0.1081,9717,61605,64866,43202,111396,222300,39566,122894,24290,26793,25807,79240,81050,51228,44963,44625,25390,15112,22874,15801
364,0.1071,0.107,0.1069,0.1068,0.1067,0.1066,0.1065,0.1064,0.1063,0.1062,0.1072,0.1073,0.1074,0.1075,0.1076,0.1077,0.1078,0.1079,0.108,0.1081,17542,72324,61499,44911,108523,166793,99880,122894,26065,24449,17659,68302,37539,60814,44974,50938,25390,15112,20569,18102
365,0.107,0.1069,0.1068,0.1067,0.1066,0.1065,0.1064,0.1063,0.1062,0.1061,0.1071,0.1072,0.1073,0.1074,0.1075,0.1076,0.1077,0.1078,0.1079,0.108,6207,65808,58840,42024,209863,143767,17218,101587,24449,56546,41333,71816,56116,64721,44798,41953,23501,18760,15112,20569
366,0.107,0.1069,0.1068,0.1067,0.1066,0.1065,0.1064,0.1063,0.1062,0.1061,0.1071,0.1072,0.1073,0.1074,0.1075,0.1076,0.1077,0.1078,0.1079,0.108,18747,84798,76985,54578,97606,232136,21404,99248,26741,56546,8204,66863,53959,67063,54520,41952,23501,18760,18035,20569
367,0.1071,0.107,0.1069,0.1068,0.1067,0.1066,0.1065,0.1064,0.1063,0.1062,0.1072,0.1073,0.1074,0.1075,0.1076,0.1077,0.1078,0.1079,0.108,0.1081,17824,83967,59047,43607,59194,101789,137245,123166,95065,26741,12299,63718,49822,70236,48660,45689,25280,17419,21185,15185
368,0.107,0.1069,0.1068,0.1067,0.1066,0.1065,0.1064,0.1063,0.1062,0.1061,0.1071,0.1072,0.1073,0.1074,0.1075,0.1076,0.1077,0.1078,0.1079,0.108,30445,70705,54202,61824,199818,139581,52790,96788,24397,21491,8554,82562,72407,37548,52436,50210,21799,20441,15112,20569
369,0.107,0.1069,0.1068,0.1067,0.1066,0.1065,0.1064,0.1063,0.1062,0.1061,0.1071,0.1072,0.1073,0.1074,0.1075,0.1076,0.1077,0.1078,0.1079,0.108,30460,94992,62658,111543,161489,139581,52790,94448,26741,21491,4501,91602,61725,37548,52436,43506,21799,20441,17419,20569
370,0.1072,0.1071,0.107,0.1069,0.1068,0.1067,0.1066,0.1065,0.1064,0.1063,0.1073,0.1074,0.1075,0.1076,0.1077,0.1078,0.1079,0.108,0.1081,0.1082,15062,69241,72647,44143,65168,97284,39717,211281,52226,87863,20734,96127,68984,32677,55015,54235,15112,20569,15801,16709
371,0.1071,0.107,0.1069,0.1068,0.1067,0.1066,0.1065,0.1064,0.1063,0.1062,0.1072,0.1073,0.1074,0.1075,0.1076,0.1077,0.1078,0.1079,0.108,0.1081,22352,89100,89957,20274,101461,156148,118726,54562,87863,24397,6692,86608,89079,33298,41943,58969,28614,15112,20569,15801
372,0.1072,0.1071,0.107,0.1069,0.1068,0.1067,0.1066,0.1065,0.1064,0.1063,0.1073,0.1074,0.1075,0.1076,0.1077,0.1078,0.1079,0.108,0.1081,0.1082,22655,98224,91947,22683,88427,95520,91668,118111,52226,90203,2876,77835,19641,51297,52880,47609,21749,22872,15185,16709
373,0.1073,0.1072,0.1071,0.107,0.1069,0.1068,0.1067,0.1066,0.1065,0.1064,0.1074,0.1075,0.1076,0.1077,0.1078,0.1079,0.108,0.1081,0.1082,0.1083,15733,59263,56681,92926,53310,102762,26889,180414,126263,59259,17456,51465,65865,70484,49062,43935,27425,15185,16709,17032
374,0.1069,0.1068,0.1067,0.1066,0.1065,0.1064,0.1063,0.1062,0.1061,0.106,0.107,0.1071,0.1072,0.1073,0.1074,0.1075,0.1076,0.1077,0.1078,0.1079,27863,109369,195352,163111,58418,163557,23815,56224,14438,98875,2547,80695,75982,86680,121621,101661,84958,21388,20441,15112
375,0.1067,0.1066,0.1065,0.1064,0.1063,0.1062,0.1061,0.106,0.1059,0.1058,0.1068,0.1069,0.107,0.1071,0.1072,0.1073,0.1074,0.1075,0.1076,0.1077,18257,75220,90084,65978,24137,102817,130813,159330,161654,130796,13055,84237,74232,52407,34113,79486,22277,111904,137854,15021
376,0.1066,0.1065,0.1064,0.1063,0.1062,0.1061,0.106,0.1059,0.1058,0.1057,0.1067,0.1068,0.1069,0.107,0.1071,0.1072,0.1073,0.1074,0.1075,0.1076,1494,42934,83752,170270,78499,141327,160978,65671,137253,14186,52953,96945,96241,56129,25755,69933,164445,14010,14716,84315
