timestamp,bid_price_0,bid_price_1,bid_price_2,bid_price_3,bid_price_4,bid_price_5,bid_price_6,bid_price_7,bid_price_8,bid_price_9,ask_price_0,ask_price_1,ask_price_2,ask_price_3,ask_price_4,ask_price_5,ask_price_6,ask_price_7,ask_price_8,ask_price_9,bid_size_0,bid_size_1,bid_size_2,bid_size_3,bid_size_4,bid_size_5,bid_size_6,bid_size_7,bid_size_8,bid_size_9,ask_size_0,ask_size_1,ask_size_2,ask_size_3,ask_size_4,ask_size_5,ask_size_6,ask_size_7,ask_size_8,ask_size_9
0,0.02056,0.02055,0.02054,0.02053,0.02052,0.02051,0.0205,0.02049,0.02048,0.02047,0.02057,0.02058,0.02059,0.0206,0.02061,0.02062,0.02063,0.02064,0.02065,0.02066,5638.5,23414.5,21544,31435,52507.4,26870,43300.4,31686.8,27036.6,48498.3,34002.8,11950.2,11758.6,23246.2,13865.7,21518.4,32170.1,34261.4,25006.2,39372.7
1,0.02057,0.02056,0.02055,0.02054,0.02053,0.02052,0.02051,0.0205,0.02049,0.02048,0.02058,0.02059,0.0206,0.02061,0.02062,0.02063,0.02064,0.02065,0.02066,0.02067,6173.7,15058.2,23414.5,21544,36962.7,52507.4,21338.6,40130.1,31686.8,37615.5,11499.2,12564,23246.2,13865.7,8167.2,34809.2,34261.4,25006.2,39372.7,20705
2,0.02056,0.02055,0.02054,0.02053,0.02052,0.02051,0.0205,0.02049,0.02048,0.02047,0.02057,0.02058,0.02059,0.0206,0.02061,0.02062,0.02063,0.02064,0.02065,0.02066,11038.5,23414.5,21544,36962.7,52507.4,21338.6,43317.2,32002.1,43491.1,129323,12899,7937.4,13393.5,23246.2,13865.6,21521.7,34809.2,34261.4,25006.2,39372.7
3,0.02054,0.02053,0.02052,0.02051,0.0205,0.02049,0.02048,0.02047,0.02046,0.02045,0.02056,0.02057,0.02058,0.02059,0.0206,0.02061,0.02062,0.02063,0.02064,0.02065,15804,7965.7,29166.8,49870.5,43317.2,34147.9,24581,32459.2,40996,22545,14262.9,8283.1,7937.4,23572.9,28829.8,28400,21521.7,25170.2,39106.8,25006.2
4,0.02055,0.02054,0.02053,0.02052,0.02051,0.0205,0.02049,0.02048,0.02047,0.02046,0.02056,0.02057,0.02058,0.02059,0.0206,0.02061,0.02062,0.02063,0.02064,0.02065,5400,8116,31515.8,29166.8,49870.5,43317.2,40026.3,24581,48887.1,18680.2,13306.3,8283.1,7937.4,23572.9,28829.8,5400,44521.7,25170.2,39106.8,25006.2
5,0.02055,0.02054,0.02053,0.02052,0.02051,0.0205,0.02049,0.02048,0.02047,0.02046,0.02056,0.02057,0.02058,0.02059,0.0206,0.02061,0.02062,0.02063,0.02064,0.02065,5400,7423.6,31515.8,31498.5,49870.5,43317.2,33832.6,24581,48887.1,18680.2,4654.1,8283.1,7937.4,23572.9,28829.8,5400,44521.7,25170.2,39106.8,25006.2
6,0.02056,0.02055,0.02054,0.02053,0.02052,0.02051,0.0205,0.02049,0.02048,0.02047,0.02057,0.02058,0.02059,0.0206,0.02061,0.02062,0.02063,0.02064,0.02065,0.02066,5400,10135.6,20791.1,31515.8,59372.3,21994.3,43317.2,36833.9,24581,48887.1,14412.8,7937.4,23572.9,28102.5,9011.6,44521.7,25170.2,39106.8,25006.2,59443.9
7,0.02052,0.02051,0.0205,0.02049,0.02048,0.02047,0.02046,0.02045,0.02044,0.02043,0.02054,0.02055,0.02056,0.02057,0.02058,0.02059,0.0206,0.02061,0.02062,0.02063,30985.6,21338.6,36720.3,56800.7,24837.9,57840.3,50705.2,39585.5,137490.4,18702.7,26755.7,16656.1,12053.2,13779.3,31662.3,41008,23246.2,18761,21521.7,25170.2
8,0.02051,0.0205,0.02049,0.02048,0.02047,0.02046,0.02045,0.02044,0.02043,0.02042,0.02052,0.02053,0.02054,0.02055,0.02056,0.02057,0.02058,0.02059,0.0206,0.02061,34467.7,5400,21372.7,24275.5,60486.5,21334.8,29977,43924.3,18702.7,47497.4,11864.9,13343.7,23681.1,24109.6,35778,18783.7,26179.1,45116.1,23246.2,18761
9,0.02049,0.02048,0.02047,0.02046,0.02045,0.02044,0.02043,0.02042,0.02041,0.0204,0.02051,0.02052,0.02053,0.02054,0.02055,0.02056,0.02057,0.02058,0.02059,0.0206,24069.2,24275.5,59828.4,21334.8,25745.6,68571.8,49774.7,47497.4,63059.9,116286.2,13567,14832.2,5400,23681.1,29701.8,35053.2,18783.7,21317.9,45116.1,23246.2
10,0.02051,0.0205,0.02049,0.02048,0.02047,0.02046,0.02045,0.02044,0.02043,0.02042,0.02052,0.02053,0.02054,0.02055,0.02056,0.02057,0.02058,0.02059,0.0206,0.02061,21921.2,17208,21649.9,24275.5,67495.2,21334.8,25812.3,43200.6,60617.9,31029.3,3770.1,12458.7,29656.5,13393.5,8283.1,33988.8,21317.9,41346,23246.2,18761
11,0.02053,0.02052,0.02051,0.0205,0.02049,0.02048,0.02047,0.02046,0.02045,0.02044,0.02054,0.02055,0.02056,0.02057,0.02058,0.02059,0.0206,0.02061,0.02062,0.02063,5400,19185.2,15006.4,14094.5,21649.9,24933.7,66837,21334.8,25813.5,43200.6,25979.7,13393.5,8283.1,33988.6,21317.9,41346,23246.2,18761,41592.9,21400.1
12,0.0205,0.02049,0.02048,0.02047,0.02046,0.02045,0.02044,0.02043,0.02042,0.02041,0.02052,0.02053,0.02054,0.02055,0.02056,0.02057,0.02058,0.02059,0.0206,0.02061,4536,26529.5,24275.5,62610.3,21334.8,29977,69334.9,60617.9,36934.7,63059.9,13971.2,5400,23681.1,28977.6,32008.5,18783.7,21317.9,41346,23246.2,18761
13,0.0205,0.02049,0.02048,0.02047,0.02046,0.02045,0.02044,0.02043,0.02042,0.02041,0.02051,0.02052,0.02053,0.02054,0.02055,0.02056,0.02057,0.02058,0.02059,0.0206,6557.6,12968.6,24275.5,36907.5,44334.8,30635.1,31332,18702.7,48219.9,94369.5,13565.3,8283.1,5400,47403.6,41572.3,5400,18783.7,41389.1,41346,23246.2
14,0.02052,0.02051,0.0205,0.02049,0.02048,0.02047,0.02046,0.02045,0.02044,0.02043,0.02053,0.02054,0.02055,0.02056,0.02057,0.02058,0.02059,0.0206,0.02061,0.02062,5400,23655.8,20821.3,22137.5,46788.8,41793,21479.5,23272.2,28698,41086.1,8290.7,24872.3,8162.9,8743.1,9544.6,30937.4,36697.5,36633.2,38832.2,21521.7
15,0.02052,0.02051,0.0205,0.02049,0.02048,0.02047,0.02046,0.02045,0.02044,0.02043,0.02053,0.02054,0.02055,0.02056,0.02057,0.02058,0.02059,0.0206,0.02061,0.02062,10274,8662.6,20285.5,21479.3,23788.8,65451.1,21479.5,23269.8,34624.2,35162.8,11174.7,27575.8,8162.9,36609,9543.4,21324.4,31602,36633.2,51218.3,21521.7
16,0.02051,0.0205,0.02049,0.02048,0.02047,0.02046,0.02045,0.02044,0.02043,0.02042,0.02052,0.02053,0.02054,0.02055,0.02056,0.02057,0.02058,0.02059,0.0206,0.02061,4874.8,9569.4,21479.3,28671.5,60565.6,21479.5,25987.1,28698,24626,47497.4,12871.3,8784.9,27575.8,18879,37333.8,8818,21324.4,31602,36633.2,51218.3
17,0.02052,0.02051,0.0205,0.02049,0.02048,0.02047,0.02046,0.02045,0.02044,0.02043,0.02053,0.02054,0.02055,0.02056,0.02057,0.02058,0.02059,0.0206,0.02061,0.02062,4874,8478.8,20285.5,21479.3,28671.5,60565.7,21479.5,25987.1,28698,41089,14600.8,27575.8,8162.9,31743.1,9543.4,26185.5,31602,36633.2,51218.3,21521.7
18,0.02051,0.0205,0.02049,0.02048,0.02047,0.02046,0.02045,0.02044,0.02043,0.02042,0.02053,0.02054,0.02055,0.02056,0.02057,0.02058,0.02059,0.0206,0.02061,0.02062,10274.7,21737.3,21479.3,28671.5,60565.7,21479.5,25987.1,28698,24627.6,47497.4,23219.3,37129.1,18879,32468.5,13681.8,21324.4,31602,36633.2,51218.3,21521.7
19,0.02051,0.0205,0.02049,0.02048,0.02047,0.02046,0.02045,0.02044,0.02043,0.02042,0.02052,0.02053,0.02054,0.02055,0.02056,0.02057,0.02058,0.02059,0.0206,0.02061,8474.7,9569.4,21479.3,28671.5,59907.5,22137.6,25987.1,28698,24630.5,47497.4,14164.2,11790.6,27569.6,18879,32468.5,13681.8,21324.4,31602,36633.2,51218.3
20,0.02052,0.02051,0.0205,0.02049,0.02048,0.02047,0.02046,0.02045,0.02044,0.02043,0.02053,0.02054,0.02055,0.02056,0.02057,0.02058,0.02059,0.0206,0.02061,0.02062,5400,13524.1,19470.9,22931.4,23788.8,36907.5,27024.1,48988.3,31226.3,35162.8,18197.2,27569.6,18879,31743.1,13543.8,21324.4,31602,36633.2,51218.3,18754.5
21,0.02053,0.02052,0.02051,0.0205,0.02049,0.02048,0.02047,0.02046,0.02045,0.02044,0.02054,0.02055,0.02056,0.02057,0.02058,0.02059,0.0206,0.02061,0.02062,0.02063,10010.2,8177.4,22034.8,19470.9,26359.5,47447,36907.5,21479.5,31910.3,47678.3,27402.1,9275.3,8743.1,8680.6,30937.4,36460.2,36633.2,51218.3,18754.5,18761
22,0.02053,0.02052,0.02051,0.0205,0.02049,0.02048,0.02047,0.02046,0.02045,0.02044,0.02054,0.02055,0.02056,0.02057,0.02058,0.02059,0.0206,0.02061,0.02062,0.02063,5400,15775.2,22034.8,24348.9,21479.3,47447,36907.5,22206.7,37125.1,45150,18257.7,8096.7,8743.1,8681.2,30937.4,23083,36633.2,51218.3,18754.5,18761
23,0.02054,0.02053,0.02052,0.02051,0.0205,0.02049,0.02048,0.02047,0.02046,0.02045,0.02055,0.02056,0.02057,0.02058,0.02059,0.0206,0.02061,0.02062,0.02063,0.02064,5400,9247.6,15775.2,22034.8,25006.2,27420.4,46788.8,37635.6,21479.5,53569.1,11980.9,8743.1,7954.6,8663.7,46083,36633.2,54659,18754.5,18761,33612.1
24,0.02055,0.02054,0.02053,0.02052,0.02051,0.0205,0.02049,0.02048,0.02047,0.02046,0.02056,0.02057,0.02058,0.02059,0.0206,0.02061,0.02062,0.02063,0.02064,0.02065,5400,23070.7,19963.7,26315.9,22079.3,55124.3,21479.3,24820,56632.5,18680.2,15767.8,8024.2,11954.6,8292.5,34691.6,31007.4,13401.4,21421.7,20424.8,51198.8
25,0.02056,0.02055,0.02054,0.02053,0.02052,0.02051,0.0205,0.02049,0.02048,0.02047,0.02058,0.02059,0.0206,0.02061,0.02062,0.02063,0.02064,0.02065,0.02066,0.02067,16579.5,19703,21608.9,33978.8,49317.7,21422,32124.3,22209.8,40510.6,46115.7,14960.8,8292.5,23246.2,31737.9,14096,21421.7,23337.1,51198.8,38012.5,18722.1
26,0.02055,0.02054,0.02053,0.02052,0.02051,0.0205,0.02049,0.02048,0.02047,0.02046,0.02057,0.02058,0.02059,0.0206,0.02061,0.02062,0.02063,0.02064,0.02065,0.02066,5400,21608.9,33321.4,26317.7,45079.3,32124.3,22209.8,24090.7,68474.6,18680.2,22606,14840.1,31292.5,33962.3,13591.8,9245.5,21421.7,23001.1,38812.7,38012.5
27,0.02056,0.02055,0.02054,0.02053,0.02052,0.02051,0.0205,0.02049,0.02048,0.02047,0.02057,0.02058,0.02059,0.0206,0.02061,0.02062,0.02063,0.02064,0.02065,0.02066,9170.1,8446.6,21663.7,33321.4,21443.9,49954.4,32124.3,21479.3,40938,46434.9,14388.6,9563.2,8292.5,62547.7,8007.4,7954.8,21421.7,23001.1,38812.7,38012.5
28,0.02056,0.02055,0.02054,0.02053,0.02052,0.02051,0.0205,0.02049,0.02048,0.02047,0.02058,0.02059,0.0206,0.02061,0.02062,0.02063,0.02064,0.02065,0.02066,0.02067,5400,10330.2,21663.7,33978.8,26316.8,44422,32855.4,21479.3,47580.7,46434.9,23494.9,8292.5,33962.3,35861,8685.9,21421.7,23001.1,38812.7,38012.5,18722.1
29,0.02056,0.02055,0.02054,0.02053,0.02052,0.02051,0.0205,0.02049,0.02048,0.02047,0.02058,0.02059,0.0206,0.02061,0.02062,0.02063,0.02064,0.02065,0.02066,0.02067,5400,10330.2,21663.7,33978.8,26316.8,44422,32124.3,22209.8,46146.6,34587,13746.9,8292.5,33962.3,35861,8685.9,21421.7,23001.1,38812.7,38012.5,18722.1
30,0.02055,0.02054,0.02053,0.02052,0.02051,0.0205,0.02049,0.02048,0.02047,0.02046,0.02056,0.02057,0.02058,0.02059,0.0206,0.02061,0.02062,0.02063,0.02064,0.02065,5400,8296.2,33321.4,21443.9,44422,37658.7,21479.3,24518.1,51014.9,30535.1,12246,16711.4,13450.6,8292.5,39547.8,31007.4,7954.8,21421.7,23001.1,38812.7
31,0.02054,0.02053,0.02052,0.02051,0.0205,0.02049,0.02048,0.02047,0.02046,0.02045,0.02056,0.02057,0.02058,0.02059,0.0206,0.02061,0.02062,0.02063,0.02064,0.02065,5400,22605.3,21443.9,44422,37658.7,21479.3,24518.1,51014.9,30535.1,70133.1,15456.5,8077,7986.4,8292.5,39547.8,31007.4,7954.8,21421.7,23001.1,38812.7
32,0.02054,0.02053,0.02052,0.02051,0.0205,0.02049,0.02048,0.02047,0.02046,0.02045,0.02056,0.02057,0.02058,0.02059,0.0206,0.02061,0.02062,0.02063,0.02064,0.02065,22951.6,33321.4,21443.9,49297,32781.6,21479.3,24518.1,34587,35116.1,69689.3,13648.4,55625.7,7986.4,9021.2,38818.5,31007.4,7954.8,21421.7,23001.1,38812.7
33,0.02049,0.02048,0.02047,0.02046,0.02045,0.02044,0.02043,0.02042,0.02041,0.0204,0.02051,0.02052,0.02053,0.02054,0.02055,0.02056,0.02057,0.02058,0.02059,0.0206,21479.3,23788.8,41983.3,22114.1,59952.8,43189.8,19790.1,45060.3,50178.1,116238.7,19936.7,8060.7,8292.5,51969.7,12492.4,25137.6,55625.7,7986.4,18774,47336.3
34,0.02049,0.02048,0.02047,0.02046,0.02045,0.02044,0.02043,0.02042,0.02041,0.0204,0.0205,0.02051,0.02052,0.02053,0.02054,0.02055,0.02056,0.02057,0.02058,0.02059,9170.1,17910.5,36833.4,26344.5,36952.8,66846.8,48282.8,50071.2,44949.6,18725.3,11192.3,10368.9,8060.7,9013.4,28969.7,53036.8,32184.3,28148.2,21386.5,31160.1
35,0.02049,0.02048,0.02047,0.02046,0.02045,0.02044,0.02043,0.02042,0.02041,0.0204,0.0205,0.02051,0.02052,0.02053,0.02054,0.02055,0.02056,0.02057,0.02058,0.02059,9170.1,13412.3,36833.4,44457,41841.4,43846.8,47068.8,50793.3,44228.7,18725.3,8028.2,10235.9,8060.7,8292.5,47234.6,25169.2,55184.3,28148.2,21386.5,31160.1
36,0.02047,0.02046,0.02045,0.02044,0.02043,0.02042,0.02041,0.0204,0.02039,0.02038,0.02049,0.0205,0.02051,0.02052,0.02053,0.02054,0.02055,0.02056,0.02057,0.02058,31266.5,21457,36952.8,64286.4,26143.8,47892,59910.4,18725.3,40525.4,161423.8,15595.4,17095,10235.9,18776.8,27295.1,64642.2,25169.2,32184.3,25471.2,18800.1
37,0.02047,0.02046,0.02045,0.02044,0.02043,0.02042,0.02041,0.0204,0.02039,0.02038,0.02049,0.0205,0.02051,0.02052,0.02053,0.02054,0.02055,0.02056,0.02057,0.02058,10284.3,21457,25096.3,31708.8,26143.8,70892,53198.5,19445,52416.8,82118,17234.9,8482.5,10235.9,23652,22422.7,64642.2,25169.2,32184.3,25471.2,18800.1
38,0.02048,0.02047,0.02046,0.02045,0.02044,0.02043,0.02042,0.02041,0.0204,0.02039,0.02049,0.0205,0.02051,0.02052,0.02053,0.02054,0.02055,0.02056,0.02057,0.02058,49158.7,10284.3,21457,25096.3,31708.8,26143.8,70892,27752.5,19445,52416.8,9641.5,8482.5,10235.9,23652,22422.7,64642.2,25169.2,32184.3,25471.2,18800.1
39,0.02048,0.02047,0.02046,0.02045,0.02044,0.02043,0.02042,0.02041,0.0204,0.02039,0.02049,0.0205,0.02051,0.02052,0.02053,0.02054,0.02055,0.02056,0.02057,0.02058,48914.5,10284.3,21457,25096.3,31708.8,26143.8,70560.1,28475.4,18725.3,52416.8,14454.2,8482.5,10235.9,23652,22422.7,64642.2,25169.2,32184.3,25471.2,18800.1
40,0.02047,0.02046,0.02045,0.02044,0.02043,0.02042,0.02041,0.0204,0.02039,0.02038,0.02048,0.02049,0.0205,0.02051,0.02052,0.02053,0.02054,0.02055,0.02056,0.02057,9170.1,25735.3,25096.3,35943.6,21249.8,72365.7,56262.4,19447,35924.4,57247.2,32613.9,17388,8482.5,10956.4,23652,21702.4,62065.9,25169.2,37049.1,25471.2
41,0.02038,0.02037,0.02036,0.02035,0.02034,0.02033,0.02032,0.02031,0.0203,0.02029,0.0204,0.02041,0.02042,0.02043,0.02044,0.02045,0.02046,0.02047,0.02048,0.02049,18839.4,33663.6,21919.4,21836.9,33095.7,44419.5,34961.1,61151,62247.5,116832.7,14638.7,17768,27264.5,57519.2,26251.6,8474.6,18839.4,37200.5,37251.8,30353.3
42,0.02034,0.02033,0.02032,0.02031,0.0203,0.02029,0.02028,0.02027,0.02026,0.02025,0.02036,0.02037,0.02038,0.02039,0.0204,0.02041,0.02042,0.02043,0.02044,0.02045,5400,21419.5,33786.1,40515.9,60603.2,22075.6,40063.2,40989.7,22655.6,35819.8,28614.8,11732.1,17316.7,49288.9,28209.8,20326.4,43078,31835.2,22609.5,37857.3
43,0.02034,0.02033,0.02032,0.02031,0.0203,0.02029,0.02028,0.02027,0.02026,0.02025,0.02036,0.02037,0.02038,0.02039,0.0204,0.02041,0.02042,0.02043,0.02044,0.02045,9170.1,9170.1,25344.6,23829.3,14961.5,22147.1,18964.2,27169.9,48714.5,38382,40799.5,21480.7,44569.6,24389,21876.3,57684.4,38178.1,31835.2,32026.7,5400
44,0.02034,0.02033,0.02032,0.02031,0.0203,0.02029,0.02028,0.02027,0.02026,0.02025,0.02036,0.02037,0.02038,0.02039,0.0204,0.02041,0.02042,0.02043,0.02044,0.02045,73710.4,22675.5,24971.5,37989.6,14961.5,26418,33169.1,44529.6,25714.5,61028.2,23887.8,21470.8,44569.6,28590.5,22620.7,40397.6,38178.1,31835.2,32026.7,17786.1
45,0.02034,0.02033,0.02032,0.02031,0.0203,0.02029,0.02028,0.02027,0.02026,0.02025,0.02036,0.02037,0.02038,0.02039,0.0204,0.02041,0.02042,0.02043,0.02044,0.02045,69940.3,22675.5,24971.5,42913.3,28463.6,44489,33169.1,21529.6,25714.5,61036.3,31365.2,7962,21569.6,42092.6,45620.7,40397.6,38178.1,31835.2,32026.7,17786.1
46,0.02032,0.02031,0.0203,0.02029,0.02028,0.02027,0.02026,0.02025,0.02024,0.02023,0.02035,0.02036,0.02037,0.02038,0.02039,0.0204,0.02041,0.02042,0.02043,0.02044,95068.3,33388.3,26032.4,26417.6,32463,22235.1,48714.5,38382,46781.6,26417.9,14318.9,34103.8,44467.4,26478.9,37891.7,19201.8,20326.4,38178.1,31835.2,52097.9
47,0.02033,0.02032,0.02031,0.0203,0.02029,0.02028,0.02027,0.02026,0.02025,0.02024,0.02034,0.02035,0.02036,0.02037,0.02038,0.02039,0.0204,0.02041,0.02042,0.02043,3770.1,78152.7,33388.3,28543.5,22147.1,37393.1,21529.6,49418.8,38382,61072.7,15442.2,17712.9,39508.9,49378,22273.9,37186.2,39273,20326.4,38178.1,31835.2
48,0.02037,0.02036,0.02035,0.02034,0.02033,0.02032,0.02031,0.0203,0.02029,0.02028,0.02039,0.0204,0.02041,0.02042,0.02043,0.02044,0.02045,0.02046,0.02047,0.02048,5400,39039.8,57653.4,22672.2,36172.9,21771.4,42875.8,25830.1,18928.7,29912.5,10232.9,10319.1,30244.8,40881.3,46768.3,22249.7,20039.6,18839.4,62158.8,26863
49,0.02038,0.02037,0.02036,0.02035,0.02034,0.02033,0.02032,0.02031,0.0203,0.02029,0.0204,0.02041,0.02042,0.02043,0.02044,0.02045,0.02046,0.02047,0.02048,0.02049,80870.5,13485.6,25958.1,28505.1,38906.6,44440,21555.3,37295.1,42395.6,18928.7,14252.7,7915,27405.7,34484.4,50143.7,10196.2,18839.4,57271.7,26863,31298.2
50,0.02033,0.02032,0.02031,0.0203,0.02029,0.02028,0.02027,0.02026,0.02025,0.02024,0.02035,0.02036,0.02037,0.02038,0.02039,0.0204,0.02041,0.02042,0.02043,0.02044,17666.5,21532.3,38149.3,58181.7,21858.2,34520.9,21891.6,27000.7,57669.2,35444.1,5154.3,34841.1,16601.8,39520.9,27498.5,47323.7,18836.7,38178.1,64292.5,18839.4
51,0.02033,0.02032,0.02031,0.0203,0.02029,0.02028,0.02027,0.02026,0.02025,0.02024,0.02035,0.02036,0.02037,0.02038,0.02039,0.0204,0.02041,0.02042,0.02043,0.02044,11196.5,23610.6,38149.3,56580.2,21858.2,34520.9,21891.6,27000.7,39034.6,35444.1,12314.1,34841.1,16601.8,39520.9,32405.2,42420,18836.7,38178.1,64292.5,18839.4
52,0.02034,0.02033,0.02032,0.02031,0.0203,0.02029,0.02028,0.02027,0.02026,0.02025,0.02036,0.02037,0.02038,0.02039,0.0204,0.02041,0.02042,0.02043,0.02044,0.02045,24045,17242.2,23610.6,43072.8,51654.3,21858.2,32505.1,44548.5,27000.7,90130,36259,16601.8,28804.8,38800.8,24323.3,45199.1,38178.1,51906.4,18839.4,5400
53,0.02038,0.02037,0.02036,0.02035,0.02034,0.02033,0.02032,0.02031,0.0203,0.02029,0.02039,0.0204,0.02041,0.02042,0.02043,0.02044,0.02045,0.02046,0.02047,0.02048,7112.4,9896,26642.8,29255.4,37769.7,33446,46610.6,35262.2,29737.3,35502.4,12340.6,37616.7,22199.1,24248.9,39311.6,45055.1,22456.8,38910.6,34439.8,34312.3
54,0.02038,0.02037,0.02036,0.02035,0.02034,0.02033,0.02032,0.02031,0.0203,0.02029,0.02039,0.0204,0.02041,0.02042,0.02043,0.02044,0.02045,0.02046,0.02047,0.02048,7178.1,8065.1,18551.9,29504.9,37769.7,26272.1,51531.6,37902,29109.8,27012.4,9491.8,37616.7,22199.1,24257.1,34441.3,49465.4,22168.8,38910.6,34439.8,34312.3
55,0.02036,0.02035,0.02034,0.02033,0.02032,0.02031,0.0203,0.02029,0.02028,0.02027,0.02038,0.02039,0.0204,0.02041,0.02042,0.02043,0.02044,0.02045,0.02046,0.02047,9896,27723.7,37769.7,26272.1,51530.3,37181.4,29828.5,21568.3,29912.5,48949.2,11071.4,22417.9,38279.3,27100.2,23592.5,31835.2,44572.2,18885.6,38910.6,34439.8
56,0.02036,0.02035,0.02034,0.02033,0.02032,0.02031,0.0203,0.02029,0.02028,0.02027,0.02038,0.02039,0.0204,0.02041,0.02042,0.02043,0.02044,0.02045,0.02046,0.02047,23381.6,27723.7,60769.7,21529.2,26880.2,37181.4,30076.6,21568.3,30537.9,42521.5,21039.3,20153.3,43582.5,21814.4,24256.5,36731.7,44572.2,18885.6,41636,34439.8
57,0.02036,0.02035,0.02034,0.02033,0.02032,0.02031,0.0203,0.02029,0.02028,0.02027,0.02037,0.02038,0.02039,0.0204,0.02041,0.02042,0.02043,0.02044,0.02045,0.02046,38023,9896,34697.1,44557.2,21743.2,39388.7,27354.2,47822.7,33178.7,22159.6,5719.6,21498.9,32829.4,39051.9,22225.2,51606.8,31835.2,33958.3,18885.6,70452.2
58,0.02035,0.02034,0.02033,0.02032,0.02031,0.0203,0.02029,0.02028,0.02027,0.02026,0.02036,0.02037,0.02038,0.02039,0.0204,0.02041,0.02042,0.02043,0.02044,0.02045,10486.7,5400,44557.2,21743.2,39388.7,22429.1,26495.8,33270.9,19393.2,40473.6,25837.2,33649.4,30984.4,37735.6,39052.8,22225.2,43137.3,31835.2,33958.3,18885.6
59,0.02032,0.02031,0.0203,0.02029,0.02028,0.02027,0.02026,0.02025,0.02024,0.02023,0.02034,0.02035,0.02036,0.02037,0.02038,0.02039,0.0204,0.02041,0.02042,0.02043,9904.4,26425.2,22429.1,21568.3,55554,26928.1,23252.1,73623,18829.5,43659.2,42316.9,30186.2,21588.8,27947.3,21674.2,55829.4,19302.4,18836.7,40208.5,31835.2
60,0.02039,0.02038,0.02037,0.02036,0.02035,0.02034,0.02033,0.02032,0.02031,0.0203,0.0204,0.02041,0.02042,0.02043,0.02044,0.02045,0.02046,0.02047,0.02048,0.02049,5400,8264.7,25752.9,27522,56076.8,101660.9,8196.2,21604.3,38881.5,23057.3,27470.7,21536.1,23690,55421.4,22294,21612.2,21464.3,83327.2,39197.8,30850.4
61,0.02045,0.02044,0.02043,0.02042,0.02041,0.0204,0.02039,0.02038,0.02037,0.02036,0.02047,0.02048,0.02049,0.0205,0.02051,0.02052,0.02053,0.02054,0.02055,0.02056,12287.4,8110.8,12042.5,23263.2,55768.7,37979.3,21754.1,19567,23373.5,22668.9,44243.7,22052.2,21602.1,28106.6,42199.3,61045.4,40786.1,23237.2,18918.7,59605.3
62,0.02045,0.02044,0.02043,0.02042,0.02041,0.0204,0.02039,0.02038,0.02037,0.02036,0.02047,0.02048,0.02049,0.0205,0.02051,0.02052,0.02053,0.02054,0.02055,0.02056,6406.4,30142.8,205456.4,19516.4,44602,22625.9,21754.1,33744,39154.3,25476.3,27803.6,22052.2,21602.1,27073.5,43467.6,32815.4,69602.3,23237.2,18918.7,59605.3
63,0.02047,0.02046,0.02045,0.02044,0.02043,0.02042,0.02041,0.0204,0.02039,0.02038,0.02049,0.0205,0.02051,0.02052,0.02053,0.02054,0.02055,0.02056,0.02057,0.02058,23250,16896.9,21397.8,39348,233351,18849.2,16702.3,26063.4,27009.2,49516.7,6980.4,21467.5,23396.4,38421.9,23545,78488,41839.2,46418,31209.7,21709.4
64,0.02043,0.02042,0.02041,0.0204,0.02039,0.02038,0.02037,0.02036,0.02035,0.02034,0.02045,0.02046,0.02047,0.02048,0.02049,0.0205,0.02051,0.02052,0.02053,0.02054,189037.5,10296.7,30131.8,46293.1,31562.3,33744.6,25294.4,25476.3,50295.4,103728.4,19325.5,12461.4,30244.8,26966.9,27959.4,44467.5,67799.5,32815.4,18816.4,35623.3
65,0.02043,0.02042,0.02041,0.0204,0.02039,0.02038,0.02037,0.02036,0.02035,0.02034,0.02045,0.02046,0.02047,0.02048,0.02049,0.0205,0.02051,0.02052,0.02053,0.02054,189037.5,10296.3,30131.8,49010.3,31561.7,33744.6,25294.4,25476.3,49996.9,104324.9,18680.1,12461.4,25357.8,26966.9,32841.5,44467.5,70465.5,32815.4,18816.4,35623.3
66,0.02042,0.02041,0.0204,0.02039,0.02038,0.02037,0.02036,0.02035,0.02034,0.02033,0.02044,0.02045,0.02046,0.02047,0.02048,0.02049,0.0205,0.02051,0.02052,0.02053,8193.8,34075.3,48432.5,27325,33016.2,30203.8,25476.3,34197.5,19445.7,77204.4,14798.5,16298.4,8691.3,21587.7,40110.1,73482.3,21467.5,41649.3,30174.6,18816.4
67,0.02044,0.02043,0.02042,0.02041,0.0204,0.02039,0.02038,0.02037,0.02036,0.02035,0.02046,0.02047,0.02048,0.02049,0.0205,0.02051,0.02052,0.02053,0.02054,0.02055,97066.2,14064.2,23823.2,35564.3,53334.1,26657.9,33744.6,25294.4,25476.3,49996.9,31576.5,21587.7,23196.8,21666.1,22195.9,93465.5,33311.4,18816.4,35623.3,18918.7
68,0.02047,0.02046,0.02045,0.02044,0.02043,0.02042,0.02041,0.0204,0.02039,0.02038,0.02048,0.02049,0.0205,0.02051,0.02052,0.02053,0.02054,0.02055,0.02056,0.02057,4885.9,24084,36737.8,125466.2,31510.9,21636.5,32859.6,22392.7,27016.7,46652,20228.4,8520.7,7995.2,21578.1,34041.7,50753.7,38905.1,61989.9,46418,31209.7
69,0.02044,0.02043,0.02042,0.02041,0.0204,0.02039,0.02038,0.02037,0.02036,0.02035,0.02045,0.02046,0.02047,0.02048,0.02049,0.0205,0.02051,0.02052,0.02053,0.02054,4893.1,22085.5,21636.5,55859.6,27228.1,26657.9,33296.7,22305.7,18898.8,47149.1,20103.8,14550.3,11883.9,16371.7,22686.9,26298.7,93465.5,32947.7,18816.4,32572.7
70,0.02046,0.02045,0.02044,0.02043,0.02042,0.02041,0.0204,0.02039,0.02038,0.02037,0.02047,0.02048,0.02049,0.0205,0.02051,0.02052,0.02053,0.02054,0.02055,0.02056,4888.3,12667,34268.1,22085.5,44636.5,38422.8,21662.4,27044,30876.2,35384.2,22221.3,17217.2,14519.2,8719.9,21578.1,32947.7,54445,58347.2,38989.9,46418
71,0.0205,0.02049,0.02048,0.02047,0.02046,0.02045,0.02044,0.02043,0.02042,0.02041,0.02051,0.02052,0.02053,0.02054,0.02055,0.02056,0.02057,0.02058,0.02059,0.0206,4878.7,8327.3,21693.7,37059.6,55339.1,26757.3,34268.1,21714.1,22366.6,30151.5,7539.9,14712,8314.6,22402.8,22034.8,77324.4,62863.9,38897.4,31241.9,27067
72,0.02048,0.02047,0.02046,0.02045,0.02044,0.02043,0.02042,0.02041,0.0204,0.02039,0.02049,0.0205,0.02051,0.02052,0.02053,0.02054,0.02055,0.02056,0.02057,0.02058,9170.1,30115.4,22956.3,26093.2,62824.2,21714.1,21636.5,33774,18855.8,40654.6,7391.1,19941.6,12210.3,21592.8,51268.4,26543.8,45034.8,46418,34047.7,38897.4
73,0.02048,0.02047,0.02046,0.02045,0.02044,0.02043,0.02042,0.02041,0.0204,0.02039,0.02049,0.0205,0.02051,0.02052,0.02053,0.02054,0.02055,0.02056,0.02057,0.02058,5400,32830.7,22956.3,26093.2,62824.2,21714.1,21636.5,33774,18855.8,40654.6,5394.7,12797.7,12210.3,21592.8,51268.4,26543.8,45034.8,49333.1,34047.7,38897.4
74,0.02046,0.02045,0.02044,0.02043,0.02042,0.02041,0.0204,0.02039,0.02038,0.02037,0.02048,0.02049,0.0205,0.02051,0.02052,0.02053,0.02054,0.02055,0.02056,0.02057,5400,26093.2,57268.1,22069.5,27196.9,33045.1,22432.7,24162.2,30151.5,42252.8,22469.6,12706.2,12797.7,25623.4,38497,50540.7,41744.5,41918.7,49333.1,34047.7
75,0.02044,0.02043,0.02042,0.02041,0.0204,0.02039,0.02038,0.02037,0.02036,0.02035,0.02045,0.02046,0.02047,0.02048,0.02049,0.0205,0.02051,0.02052,0.02053,0.02054,5400,22343.2,21636.5,56709,26606.5,27622.7,33116.8,19599.7,18898.8,46725.9,8391,12712,16526.1,17738.5,26866.4,26227.2,59317.4,32895.1,44724.5,41744.5
76,0.0204,0.02039,0.02038,0.02037,0.02036,0.02035,0.02034,0.02033,0.02032,0.02031,0.02042,0.02043,0.02044,0.02045,0.02046,0.02047,0.02048,0.02049,0.0205,0.02051,46275.7,27128.1,33780.6,26771.1,21614.6,33500.9,45104.4,54233.9,35467.9,113768.5,7990.1,12890.1,20444.3,12732.9,55695.3,34855.8,37994,44646.3,41802.4,22583.2
77,0.02043,0.02042,0.02041,0.0204,0.02039,0.02038,0.02037,0.02036,0.02035,0.02034,0.02044,0.02045,0.02046,0.02047,0.02048,0.02049,0.0205,0.02051,0.02052,0.02053,12701.5,13920,43167.8,37095.2,31713.6,33780.6,21862,22336.9,33500.9,42738.6,5761.2,12732.9,26158,25472.8,71763,21646.3,41802.4,45583.2,32895.1,32483.8
78,0.02043,0.02042,0.02041,0.0204,0.02039,0.02038,0.02037,0.02036,0.02035,0.02034,0.02044,0.02045,0.02046,0.02047,0.02048,0.02049,0.0205,0.02051,0.02052,0.02053,17197.5,27366,43167.8,39324.8,26809.9,33780.6,22103.7,22336.9,56185.3,35382.1,7065.3,8474.1,12712,25472.8,38061.8,21646.3,75498.2,25538.8,55895.1,32483.8
79,0.02044,0.02043,0.02042,0.02041,0.0204,0.02039,0.02038,0.02037,0.02036,0.02035,0.02045,0.02046,0.02047,0.02048,0.02049,0.0205,0.02051,0.02052,0.02053,0.02054,17197.5,28080.5,48449,43167.8,18912.8,26809.9,33116.8,19599.7,21614.6,37178.8,6976.1,8216,25472.8,26037.2,27252.2,70618.6,25538.8,32895.1,55483.8,18898.8
80,0.02044,0.02043,0.02042,0.02041,0.0204,0.02039,0.02038,0.02037,0.02036,0.02035,0.02045,0.02046,0.02047,0.02048,0.02049,0.0205,0.02051,0.02052,0.02053,0.02054,12701.5,23342,48449,43167.8,18248.5,26809.9,33116.8,19599.7,21614.6,30641.6,10634.6,8216,25472.8,26037.2,27252.2,70618.6,25538.8,32895.1,55483.8,18898.8
81,0.02044,0.02043,0.02042,0.02041,0.0204,0.02039,0.02038,0.02037,0.02036,0.02035,0.02045,0.02046,0.02047,0.02048,0.02049,0.0205,0.02051,0.02052,0.02053,0.02054,9249.7,27139,48449,43167.8,18248.5,26809.9,33116.8,19599.7,21614.6,30641.6,16902.4,13029.7,25472.8,26037.2,27252.2,70618.6,25538.8,32895.1,55483.8,18898.8
82,0.02044,0.02043,0.02042,0.02041,0.0204,0.02039,0.02038,0.02037,0.02036,0.02035,0.02045,0.02046,0.02047,0.02048,0.02049,0.0205,0.02051,0.02052,0.02053,0.02054,9249.7,27139,48449,43167.8,18248.5,26809.9,33116.8,19599.7,21614.6,30641.6,12985.7,13029.7,25472.8,26037.2,27252.2,70618.6,25538.8,32895.1,55483.8,18898.8
83,0.02041,0.0204,0.02039,0.02038,0.02037,0.02036,0.02035,0.02034,0.02033,0.02032,0.02042,0.02043,0.02044,0.02045,0.02046,0.02047,0.02048,0.02049,0.0205,0.02051,6485.2,46265.9,26809.9,33780.6,22131,26526.1,33381.4,22288.7,54233.9,35467.9,13911.1,17551.1,21690.6,22952.6,33610.9,29958.9,66155.7,21646.3,64802.4,25538.8
84,0.02041,0.0204,0.02039,0.02038,0.02037,0.02036,0.02035,0.02034,0.02033,0.02032,0.02042,0.02043,0.02044,0.02045,0.02046,0.02047,0.02048,0.02049,0.0205,0.02051,14751.4,35817.9,26690.9,33116.8,27039.6,22280.3,33381.4,22288.7,54233.9,35467.9,8994.2,8226.9,14425.1,23673.3,27999.9,30349.8,66071.9,44646.3,41802.4,18813.1
85,0.02042,0.02041,0.0204,0.02039,0.02038,0.02037,0.02036,0.02035,0.02034,0.02033,0.02043,0.02044,0.02045,0.02046,0.02047,0.02048,0.02049,0.0205,0.02051,0.02052,6485.3,9896,35817.9,26690.9,33116.8,27039.6,22280.3,33381.4,22288.7,54233.9,22087.5,14425.1,22952.6,27999.9,31072.3,66071.9,21646.3,64802.4,18813.1,30122
86,0.02041,0.0204,0.02039,0.02038,0.02037,0.02036,0.02035,0.02034,0.02033,0.02032,0.02043,0.02044,0.02045,0.02046,0.02047,0.02048,0.02049,0.0205,0.02051,0.02052,9881.3,35817.9,26690.9,33782.6,27039.6,21614.6,33381.4,22288.7,84768.2,116861.8,11185.1,14425.1,22952.6,27999.9,31072.3,66071.9,21646.3,64802.4,18813.1,30122
87,0.02041,0.0204,0.02039,0.02038,0.02037,0.02036,0.02035,0.02034,0.02033,0.02032,0.02042,0.02043,0.02044,0.02045,0.02046,0.02047,0.02048,0.02049,0.0205,0.02051,9881.3,32819.9,26690.9,33782.6,27039.6,21614.6,33381.4,22288.7,54233.9,133411,14322.7,15171.9,14425.1,22952.6,28721.8,30349.8,66071.9,21646.3,64802.4,18813.1
88,0.0204,0.02039,0.02038,0.02037,0.02036,0.02035,0.02034,0.02033,0.02032,0.02031,0.02042,0.02043,0.02044,0.02045,0.02046,0.02047,0.02048,0.02049,0.0205,0.02051,9896,49690.9,34810.8,27039.6,22280.3,33381.4,21566.8,54954.6,35467.9,186357,15261.5,8371.1,14425.1,23673.3,32889.8,25462.9,65712,44646.3,38900.7,18813.1
89,0.0204,0.02039,0.02038,0.02037,0.02036,0.02035,0.02034,0.02033,0.02032,0.02031,0.02042,0.02043,0.02044,0.02045,0.02046,0.02047,0.02048,0.02049,0.0205,0.02051,28257,49690.9,30151.5,27039.6,22280.3,33381.4,21566.8,54954.6,35467.9,186357,13681.7,8371.1,14425.1,23673.3,32889.8,25462.9,65712,44646.3,38900.7,18813.1
90,0.0204,0.02039,0.02038,0.02037,0.02036,0.02035,0.02034,0.02033,0.02032,0.02031,0.02041,0.02042,0.02043,0.02044,0.02045,0.02046,0.02047,0.02048,0.02049,0.0205,28257,46776.1,30151.5,27039.6,22280.3,33381.4,21566.8,54954.6,35467.9,203086.6,12894.2,8367,8371.1,14425.1,23673.3,32889.8,25462.9,65712,44646.3,38900.7
91,0.02039,0.02038,0.02037,0.02036,0.02035,0.02034,0.02033,0.02032,0.02031,0.0203,0.0204,0.02041,0.02042,0.02043,0.02044,0.02045,0.02046,0.02047,0.02048,0.02049,9896,28400,34545.7,21683.7,27217.9,32869.1,22170.3,22969.2,95474.2,35960.2,10948.5,17504.8,21836,21836.8,26446.3,26373.2,71896.8,53347.2,33921.6,34032.4
92,0.02037,0.02036,0.02035,0.02034,0.02033,0.02032,0.02031,0.0203,0.02029,0.02028,0.02038,0.02039,0.0204,0.02041,0.02042,0.02043,0.02044,0.02045,0.02046,0.02047,5400,18898.8,21638.6,33534.7,27088.5,22249.7,91648.4,21890.1,35502.4,128072,10616,8024.4,8075.8,10010.6,22553.1,26733,24127.8,21481.5,67733.4,49577.1
93,0.02037,0.02036,0.02035,0.02034,0.02033,0.02032,0.02031,0.0203,0.02029,0.02028,0.02038,0.02039,0.0204,0.02041,0.02042,0.02043,0.02044,0.02045,0.02046,0.02047,21036.6,5400,21642.3,32869.1,22170.3,27835.9,91761.7,49441.3,36218.8,29912.5,12855.9,8024.4,8075.8,28398.6,22553.1,21836.8,33117.4,44481.5,67733.4,26577.1
94,0.02037,0.02036,0.02035,0.02034,0.02033,0.02032,0.02031,0.0203,0.02029,0.02028,0.02038,0.02039,0.0204,0.02041,0.02042,0.02043,0.02044,0.02045,0.02046,0.02047,9170.1,28400,21603.6,32869.1,22835.9,27170.3,88389.9,23858.7,22290.1,47024.9,13613,8024.4,8075.8,29114.4,21836,21836.8,74319.7,44481.5,38917.2,26577.1
95,0.02034,0.02033,0.02032,0.02031,0.0203,0.02029,0.02028,0.02027,0.02026,0.02025,0.02036,0.02037,0.02038,0.02039,0.0204,0.02041,0.02042,0.02043,0.02044,0.02045,5400,22022.1,22249.7,111389.9,29724.4,21573.7,33522.5,19629.4,39253.8,72822.1,14762.7,40761.8,6976,27129.8,32863.7,46496.2,41907.2,18865.7,61933.6,31232.1
96,0.02034,0.02033,0.02032,0.02031,0.0203,0.02029,0.02028,0.02027,0.02026,0.02025,0.02036,0.02037,0.02038,0.02039,0.0204,0.02041,0.02042,0.02043,0.02044,0.02045,5400,22022.1,22249.7,111389.9,26764.3,21573.7,33224.1,19629.4,22655.6,89428.5,25606.9,40773.9,6976,27129.8,32863.7,46496.2,41907.2,18865.7,61933.6,31232.1
97,0.02035,0.02034,0.02033,0.02032,0.02031,0.0203,0.02029,0.02028,0.02027,0.02026,0.02036,0.02037,0.02038,0.02039,0.0204,0.02041,0.02042,0.02043,0.02044,0.02045,5400,12967.1,22022.1,27171,112055.4,24546.6,21573.7,33224.1,19629.4,39253.8,12104.1,27693,6976,21510,33578.3,51397,41907.2,18865.7,61933.6,31232.1
98,0.02037,0.02036,0.02035,0.02034,0.02033,0.02032,0.02031,0.0203,0.02029,0.02028,0.02039,0.0204,0.02041,0.02042,0.02043,0.02044,0.02045,0.02046,0.02047,0.02048,9170.1,13242.8,26596.7,37764.9,50607.6,22249.7,118194.5,21173,21573.7,59238.1,14710.8,8075.8,23496.2,22554.9,50089.4,61933.6,34717.6,38917.2,25004.9,30151.5
99,0.02038,0.02037,0.02036,0.02035,0.02034,0.02033,0.02032,0.02031,0.0203,0.02029,0.0204,0.02041,0.02042,0.02043,0.02044,0.02045,0.02046,0.02047,0.02048,0.02049,23374.9,36629.1,26721.7,55177.4,37764.9,22022.1,24248.1,88389.9,37738.5,21573.7,19950.6,20574,8367,22193.1,38733,22331.5,93408.3,25004.9,30151.5,18836.1
100,0.02038,0.02037,0.02036,0.02035,0.02034,0.02033,0.02032,0.02031,0.0203,0.02029,0.02039,0.0204,0.02041,0.02042,0.02043,0.02044,0.02045,0.02046,0.02047,0.02048,9896,36629.1,26721.7,32177.4,60764.9,22022.1,22071.9,89110.6,37738.5,21573.7,13641.2,18628.1,8469.1,8367,22913.8,38011.7,22331.5,93408.3,27662.6,30151.5
101,0.02038,0.02037,0.02036,0.02035,0.02034,0.02033,0.02032,0.02031,0.0203,0.02029,0.0204,0.02041,0.02042,0.02043,0.02044,0.02045,0.02046,0.02047,0.02048,0.02049,9896,36629.1,26721.7,32177.4,37764.9,45022.1,22071.9,89110.6,37738.5,28262.8,15873.5,8469.1,8367,22913.8,61011.7,22331.5,70408.3,27662.6,30151.5,18836.1
102,0.02038,0.02037,0.02036,0.02035,0.02034,0.02033,0.02032,0.02031,0.0203,0.02029,0.02039,0.0204,0.02041,0.02042,0.02043,0.02044,0.02045,0.02046,0.02047,0.02048,4496,25326.8,26721.7,55177.4,37764.9,22022.1,22071.9,89110.6,37738.5,32193,24423.6,8300.9,8469.1,8367,22913.8,61011.7,22331.5,70408.3,27662.6,30151.5
103,0.02037,0.02036,0.02035,0.02034,0.02033,0.02032,0.02031,0.0203,0.02029,0.02028,0.02038,0.02039,0.0204,0.02041,0.02042,0.02043,0.02044,0.02045,0.02046,0.02047,9170.1,26721.7,26596.7,60764.9,23773.7,22739.1,113997.2,21893.1,38147.4,32693.5,10587.8,29570.2,8300.9,8469.1,22565.4,27089.9,33117.4,41846,70408.3,27662.6
104,0.02037,0.02036,0.02035,0.02034,0.02033,0.02032,0.02031,0.0203,0.02029,0.02028,0.02038,0.02039,0.0204,0.02041,0.02042,0.02043,0.02044,0.02045,0.02046,0.02047,5400,27555.9,26596.7,60764.9,26450.2,22739.1,114008.7,21893.1,38147.4,32693.5,6908.4,21214.6,8300.9,8469.1,22565.4,27089.9,61933.6,44622.2,41592.1,27662.6
105,0.02039,0.02038,0.02037,0.02036,0.02035,0.02034,0.02033,0.02032,0.02031,0.0203,0.0204,0.02041,0.02042,0.02043,0.02044,0.02045,0.02046,0.02047,0.02048,0.02049,5400,13666.1,25311,26152.1,26596.7,66347.6,21532.3,48406.5,100058.7,37738.5,11819,8469.1,21845.9,27089.9,33839.3,44622.2,70408.3,27662.6,30151.5,18836.1
106,0.02039,0.02038,0.02037,0.02036,0.02035,0.02034,0.02033,0.02032,0.02031,0.0203,0.02041,0.02042,0.02043,0.02044,0.02045,0.02046,0.02047,0.02048,0.02049,0.0205,5400,14168.7,38783.3,49819.4,31510.7,33268.9,21532.3,22794.5,88389.9,37738.5,19356.2,21845.9,22193.1,38733.8,21622.2,70408.3,50662.6,30151.5,18836.1,43153.9
107,0.02037,0.02036,0.02035,0.02034,0.02033,0.02032,0.02031,0.0203,0.02029,0.02028,0.02038,0.02039,0.0204,0.02041,0.02042,0.02043,0.02044,0.02045,0.02046,0.02047,5400,9896,26596.7,33268.9,50118.3,21568.2,88389.9,24648.3,19647.6,47040.2,12071,12566.5,26150.8,31712.3,21845.9,45193.1,62125.7,21622.2,53978.2,27662.6
108,0.02036,0.02035,0.02034,0.02033,0.02032,0.02031,0.0203,0.02029,0.02028,0.02027,0.02037,0.02038,0.02039,0.0204,0.02041,0.02042,0.02043,0.02044,0.02045,0.02046,9896,26596.7,33268.9,50118.3,21568.2,88389.9,24259.4,22307,47040.2,18915.4,7789.1,8899.9,12566.5,26150.8,31712.3,21845.9,22193.1,85494.2,21622.2,53978.2
109,0.02038,0.02037,0.02036,0.02035,0.02034,0.02033,0.02032,0.02031,0.0203,0.02029,0.0204,0.02041,0.02042,0.02043,0.02044,0.02045,0.02046,0.02047,0.02048,0.02049,16271.9,25592.9,26428.9,50264,38184.1,21532.3,47900.8,114470.8,37738.5,21588.1,12705.2,8113.3,21845.9,33495.4,27141.4,21622.2,105794.4,27602.7,30151.5,18836.1
110,0.02037,0.02036,0.02035,0.02034,0.02033,0.02032,0.02031,0.0203,0.02029,0.02028,0.02038,0.02039,0.0204,0.02041,0.02042,0.02043,0.02044,0.02045,0.02046,0.02047,13666.1,12917.7,26596.7,33268.9,49451.1,22235.4,114509.4,50133.8,38161.8,43234.2,12649.6,8173.9,8352.9,21595.5,27465,33495.4,44526.1,21622.2,82794.4,27602.7
111,0.02036,0.02035,0.02034,0.02033,0.02032,0.02031,0.0203,0.02029,0.02028,0.02027,0.02037,0.02038,0.02039,0.0204,0.02041,0.02042,0.02043,0.02044,0.02045,0.02046,8733.4,26596.7,33268.9,49451.1,22235.4,114503.1,46786.3,19647,46494.3,18915.4,12368.1,8027,8173.9,8352.9,22313.8,26745.5,33495.4,73342.3,21622.2,53978.2
112,0.02038,0.02037,0.02036,0.02035,0.02034,0.02033,0.02032,0.02031,0.0203,0.02029,0.02039,0.0204,0.02041,0.02042,0.02043,0.02044,0.02045,0.02046,0.02047,0.02048,13666.1,17058.3,26124.2,49596.7,38852.3,21532.3,21568.2,89632.6,72380.6,35502.4,11925,8352.9,21595.5,26745.5,34215.5,21526.1,44622.2,82794.4,25004.9,30151.5
113,0.02038,0.02037,0.02036,0.02035,0.02034,0.02033,0.02032,0.02031,0.0203,0.02029,0.02039,0.0204,0.02041,0.02042,0.02043,0.02044,0.02045,0.02046,0.02047,0.02048,9896,12940.1,26124.2,26596.7,61851.6,21532.3,21568.2,115819.3,21173,35502.4,11509.1,8352.9,21595.5,22565.4,38391.8,21526.1,44622.2,82794.4,25004.9,30151.5
114,0.0204,0.02039,0.02038,0.02037,0.02036,0.02035,0.02034,0.02033,0.02032,0.02031,0.02041,0.02042,0.02043,0.02044,0.02045,0.02046,0.02047,0.02048,0.02049,0.0205,9896,16227.9,26598.2,37714.7,54701.7,22100.7,33268.9,22254.9,21568.2,125052.3,11629.7,8367,22193.1,21526.1,22344.8,110684.8,27631.4,30151.5,18836.1,30767.8
115,0.02042,0.02041,0.0204,0.02039,0.02038,0.02037,0.02036,0.02035,0.02034,0.02033,0.02043,0.02044,0.02045,0.02046,0.02047,0.02048,0.02049,0.0205,0.02051,0.02052,13666.1,9896,37435.1,29683.7,31504.4,56885.4,21628.2,22305.7,43899.2,21532.3,5400,8040.5,21622.2,22244.7,31230.6,85305.8,21567.9,63225.1,31193.3,29889.6
116,0.02041,0.0204,0.02039,0.02038,0.02037,0.02036,0.02035,0.02034,0.02033,0.02032,0.02043,0.02044,0.02045,0.02046,0.02047,0.02048,0.02049,0.0205,0.02051,0.02052,9896,37435.1,25187.7,45102.2,39551.1,20361.7,23877.7,30197.8,77797.2,54329.5,13414.4,17804.6,16671.3,21520.9,50068.6,38374.6,21567.9,80103,33897.8,29889.6
117,0.02042,0.02041,0.0204,0.02039,0.02038,0.02037,0.02036,0.02035,0.02034,0.02033,0.02044,0.02045,0.02046,0.02047,0.02048,0.02049,0.0205,0.02051,0.02052,0.02053,9896,12801.8,37435.1,25187.7,50008.3,34641.5,20361.7,31691.8,46730.7,119427.5,14848.3,8695.7,21520.9,31230.7,34535,44567.9,82806,33897.8,29889.6,23184.4
118,0.02043,0.02042,0.02041,0.0204,0.02039,0.02038,0.02037,0.02036,0.02035,0.02034,0.02044,0.02045,0.02046,0.02047,0.02048,0.02049,0.0205,0.02051,0.02052,0.02053,9896,12563.2,26247.8,37435.1,30758.1,45102.2,33974.8,30539.3,19387.2,46730.7,6788.7,8695.7,21520.9,26343.6,34535,49450.3,82806,33897.8,29889.6,23184.4
119,0.02043,0.02042,0.02041,0.0204,0.02039,0.02038,0.02037,0.02036,0.02035,0.02034,0.02044,0.02045,0.02046,0.02047,0.02048,0.02049,0.0205,0.02051,0.02052,0.02053,9896,12607.5,26247.8,37435.1,30758.1,45102.2,33974.8,21088,19387.2,46730.7,10821.8,8695.7,21520.9,26343.6,39420.2,44567.9,82806,33897.8,29889.6,23184.4
120,0.02044,0.02043,0.02042,0.02041,0.0204,0.02039,0.02038,0.02037,0.02036,0.02035,0.02045,0.02046,0.02047,0.02048,0.02049,0.0205,0.02051,0.02052,0.02053,0.02054,9896,12484.3,12607.5,26247.8,66003.8,25187.7,22102.2,30174.6,21088,19387.2,10979.3,8074.9,26343.6,28117.9,21567.9,73348.7,33897.8,16702.3,20133.8,51349.5
121,0.02046,0.02045,0.02044,0.02043,0.02042,0.02041,0.0204,0.02039,0.02038,0.02037,0.02047,0.02048,0.02049,0.0205,0.02051,0.02052,0.02053,0.02054,0.02055,0.02056,9896,9896,26127.3,60226,26700.6,26651.2,32939.1,25654.7,30953.8,72204.7,16649.3,9057.8,21567.9,22260.6,26395.8,42410.1,22946.8,80165.7,18885.6,46378.3
122,0.02046,0.02045,0.02044,0.02043,0.02042,0.02041,0.0204,0.02039,0.02038,0.02037,0.02047,0.02048,0.02049,0.0205,0.02051,0.02052,0.02053,0.02054,0.02055,0.02056,9896,12739.5,26127.3,37226,54597.5,21751.8,32939.1,35262.4,19601,46683.2,14547,9057.8,21567.9,22260.6,26395.8,42410.1,22946.8,80165.7,18885.6,46378.3
123,0.02044,0.02043,0.02042,0.02041,0.0204,0.02039,0.02038,0.02037,0.02036,0.02035,0.02046,0.02047,0.02048,0.02049,0.0205,0.02051,0.02052,0.02053,0.02054,0.02055,9896,37226,26033.7,26651.4,56606,25654.7,21466.2,30902.1,36878.4,116695,12983.9,12540.5,22490.6,27177.2,44532.5,21517.6,48226.3,22946.8,51349.5,18885.6
124,0.02046,0.02045,0.02044,0.02043,0.02042,0.02041,0.0204,0.02039,0.02038,0.02037,0.02047,0.02048,0.02049,0.0205,0.02051,0.02052,0.02053,0.02054,0.02055,0.02056,9896,12485.6,25899.6,37226,54597.2,21751.8,32939.1,31288.4,21466.2,30174.6,13822.5,9057.8,21567.9,21532.5,27124.1,71226.3,22946.8,51349.5,18885.6,46378.3
125,0.02043,0.02042,0.02041,0.0204,0.02039,0.02038,0.02037,0.02036,0.02035,0.02034,0.02045,0.02046,0.02047,0.02048,0.02049,0.0205,0.02051,0.02052,0.02053,0.02054,9896,21537.7,44751.8,32939.1,31225.3,26373.1,33555.5,20361.7,47272.8,127997.3,12584,17910.3,12270,19638.8,13740.2,21532.5,44517.6,81723.7,20133.8,31278.3
126,0.02044,0.02043,0.02042,0.02041,0.0204,0.02039,0.02038,0.02037,0.02036,0.02035,0.02045,0.02046,0.02047,0.02048,0.02049,0.0205,0.02051,0.02052,0.02053,0.02054,4496,9896,21537.7,44751.8,37841.1,31225.3,21466.2,33555.5,20361.7,43422,13399.1,12098.8,12270,24523.1,8858.7,21532.5,44517.6,81723.7,20133.8,31278.3
127,0.02044,0.02043,0.02042,0.02041,0.0204,0.02039,0.02038,0.02037,0.02036,0.02035,0.02045,0.02046,0.02047,0.02048,0.02049,0.0205,0.02051,0.02052,0.02053,0.02054,9896,9896,21537.7,44751.8,37841.1,31225.3,21466.2,33555.5,20361.7,42301.8,12043,12098.8,12270,24523.1,8858.7,21532.5,44517.6,81723.7,20133.8,31278.3
128,0.02054,0.02053,0.02052,0.02051,0.0205,0.02049,0.02048,0.02047,0.02046,0.02045,0.02056,0.02057,0.02058,0.02059,0.0206,0.02061,0.02062,0.02063,0.02064,0.02065,11517.1,8595.4,11716.7,10760.7,21682,37864,16008.1,24338.7,43908,39243.5,11535.6,7999,3815.8,7814.6,15671.6,12713.8,40786.1,10250,21547.7,30831.6
129,0.02049,0.02048,0.02047,0.02046,0.02045,0.02044,0.02043,0.02042,0.02041,0.0204,0.02051,0.02052,0.02053,0.02054,0.02055,0.02056,0.02057,0.02058,0.02059,0.0206,8529,16008.1,21942.1,51202.7,22412.7,26461.4,32724.5,18826.2,55829.7,75844.8,21902.9,22316.3,12346.6,12901.8,29362.8,8522.2,30999,6628.1,4706.6,15252.3
130,0.0205,0.02049,0.02048,0.02047,0.02046,0.02045,0.02044,0.02043,0.02042,0.02041,0.02052,0.02053,0.02054,0.02055,0.02056,0.02057,0.02058,0.02059,0.0206,0.02061,12141.6,13025,40532.5,21942.1,28202.7,27302.3,21569.3,49184.6,18826.2,53918,21582.3,12346.6,12901.8,29362.8,8522.2,7999,9319.7,27706.6,15252.3,12713.8
131,0.02049,0.02048,0.02047,0.02046,0.02045,0.02044,0.02043,0.02042,0.02041,0.0204,0.02051,0.02052,0.02053,0.02054,0.02055,0.02056,0.02057,0.02058,0.02059,0.0206,5400,16008.1,21942.1,51202.7,26945.5,21569.3,32724.5,35294.3,45339.5,66745.5,10347.7,13074.7,12346.6,17284.8,24494.3,8522.2,30999,6628.1,4706.6,15252.3
132,0.02047,0.02046,0.02045,0.02044,0.02043,0.02042,0.02041,0.0204,0.02039,0.02038,0.02049,0.0205,0.02051,0.02052,0.02053,0.02054,0.02055,0.02056,0.02057,0.02058,13393.3,16169.8,44388.7,22961.7,37618.3,21425,39353.5,47957.5,27529.7,44313,13199.7,19954.2,22316,17461.9,12346.6,8606.9,19998.3,28400,20423.5,6628.1
133,0.02048,0.02047,0.02046,0.02045,0.02044,0.02043,0.02042,0.02041,0.0204,0.02039,0.0205,0.02051,0.02052,0.02053,0.02054,0.02055,0.02056,0.02057,0.02058,0.02059,5400,13393.3,16169.8,44388.7,27853.7,32724.5,21425,55829.7,31473.2,53013.8,21188.7,23859.5,17461.9,12346.6,8606.9,19998.3,5400,43423.5,6628.1,4706.6
134,0.0205,0.02049,0.02048,0.02047,0.02046,0.02045,0.02044,0.02043,0.02042,0.02041,0.02052,0.02053,0.02054,0.02055,0.02056,0.02057,0.02058,0.02059,0.0206,0.02061,9170.1,18345.7,29678.1,40492.9,28202.7,26277.4,22231.1,32724.5,21425,92955.5,13106.1,12346.6,12990.4,19998.3,8176.1,7999,6628.1,27706.6,15252.3,25138.3
135,0.02047,0.02046,0.02045,0.02044,0.02043,0.02042,0.02041,0.0204,0.02039,0.02038,0.02048,0.02049,0.0205,0.02051,0.02052,0.02053,0.02054,0.02055,0.02056,0.02057,8174.8,16169.8,22362,45299.9,38280.5,21425,42294.6,47957.5,53013.8,18872.3,12987.8,5400,13432.1,24183.8,14018.2,17219.5,8606.9,39702.3,8176.1,7999
136,0.02046,0.02045,0.02044,0.02043,0.02042,0.02041,0.0204,0.02039,0.02038,0.02037,0.02047,0.02048,0.02049,0.0205,0.02051,0.02052,0.02053,0.02054,0.02055,0.02056,5400,21613.5,21569.3,44397,27714.3,42294.6,31473.2,69524.9,18872.3,30174.6,5400,16036.4,8606.9,13432.1,29061.1,14018.2,7850.6,28400,16702.3,13040.9
137,0.02045,0.02044,0.02043,0.02042,0.02041,0.0204,0.02039,0.02038,0.02037,0.02036,0.02046,0.02047,0.02048,0.02049,0.0205,0.02051,0.02052,0.02053,0.02054,0.02055,5400,21569.3,45272.8,22086.7,22517.6,39724.1,96361.8,18872.3,64817.8,17723,7620.5,9896,9896,8606.9,18311.9,24183.8,9522.2,7850.6,28400,16702.3
138,0.02044,0.02043,0.02042,0.02041,0.0204,0.02039,0.02038,0.02037,0.02036,0.02035,0.02045,0.02046,0.02047,0.02048,0.02049,0.0205,0.02051,0.02052,0.02053,0.02054,13666.1,18780.5,41826.2,21808.8,39080.4,33404.7,22208.4,50714.2,34239.7,145972.3,9477.2,7387.6,19629.8,20860.4,8606.9,18311.9,19687.8,28400,7850.6,5400
139,0.02045,0.02044,0.02043,0.02042,0.02041,0.0204,0.02039,0.02038,0.02037,0.02036,0.02046,0.02047,0.02048,0.02049,0.0205,0.02051,0.02052,0.02053,0.02054,0.02055,9170.1,13666.1,22142.2,44659.2,21808.8,39080.4,33404.7,38708.9,56730.7,17723,13781.6,8327.5,13286.9,8606.9,18311.9,19687.8,8156.6,30850.6,5400,29126.8
140,0.02044,0.02043,0.02042,0.02041,0.0204,0.02039,0.02038,0.02037,0.02036,0.02035,0.02046,0.02047,0.02048,0.02049,0.0205,0.02051,0.02052,0.02053,0.02054,0.02055,13666.1,18780.5,41826.2,26708,34178.5,33404.7,53770.9,50714.2,17723,145972.3,14840.7,8327.5,13286.9,8606.9,18311.9,19687.8,8156.6,30850.6,5400,29126.8
141,0.02043,0.02042,0.02041,0.0204,0.02039,0.02038,0.02037,0.02036,0.02035,0.02034,0.02045,0.02046,0.02047,0.02048,0.02049,0.0205,0.02051,0.02052,0.02053,0.02054,23276.5,41826.2,18846,39079.8,31675.1,22208.4,107821.1,17723,48148.9,128021.2,13059.6,9382.2,19629.8,13286.9,13489,13432.1,19687.8,8156.6,30850.6,5400
142,0.02043,0.02042,0.02041,0.0204,0.02039,0.02038,0.02037,0.02036,0.02035,0.02034,0.02045,0.02046,0.02047,0.02048,0.02049,0.0205,0.02051,0.02052,0.02053,0.02054,23276.5,41826.2,18846,39079.8,31675.1,22208.4,67222.8,23729.7,48148.9,128021.2,12677.5,9382.2,19629.8,13286.9,13489,13432.1,19687.8,8156.6,30850.6,5400
143,0.02043,0.02042,0.02041,0.0204,0.02039,0.02038,0.02037,0.02036,0.02035,0.02034,0.02045,0.02046,0.02047,0.02048,0.02049,0.0205,0.02051,0.02052,0.02053,0.02054,23276.5,41826.2,18846,38418.2,32340.1,22208.4,50714.2,50914.5,48148.9,128021.2,22412.8,9382.2,19629.8,13286.9,13489,13432.1,42687.8,8156.6,7850.6,5400
144,0.02043,0.02042,0.02041,0.0204,0.02039,0.02038,0.02037,0.02036,0.02035,0.02034,0.02044,0.02045,0.02046,0.02047,0.02048,0.02049,0.0205,0.02051,0.02052,0.02053,5400,23322.2,41846,21729.6,34946.5,27114.6,50714.2,34239.7,63376,30197.8,11032.4,13914.7,9382.2,19629.8,18171.2,8606.9,8936.1,39702.3,8156.6,7850.6
145,0.02043,0.02042,0.02041,0.0204,0.02039,0.02038,0.02037,0.02036,0.02035,0.02034,0.02044,0.02045,0.02046,0.02047,0.02048,0.02049,0.0205,0.02051,0.02052,0.02053,5400,23322.2,41846,21729.6,37836,22208.4,53332,36857.2,59561.2,30197.8,14609.8,20994.7,9382.2,19629.8,18171.2,8606.9,8936.1,39702.3,8156.6,7850.6
146,0.02043,0.02042,0.02041,0.0204,0.02039,0.02038,0.02037,0.02036,0.02035,0.02034,0.02044,0.02045,0.02046,0.02047,0.02048,0.02049,0.0205,0.02051,0.02052,0.02053,9896,23322.2,41846,21729.6,37836,22208.4,53332,36857.2,63181.6,30197.8,10819.3,8260.1,9382.2,19629.8,18171.2,8606.9,8936.1,39702.3,8156.6,7850.6
147,0.02044,0.02043,0.02042,0.02041,0.0204,0.02039,0.02038,0.02037,0.02036,0.02035,0.02045,0.02046,0.02047,0.02048,0.02049,0.0205,0.02051,0.02052,0.02053,0.02054,13361.4,5400,27042.7,44538.3,34427.6,36440.3,22208.4,69840.6,20340.5,48148.9,12484.7,9382.2,19629.8,18171.2,8606.9,8936.1,42363.6,8156.6,7850.6,5400
148,0.02044,0.02043,0.02042,0.02041,0.0204,0.02039,0.02038,0.02037,0.02036,0.02035,0.02045,0.02046,0.02047,0.02048,0.02049,0.0205,0.02051,0.02052,0.02053,0.02054,11695.9,9896,27898,22086.4,57427.6,36440.3,22208.4,69840.6,17723,58080.5,13050.2,9382.2,19629.8,18171.2,8606.9,8936.1,42363.6,8156.6,7850.6,5400
149,0.02044,0.02043,0.02042,0.02041,0.0204,0.02039,0.02038,0.02037,0.02036,0.02035,0.02045,0.02046,0.02047,0.02048,0.02049,0.0205,0.02051,0.02052,0.02053,0.02054,11695.9,9896,27898,22086.4,57427.6,36440.3,22208.4,53332,34239.7,48148.9,12761.6,9382.2,19629.8,18171.2,8606.9,8936.1,42363.6,8156.6,7850.6,5400
150,0.02043,0.02042,0.02041,0.0204,0.02039,0.02038,0.02037,0.02036,0.02035,0.02034,0.02044,0.02045,0.02046,0.02047,0.02048,0.02049,0.0205,0.02051,0.02052,0.02053,8841.8,23322.2,22086.4,56031.9,36722.2,22208.4,55970.8,17723,77937.1,30197.8,21713.2,17257.6,9382.2,19629.8,18171.2,8606.9,44360.6,19363.6,8156.6,7850.6
151,0.02042,0.02041,0.0204,0.02039,0.02038,0.02037,0.02036,0.02035,0.02034,0.02033,0.02043,0.02044,0.02045,0.02046,0.02047,0.02048,0.02049,0.0205,0.02051,0.02052,25043.1,18846,44729.6,37458.5,22208.4,56107.5,21455.1,64673.7,30197.8,116727,14124.5,18373.4,9126.3,9382.2,19629.8,18171.2,8606.9,28886.6,19363.6,8156.6
152,0.02041,0.0204,0.02039,0.02038,0.02037,0.02036,0.02035,0.02034,0.02033,0.02032,0.02042,0.02043,0.02044,0.02045,0.02046,0.02047,0.02048,0.02049,0.0205,0.02051,19706.5,41855.8,32433.6,22208.4,53426.9,21455.1,93000,30197.8,33049.6,116861.8,13538.9,14289.5,15537.2,9126.3,9382.2,24028.8,13606.2,28400,5886.6,19363.6
153,0.02042,0.02041,0.0204,0.02039,0.02038,0.02037,0.02036,0.02035,0.02034,0.02033,0.02043,0.02044,0.02045,0.02046,0.02047,0.02048,0.02049,0.0205,0.02051,0.02053,6260.5,23342,45533,30521.9,22208.4,60911.9,21455.1,64673.7,30197.8,18855.8,14916.5,15537.2,9126.3,9382.2,24028.8,13606.2,8147.8,28886.6,19363.6,5400
154,0.02042,0.02041,0.0204,0.02039,0.02038,0.02037,0.02036,0.02035,0.02034,0.02033,0.02043,0.02044,0.02045,0.02046,0.02047,0.02048,0.02049,0.0205,0.02051,0.02053,6260.5,8218.9,44470.2,30521.9,27115,34146.6,22773.1,64673.7,40039.9,39423.7,14174.6,7993.1,9126.3,9382.2,24028.8,13606.2,8147.8,28886.6,19363.6,5400
155,0.02043,0.02042,0.02041,0.0204,0.02039,0.02038,0.02037,0.02036,0.02035,0.02034,0.02044,0.02045,0.02046,0.02047,0.02048,0.02049,0.0205,0.02051,0.02053,0.02054,6260.5,28400,8218.9,21470.2,31917.5,27115,32751.1,19041,74389.6,30197.8,9034.5,9126.3,9382.2,24028.8,13606.2,8147.8,31532.8,19363.6,5400,17824.5
156,0.02041,0.0204,0.02039,0.02038,0.02037,0.02036,0.02035,0.02034,0.02033,0.02032,0.02043,0.02044,0.02045,0.02046,0.02047,0.02048,0.02049,0.0205,0.02051,0.02053,16990.4,21943.9,30521.9,22208.4,34146.6,27011,50871.1,46730.7,39423.7,18918.7,16946,16241.1,9126.3,13782.5,19629.8,8790.9,31147.8,5886.6,19363.6,5400
157,0.02041,0.0204,0.02039,0.02038,0.02037,0.02036,0.02035,0.02034,0.02033,0.02032,0.02042,0.02043,0.02044,0.02045,0.02046,0.02047,0.02048,0.02049,0.0205,0.02051,16990.4,21943.9,30521.9,22208.4,39055.9,22099.9,50871.1,46730.7,39423.7,18918.7,11328.1,19339.3,10703.5,9126.3,13782.5,19629.8,8790.9,31147.8,5886.6,19363.6
158,0.02041,0.0204,0.02039,0.02038,0.02037,0.02036,0.02035,0.02034,0.02033,0.02032,0.02043,0.02044,0.02045,0.02046,0.02047,0.02048,0.02049,0.0205,0.02051,0.02053,5400,21943.9,53521.9,21999.2,39055.9,22099.9,67395.9,55790.2,39423.7,18918.7,20828.9,10703.5,9126.3,13782.5,19629.8,7978.8,31147.8,5886.6,19363.6,5400
159,0.0204,0.02039,0.02038,0.02037,0.02036,0.02035,0.02034,0.02033,0.02032,0.02031,0.02041,0.02042,0.02043,0.02044,0.02045,0.02046,0.02047,0.02048,0.02049,0.0205,18855.8,27529.7,23857.6,62055.9,22099.9,48148.9,46730.7,65018.2,18918.7,35127.8,13871.3,15330.8,20828.9,10703.5,13039.4,9382.2,19629.8,30978.8,8147.8,5886.6
160,0.02037,0.02036,0.02035,0.02034,0.02033,0.02032,0.02031,0.0203,0.02029,0.02028,0.02039,0.0204,0.02041,0.02042,0.02043,0.02044,0.02045,0.02046,0.02047,0.02048,18872.3,22099.9,76062.2,34230.1,21574.3,23910.4,77281.9,49942.4,39542.1,163543.7,23946,17249.8,8003.1,8025.5,27788.5,10703.5,5400,28400,21586.6,20403.3
161,0.02036,0.02035,0.02034,0.02033,0.02032,0.02031,0.0203,0.02029,0.02028,0.02027,0.02037,0.02038,0.02039,0.0204,0.02041,0.02042,0.02043,0.02044,0.02045,0.02046,1318,21803.6,45514,26493.2,24641.8,40808.1,62837,68561.4,65432.4,117099,12794,8454.1,9305.2,9300.3,8003.1,11944.4,23871.5,6207.5,23000,5400
162,0.02036,0.02035,0.02034,0.02033,0.02032,0.02031,0.0203,0.02029,0.02028,0.02027,0.02037,0.02038,0.02039,0.0204,0.02041,0.02042,0.02043,0.02044,0.02045,0.02046,5400,26299.6,45300.7,26493.2,24641.8,40808.1,67005.7,68561.4,65432.4,117099,5625.2,8454.1,9305.2,9300.3,8003.1,11944.4,23871.5,6524.5,23000,5400
163,0.02036,0.02035,0.02034,0.02033,0.02032,0.02031,0.0203,0.02029,0.02028,0.02027,0.02038,0.02039,0.0204,0.02041,0.02042,0.02043,0.02044,0.02045,0.02046,0.02047,12827.1,26299.6,45300.7,26493.2,25307.5,54380.7,47602.6,68561.4,65432.4,117099,10878.2,9305.2,9300.3,8003.1,11944.4,23871.5,6524.5,23000,5400,21586.6
164,0.02036,0.02035,0.02034,0.02033,0.02032,0.02031,0.0203,0.02029,0.02028,0.02027,0.02037,0.02038,0.02039,0.0204,0.02041,0.02042,0.02043,0.02044,0.02045,0.02046,4496,26299.6,45300.7,26493.2,24169.9,37823.4,64170.1,68561.4,65432.4,117099,14341.7,15087.3,9305.2,9300.3,8003.1,11944.4,23871.5,6524.5,23000,5400
165,0.02035,0.02034,0.02033,0.02032,0.02031,0.0203,0.02029,0.02028,0.02027,0.02026,0.02036,0.02037,0.02038,0.02039,0.0204,0.02041,0.02042,0.02043,0.02044,0.02045,8732.3,41895.5,21574.3,24169.9,42746.5,24633.6,110737.5,65432.4,18915.4,120887.4,13090.9,16996.6,15087.3,9305.2,13222.9,8003.1,8025.5,19375.5,6207.5,23000
166,0.02035,0.02034,0.02033,0.02032,0.02031,0.0203,0.02029,0.02028,0.02027,0.02026,0.02037,0.02038,0.02039,0.0204,0.02041,0.02042,0.02043,0.02044,0.02045,0.02046,8732.3,44816.9,21574.3,29090.6,37823.4,39877.2,95501.9,65432.4,18915.4,120887.4,14196,8329.3,20607.5,13222.9,8003.1,8025.5,19375.5,6207.5,23000,5400
167,0.02037,0.02036,0.02035,0.02034,0.02033,0.02032,0.02031,0.0203,0.02029,0.02028,0.02038,0.02039,0.0204,0.02041,0.02042,0.02043,0.02044,0.02045,0.02046,0.02047,9896,14584.4,25298.3,44816.9,26492.3,24169.9,54380.7,50242.8,68561.4,65432.4,14302.6,9305.2,9300.3,8003.1,11944,19375.5,6207.5,23000,5400,21586.6
168,0.02039,0.02038,0.02037,0.02036,0.02035,0.02034,0.02033,0.02032,0.02031,0.0203,0.0204,0.02041,0.02042,0.02043,0.02044,0.02045,0.02046,0.02047,0.02048,0.02049,12804.6,16348.8,27113.1,37584.4,25964.1,38766.6,21574.3,35467.9,39144.7,52316.7,13336.8,8003.1,8025.5,19375.5,10122.6,2798.3,8042,44586.6,20723,6983.2
169,0.02038,0.02037,0.02036,0.02035,0.02034,0.02033,0.02032,0.02031,0.0203,0.02029,0.02039,0.0204,0.02041,0.02042,0.02043,0.02044,0.02045,0.02046,0.02047,0.02048,9896,27113.1,37584.4,25298.3,35845.2,22240.1,18918.7,55702,52316.7,39542.1,5261.3,14497.9,8003.1,8025.5,23292.8,6207.5,25798.3,8042,21586.6,20723
170,0.02038,0.02037,0.02036,0.02035,0.02034,0.02033,0.02032,0.02031,0.0203,0.02029,0.02039,0.0204,0.02041,0.02042,0.02043,0.02044,0.02045,0.02046,0.02047,0.02048,4496,27445.6,37584.4,25298.3,35845.2,22240.1,21776.2,55702,52316.7,39542.1,15019.5,9766,8003.1,8025.5,23292.8,6207.5,2798.3,31042,21586.6,20723
171,0.02036,0.02035,0.02034,0.02033,0.02032,0.02031,0.0203,0.02029,0.02028,0.02027,0.02037,0.02038,0.02039,0.0204,0.02041,0.02042,0.02043,0.02044,0.02045,0.02046,5400,25177.7,44555.3,21574.3,23173.3,44068.3,68882.2,39542.1,65432.4,18915.4,15176.7,20423.6,9355.7,13688.7,8003.1,8025.5,19375.5,29207.5,2798.3,8042
172,0.02036,0.02035,0.02034,0.02033,0.02032,0.02031,0.0203,0.02029,0.02028,0.02027,0.02037,0.02038,0.02039,0.0204,0.02041,0.02042,0.02043,0.02044,0.02045,0.02046,5400,25177.7,41895.5,21574.3,23173.3,44068.3,68882.2,39542.1,65432.4,18915.4,15222.8,12789.6,9355.7,13688.7,8003.1,8025.5,19375.5,29207.5,2798.3,8042
173,0.02036,0.02035,0.02034,0.02033,0.02032,0.02031,0.0203,0.02029,0.02028,0.02027,0.02037,0.02038,0.02039,0.0204,0.02041,0.02042,0.02043,0.02044,0.02045,0.02046,5400,25177.7,44579.9,21574.3,28094.4,39144.6,68882.2,39542.1,65432.4,18915.4,7241.9,8293.6,19382.3,13688.7,8003.1,8025.5,19375.5,6207.5,2798.3,31042
174,0.02038,0.02037,0.02036,0.02035,0.02034,0.02033,0.02032,0.02031,0.0203,0.02029,0.02039,0.0204,0.02041,0.02042,0.02043,0.02044,0.02045,0.02046,0.02047,0.02048,5400,18685.1,10419,48087.9,31598.3,26493,21776.2,55701.9,52316.7,39542.1,12641.6,9896,8085.8,8025.5,19375.5,6207.5,25798.3,8042,21586.6,20723
175,0.02036,0.02035,0.02034,0.02033,0.02032,0.02031,0.0203,0.02029,0.02028,0.02027,0.02037,0.02038,0.02039,0.0204,0.02041,0.02042,0.02043,0.02044,0.02045,0.02046,5400,25087.9,44498.4,23166,22509.4,44068.4,52316.7,56115.8,65432.4,18915.4,13950.7,21002.5,17434.3,12527.1,8085.8,8025.5,19375.5,6207.5,31198.3,20466.5
176,0.02035,0.02034,0.02033,0.02032,0.02031,0.0203,0.02029,0.02028,0.02027,0.02026,0.02037,0.02038,0.02039,0.0204,0.02041,0.02042,0.02043,0.02044,0.02045,0.02046,13868.5,41895.5,23559.3,22509.4,44735.6,68882.2,39542.1,29912.5,18915.4,22655.6,12896.3,6675.7,9896,12527.1,8085.8,8025.5,19375.5,6207.5,31198.3,20466.5
177,0.02035,0.02034,0.02033,0.02032,0.02031,0.0203,0.02029,0.02028,0.02027,0.02026,0.02037,0.02038,0.02039,0.0204,0.02041,0.02042,0.02043,0.02044,0.02045,0.02046,6512.4,41895.5,23559.3,22509.4,44735.6,23311.7,56115.8,58946.1,18915.4,22655.6,9896,6675.7,9896,12527.1,8085.8,8025.5,19375.5,6207.5,31198.3,20466.5
178,0.02036,0.02035,0.02034,0.02033,0.02032,0.02031,0.0203,0.02029,0.02028,0.02027,0.02037,0.02038,0.02039,0.0204,0.02041,0.02042,0.02043,0.02044,0.02045,0.02046,1112.4,23391.2,41895.5,24226.5,27430,36449,23311.7,56115.8,58946.1,48220.7,10819,15560.7,9896,12527.1,8085.8,8025.5,19375.5,6207.5,31198.3,20466.5
179,0.02036,0.02035,0.02034,0.02033,0.02032,0.02031,0.0203,0.02029,0.02028,0.02027,0.02037,0.02038,0.02039,0.0204,0.02041,0.02042,0.02043,0.02044,0.02045,0.02046,6512.4,23391.2,41895.5,23559.3,27430,39785.4,23311.7,56115.8,58946.1,18915.4,11538.9,9896,9896,12527.1,8085.8,8025.5,19375.5,6207.5,31198.3,20466.5
180,0.02036,0.02035,0.02034,0.02033,0.02032,0.02031,0.0203,0.02029,0.02028,0.02027,0.02037,0.02038,0.02039,0.0204,0.02041,0.02042,0.02043,0.02044,0.02045,0.02046,6266.9,23391.2,41895.5,23559.3,27430,39785.4,23311.7,56115.8,58946.1,48220.7,15083.7,5400,9896,12527.1,8085.8,8025.5,19375.5,6207.5,31198.3,20466.5
181,0.02036,0.02035,0.02034,0.02033,0.02032,0.02031,0.0203,0.02029,0.02028,0.02027,0.02037,0.02038,0.02039,0.0204,0.02041,0.02042,0.02043,0.02044,0.02045,0.02046,6266.9,23391.2,41895.5,21506.8,27430,40613.5,23311.7,56115.8,58946.1,48220.7,14514.4,9896,9896,12527.1,8085.8,8025.5,19375.5,6207.5,31198.3,20466.5
182,0.02036,0.02035,0.02034,0.02033,0.02032,0.02031,0.0203,0.02029,0.02028,0.02027,0.02037,0.02038,0.02039,0.0204,0.02041,0.02042,0.02043,0.02044,0.02045,0.02046,18545.8,23391.2,41895.5,21506.8,27430,40613.6,23311.7,56115.8,58946.1,48220.7,13687.5,9896,9896,12527.1,8085.8,8025.5,19375.5,6207.5,31198.3,20466.5
183,0.02036,0.02035,0.02034,0.02033,0.02032,0.02031,0.0203,0.02029,0.02028,0.02027,0.02037,0.02038,0.02039,0.0204,0.02041,0.02042,0.02043,0.02044,0.02045,0.02046,13145.8,22138.1,44530.1,21506.8,27430,40613.6,23311.7,56115.8,58946.1,18915.4,14114.7,9896,9896,12527.1,8085.8,8025.5,19375.5,6207.5,31198.3,20466.5
184,0.02036,0.02035,0.02034,0.02033,0.02032,0.02031,0.0203,0.02029,0.02028,0.02027,0.02037,0.02038,0.02039,0.0204,0.02041,0.02042,0.02043,0.02044,0.02045,0.02046,13145.8,22138.1,41895.5,21506.8,27430,40613.6,23311.7,56115.8,58946.1,18915.4,13651.5,9896,9896,12527.1,8085.8,8025.5,19375.5,6207.5,31198.3,20466.5
185,0.02036,0.02035,0.02034,0.02033,0.02032,0.02031,0.0203,0.02029,0.02028,0.02027,0.02037,0.02038,0.02039,0.0204,0.02041,0.02042,0.02043,0.02044,0.02045,0.02046,14615.8,22138.1,41895.5,21506.8,27430,40613.6,23311.7,56115.8,58946.1,18915.4,14181,15631.8,9896,12527.1,8085.8,8025.5,19375.5,6207.5,31198.3,20466.5
186,0.02037,0.02036,0.02035,0.02034,0.02033,0.02032,0.02031,0.0203,0.02029,0.02028,0.02038,0.02039,0.0204,0.02041,0.02042,0.02043,0.02044,0.02045,0.02046,0.02047,10037,17370.5,22138.1,46245.6,22174,27430,39946.4,39877.2,39542.1,88237,12993.8,9896,12527.1,8085.8,8025.5,19375.5,6207.5,8198.3,43466.5,21586.6
187,0.02037,0.02036,0.02035,0.02034,0.02033,0.02032,0.02031,0.0203,0.02029,0.02028,0.02038,0.02039,0.0204,0.02041,0.02042,0.02043,0.02044,0.02045,0.02046,0.02047,6266.9,17370.5,22138.1,46245.6,27092.8,22509.4,39946.4,39877.2,39542.1,58946.1,13693.7,9896,12527.1,8085.8,8025.5,19375.5,6207.5,8198.3,43466.5,21586.6
188,0.02037,0.02036,0.02035,0.02034,0.02033,0.02032,0.02031,0.0203,0.02029,0.02028,0.02038,0.02039,0.0204,0.02041,0.02042,0.02043,0.02044,0.02045,0.02046,0.02047,6266.9,16424.2,22138.1,44566.2,27158.4,22443.1,39945.6,39877.2,68561.5,29912.5,17200.9,9896,12527.1,8085.8,8025.5,19375.5,6207.5,8198.3,43466.5,21586.6
189,0.02035,0.02034,0.02033,0.02032,0.02031,0.0203,0.02029,0.02028,0.02027,0.02026,0.02036,0.02037,0.02038,0.02039,0.0204,0.02041,0.02042,0.02043,0.02044,0.02045,9170.1,22071.9,44506.8,21776.2,42104.1,23978.5,68561.5,46494.3,18915.4,22655.6,23771.1,18989.9,17200.9,9896,12527.1,8085.8,8025.5,19375.5,29207.5,8198.3
190,0.02035,0.02034,0.02033,0.02032,0.02031,0.0203,0.02029,0.02028,0.02027,0.02026,0.02036,0.02037,0.02038,0.02039,0.0204,0.02041,0.02042,0.02043,0.02044,0.02045,5400,8408,44506.8,21776.2,45549.3,23311.7,68561.5,46494.3,18915.4,22655.6,18069.7,9896,9896,9896,12527.1,8085.8,8025.5,19375.5,29207.5,8198.3
191,0.02034,0.02033,0.02032,0.02031,0.0203,0.02029,0.02028,0.02027,0.02026,0.02025,0.02036,0.02037,0.02038,0.02039,0.0204,0.02041,0.02042,0.02043,0.02044,0.02045,8452.6,21506.8,44776.2,32986.8,24711.3,68561.5,29912.5,35505.4,22655.6,134027.5,23781.8,9896,9896,9896,12527.1,8085.8,31025.5,19375.5,6207.5,8198.3
192,0.02033,0.02032,0.02031,0.0203,0.02029,0.02028,0.02027,0.02026,0.02025,0.02024,0.02035,0.02036,0.02037,0.02038,0.02039,0.0204,0.02041,0.02042,0.02043,0.02044,21506.8,44776.2,30069,24711.3,68561.5,29912.5,35505.4,22655.6,134027.5,18829.5,19843.5,9896,9896,9896,9896,12527.1,8085.8,31025.5,19375.5,6207.5
193,0.02033,0.02032,0.02031,0.0203,0.02029,0.02028,0.02027,0.02026,0.02025,0.02024,0.02034,0.02035,0.02036,0.02037,0.02038,0.02039,0.0204,0.02041,0.02042,0.02043,5400,21776.2,49576,23978.5,57575.7,32864.8,18915.4,39253.8,56466.1,117157.9,11256.6,16569.1,9896,9896,22166,9896,8031.1,8085.8,31025.5,19375.5
194,0.02033,0.02032,0.02031,0.0203,0.02029,0.02028,0.02027,0.02026,0.02025,0.02024,0.02034,0.02035,0.02036,0.02037,0.02038,0.02039,0.0204,0.02041,0.02042,0.02043,5400,23987.9,50094.5,23646.6,58199.8,33531.5,18915.4,41996.5,56466.1,18829.5,11256.6,16569.1,9896,9896,22166,5400,8031.1,20510.3,31025.5,20958.7
195,0.02033,0.02032,0.02031,0.0203,0.02029,0.02028,0.02027,0.02026,0.02025,0.02024,0.02034,0.02035,0.02036,0.02037,0.02038,0.02039,0.0204,0.02041,0.02042,0.02043,5400,23987.9,46825.5,23646.6,58199.8,33531.5,18915.4,41996.5,82135.5,18829.5,7272.3,7439,9896,9896,22166,5400,8031.1,20510.3,31025.5,20958.7
196,0.02033,0.02032,0.02031,0.0203,0.02029,0.02028,0.02027,0.02026,0.02025,0.02024,0.02034,0.02035,0.02037,0.02038,0.02039,0.0204,0.02041,0.02042,0.02043,0.02044,5400,23987.9,46825.5,29239.3,25490.5,32544.1,50595.9,41996.5,56466.1,18829.5,14965.3,15127.4,5400,22166,5400,11953.7,20510.3,31025.5,20958.7,6207.5
197,0.02031,0.0203,0.02029,0.02028,0.02027,0.02026,0.02025,0.02024,0.02023,0.02022,0.02032,0.02033,0.02034,0.02035,0.02037,0.02038,0.02039,0.0204,0.02041,0.02042,10323.4,23646.6,49269.5,58509.4,22280.6,41996.5,82144.5,18829.5,125114.3,18902.1,14636.5,9170.1,9601.1,5400,9328.7,22166,28400,8031.1,20510.3,8025.5
198,0.0203,0.02029,0.02028,0.02027,0.02026,0.02025,0.02024,0.02023,0.02022,0.02021,0.02031,0.02032,0.02033,0.02034,0.02037,0.02038,0.02039,0.0204,0.02041,0.02042,8992.7,30340.8,21804.9,44547.9,30408.8,69760.8,39130.6,26737.6,18902.1,39535.7,11397.7,19132.5,7978.8,13535.9,5400,17670,33303.8,8031.1,20510.3,21557.5
199,0.02029,0.02028,0.02027,0.02026,0.02025,0.02024,0.02023,0.02022,0.02021,0.0202,0.02031,0.02032,0.02033,0.02034,0.02037,0.02038,0.02039,0.0204,0.02041,0.02042,30340.8,21847.4,44547.9,30408.8,66553.4,38386,55115.2,18902.1,39535.7,163084.7,11721.1,9896,7978.8,13535.9,5400,17670,33303.8,8031.1,20510.3,21557.5
200,0.02029,0.02028,0.02027,0.02026,0.02025,0.02024,0.02023,0.02022,0.02021,0.0202,0.0203,0.02031,0.02032,0.02033,0.02034,0.02036,0.02037,0.02038,0.02039,0.0204,9170.1,31875.8,22104.3,25731.9,53042.6,40908.5,46172.3,54260.1,18839.4,28820.4,7844.7,10757.9,12694.3,7978.8,7747.1,9330.1,17824.5,40670,10303.8,21299.6
201,0.02027,0.02026,0.02025,0.02024,0.02023,0.02022,0.02021,0.0202,0.02019,0.02018,0.02029,0.0203,0.02031,0.02032,0.02033,0.02034,0.02035,0.02036,0.02037,0.02038,22104.3,25731.9,52376,40908.5,27404.2,48279.9,35478.7,28820.4,39628.5,18872.3,15590.3,17740.7,10757.9,12694.3,24185.1,7747.1,23000,5400,17824.5,17670
202,0.02026,0.02025,0.02024,0.02023,0.02022,0.02021,0.0202,0.02019,0.02018,0.02017,0.02027,0.02028,0.02029,0.0203,0.02031,0.02032,0.02033,0.02034,0.02035,0.02036,13640.3,52376,36039,29813.5,52397.6,22361.2,71196.1,39628.5,18872.3,143158.3,11456.4,13015.9,20474.9,9896,5400,16633,20248.8,7747.1,23000,5400
203,0.02026,0.02025,0.02024,0.02023,0.02022,0.02021,0.0202,0.02019,0.02018,0.02017,0.02027,0.02028,0.02029,0.0203,0.02031,0.02032,0.02033,0.02034,0.02036,0.02037,5400,13455.3,45597.5,42023.4,26985.3,25239,103598.8,45609.9,18872.3,44611.9,20436.2,11127.2,12814.9,18831.8,5400,20622.8,20248.8,30747.1,5400,18958.8
204,0.02024,0.02023,0.02022,0.02021,0.0202,0.02019,0.02018,0.02017,0.02016,0.02015,0.02026,0.02027,0.02028,0.02029,0.0203,0.02031,0.02032,0.02033,0.02034,0.02036,18829.5,49737.6,22040.2,54631.3,36753.2,42301.5,61294.1,44534,117675.4,45957.6,25521.1,15463,11127.2,12814.9,18831.8,5400,20622.8,20248.8,30747.1,5400
205,0.02027,0.02026,0.02025,0.02024,0.02023,0.02022,0.02021,0.0202,0.02019,0.02018,0.02029,0.0203,0.02031,0.02032,0.02033,0.02034,0.02035,0.02036,0.02037,0.02038,26338.2,38526.3,50797.3,32107.6,49852.5,18902.1,70846.4,28820.4,39628.5,18872.3,14710.3,24820.7,9163.8,8198.3,20248.8,12665.3,2621.8,28400,17824.5,17670
206,0.02025,0.02024,0.02023,0.02022,0.02021,0.0202,0.02019,0.02018,0.02017,0.02016,0.02026,0.02027,0.02028,0.02029,0.0203,0.02031,0.02032,0.02033,0.02034,0.02035,17692.7,30072.4,70164.5,22627.9,29476.8,77499.6,65387.2,18872.3,44534,117675.4,5368.5,10335.5,9896,12028.8,13872.1,14089.2,8198.3,20248.8,30747.1,2621.8
207,0.02027,0.02026,0.02025,0.02024,0.02023,0.02022,0.02021,0.0202,0.02019,0.02018,0.02028,0.02029,0.0203,0.02031,0.02032,0.02033,0.02034,0.02035,0.02036,0.02037,4496,28072.7,46461.4,30300,53238,21957.8,90608.3,28820.4,39628.5,18872.3,13911.8,12462.8,13872.1,9163.8,8198.3,25169.6,7747.1,2621.8,28400,17824.5
208,0.02026,0.02025,0.02024,0.02023,0.02022,0.02021,0.0202,0.02019,0.02018,0.02017,0.02028,0.02029,0.0203,0.02031,0.02032,0.02033,0.02034,0.02035,0.02036,0.02037,23454.8,26080.2,58240.3,42549.4,48949.6,64157.1,28820.4,39628.5,18872.3,44574.9,17055.1,18439.9,14617.5,9163.8,13121.1,20248.8,7747.1,2621.8,28400,17824.5
209,0.02026,0.02025,0.02024,0.02023,0.02022,0.02021,0.0202,0.02019,0.02018,0.02017,0.02027,0.02028,0.02029,0.0203,0.02031,0.02032,0.02033,0.02034,0.02035,0.02036,9896,26080.2,53699.2,42761.9,27991.7,93551.3,28820.4,39628.5,18872.3,44574.9,11211,16255.3,12290.3,8269.9,14089.4,8198.3,20248.8,7747.1,25621.8,5400
210,0.02027,0.02026,0.02025,0.02024,0.02023,0.02022,0.02021,0.0202,0.02019,0.02018,0.02028,0.02029,0.0203,0.02031,0.02032,0.02033,0.02034,0.02035,0.02036,0.02037,9896,27924.1,26080.2,50241.6,50180.4,47362.8,67803.2,28820.4,39628.5,44540.5,15289.2,17221.2,8269.9,9163.8,8198.3,25169.8,7747.1,2621.8,28400,31383.3
211,0.02023,0.02022,0.02021,0.0202,0.02019,0.02018,0.02017,0.02016,0.02015,0.02014,0.02025,0.02026,0.02027,0.02028,0.02029,0.0203,0.02031,0.02032,0.02033,0.02034,18740.9,44858.9,22787.9,31774.3,72338.4,64075.1,49530.2,117675.4,33470.9,18938.7,23610,9170.1,12933.9,5400,12409.1,13198.4,5400,8198.3,43248.8,7747.1
212,0.0202,0.02019,0.02018,0.02017,0.02016,0.02015,0.02014,0.02013,0.02012,0.02011,0.02021,0.02022,0.02023,0.02024,0.02025,0.02026,0.02027,0.02028,0.02029,0.0203,12311.3,50212.7,40131.9,21988.6,23146.5,78110.6,82222.2,31499.4,59352.2,118294,13393.7,9170.1,12527.1,18077.6,11855.9,12040,31831.7,17670,5400,17824.5
213,0.02021,0.0202,0.02019,0.02018,0.02017,0.02016,0.02015,0.02014,0.02013,0.02012,0.02022,0.02023,0.02024,0.02025,0.02026,0.02027,0.02028,0.02029,0.0203,0.02031,1496,27112.5,55329.4,40733.8,22980.2,50927.9,79265.6,39706,31499.4,59352.2,17454.4,16568,8509.5,11855.9,16977.4,6157.2,18002.1,5400,40824.5,10323.4
214,0.0202,0.02019,0.02018,0.02017,0.02016,0.02015,0.02014,0.02013,0.02012,0.02011,0.02022,0.02023,0.02024,0.02025,0.02026,0.02027,0.02028,0.02029,0.0203,0.02031,9896,27349.8,40598.9,45980.2,55887.8,59276.1,56403.1,37504,59352.2,118294,17655.6,18243.4,8509.5,16795.5,12040,6157.2,18002.1,28400,17824.5,10323.4
215,0.02021,0.0202,0.02019,0.02018,0.02017,0.02016,0.02015,0.02014,0.02013,0.02012,0.02022,0.02023,0.02024,0.02025,0.02026,0.02027,0.02028,0.02029,0.0203,0.02031,3421,12605.3,27349.8,40598.9,45980.2,55900.8,79137.9,39706,37502.5,33572.3,3770.1,12527.1,8509.5,16795.5,12040,6157.2,18002.1,28400,17824.5,10323.4
216,0.02023,0.02022,0.02021,0.0202,0.02019,0.02018,0.02017,0.02016,0.02015,0.02014,0.02024,0.02025,0.02026,0.02027,0.02028,0.02029,0.0203,0.02031,0.02032,0.02033,5400,12938.9,37270.2,26197.6,51756.3,74699.4,47365.3,38143.4,33470.9,39706,5877.9,11855.9,12040,13723.9,20676.6,5835,17824.5,33323.4,8198.3,33827.7
217,0.02025,0.02024,0.02023,0.02022,0.02021,0.0202,0.02019,0.02018,0.02017,0.02016,0.02027,0.02028,0.02029,0.0203,0.02031,0.02032,0.02033,0.02034,0.02035,0.02036,9896,50440.4,49177.7,28784,42954.6,48411.8,61417,52017,18872.3,18885.6,14865.6,8406.6,13451.4,8269.9,14564.8,31198.3,20248.8,33440.1,9343.1,5400
218,0.02024,0.02023,0.02022,0.02021,0.0202,0.02019,0.02018,0.02017,0.02016,0.02015,0.02025,0.02026,0.02027,0.02028,0.02029,0.0203,0.02031,0.02032,0.02033,0.02034,9896,26803.1,49514.4,42954.6,49081.8,44769.7,74675.1,18872.3,18885.6,33470.9,11650.5,9170.1,8788.3,8406.6,13451.4,8269.9,11933.7,8198.3,43248.8,33440.1
219,0.02023,0.02022,0.02021,0.0202,0.02019,0.02018,0.02017,0.02016,0.02015,0.02014,0.02025,0.02026,0.02027,0.02028,0.02029,0.0203,0.02031,0.02032,0.02033,0.02034,23011.3,26514.4,61006.7,22629.9,52901.9,98129.7,18872.3,24881.2,59244.4,18938.7,12849.3,9170.1,8788.3,25609.1,8520.8,8269.9,34933.7,8198.3,20248.8,33440.1
220,0.02024,0.02023,0.02022,0.02021,0.0202,0.02019,0.02018,0.02017,0.02016,0.02015,0.02025,0.02026,0.02027,0.02028,0.02029,0.0203,0.02031,0.02032,0.02033,0.02034,9896,46143.1,26514.4,38006.7,47612.6,47934.2,98129.7,18872.3,24879.7,59244.4,14071.9,9170.1,8788.3,25609.1,8520.8,8269.9,34933.7,8198.3,20248.8,33440.1
221,0.02022,0.02021,0.0202,0.02019,0.02018,0.02017,0.02016,0.02015,0.02014,0.02013,0.02023,0.02024,0.02025,0.02026,0.02027,0.02028,0.02029,0.0203,0.02031,0.02032,28253.7,33779.3,44563.5,23206.3,81465.7,28402,38246.7,59244.4,18938.7,24999,8928.1,14525.5,11294.8,11907.2,8788.3,25609.7,8653.6,28400,11933.7,8198.3
222,0.02023,0.02022,0.02021,0.0202,0.02019,0.02018,0.02017,0.02016,0.02015,0.02014,0.02025,0.02026,0.02027,0.02028,0.02029,0.0203,0.02031,0.02032,0.02033,0.02034,13204.9,25081.9,36355.2,76948.3,27327.5,80404.3,35544.6,120369.4,33470.9,18938.7,15251,20924.6,8788.3,20676.6,13584,8820.5,34933.7,8198.3,20248.8,33440.1
223,0.02024,0.02023,0.02022,0.02021,0.0202,0.02019,0.02018,0.02017,0.02016,0.02015,0.02025,0.02026,0.02027,0.02028,0.02029,0.0203,0.02031,0.02032,0.02033,0.02034,13203.2,44831.7,47404.1,36355.2,58898.8,48192.6,68681,18872.3,146149.3,33470.9,8198.6,7940.6,8788.3,13339,8653.6,8820.5,37611.6,8198.3,20248.8,33440.1
224,0.02024,0.02023,0.02022,0.02021,0.0202,0.02019,0.02018,0.02017,0.02016,0.02015,0.02025,0.02026,0.02027,0.02028,0.02029,0.0203,0.02031,0.02032,0.02033,0.02034,5400,26536.7,47404.1,36355.2,29479.3,77643.7,74670.9,18872.3,146149.3,33470.9,5400,15280.3,8788.3,13339,8653.6,8820.5,37611.6,8198.3,20248.8,20171.6
225,0.02026,0.02025,0.02024,0.02023,0.02022,0.02021,0.0202,0.02019,0.02018,0.02017,0.02028,0.02029,0.0203,0.02031,0.02032,0.02033,0.02034,0.02035,0.02036,0.02037,19535.8,43999.4,48054.1,27274,30020.2,62107.5,35639.8,51206.5,52017,18872.3,14854.8,8653.6,13748,14611.6,8198.3,20248.8,20171.6,29721.3,5400,18958.8
226,0.02027,0.02026,0.02025,0.02024,0.02023,0.02022,0.02021,0.0202,0.02019,0.02018,0.02028,0.02029,0.0203,0.02031,0.02032,0.02033,0.02034,0.02035,0.02036,0.02037,13459.3,9896,22885,38606.2,50944.8,29349.4,87011.5,35639.8,21764.7,83739.1,14189.9,9870.4,8820.5,19536.6,8198.3,20248.8,20171.6,29721.3,5400,18958.8
227,0.02026,0.02025,0.02024,0.02023,0.02022,0.02021,0.0202,0.02019,0.02018,0.02017,0.02027,0.02028,0.02029,0.0203,0.02031,0.02032,0.02033,0.02034,0.02035,0.02036,10226.2,9349.8,38606.2,26536.7,53181.8,61271.9,44757.4,38420.4,83739.1,18872.3,8375.7,13315.2,9870.4,13747.9,14611.6,8198.3,43248.8,20171.6,6721.3,5400
228,0.02027,0.02026,0.02025,0.02024,0.02023,0.02022,0.02021,0.0202,0.02019,0.02018,0.02029,0.0203,0.02031,0.02032,0.02033,0.02034,0.02035,0.02036,0.02037,0.02038,8657.9,154755.3,20235.4,60126.2,23468.1,42018.8,84450.5,18992.3,18985.6,77756.6,21988.7,13747.9,14611.6,8198.3,20248.8,20171.6,29721.3,5400,18958.8,30938.5
229,0.02025,0.02024,0.02023,0.02022,0.02021,0.0202,0.02019,0.02018,0.02017,0.02016,0.02027,0.02028,0.02029,0.0203,0.02031,0.02032,0.02033,0.02034,0.02035,0.02036,10381.7,22443.6,26171.9,47861.3,38903.8,22334,51170.9,68681,18872.3,120369.4,23536.1,13536.5,13539.7,13747.9,14611.6,31198.3,20248.8,20171.6,6721.3,5400
230,0.02026,0.02025,0.02024,0.02023,0.02022,0.02021,0.0202,0.02019,0.02018,0.02017,0.02027,0.02028,0.02029,0.0203,0.02031,0.02032,0.02033,0.02034,0.02035,0.02036,6611.6,12910.7,22443.6,26171.9,48598.6,38903.8,21596.7,51170.9,68681,18872.3,22369.4,9896,13539.7,13747.9,14611.6,31198.3,20248.8,20171.6,7041,5400
231,0.02026,0.02025,0.02024,0.02023,0.02022,0.02021,0.0202,0.02019,0.02018,0.02017,0.02027,0.02028,0.02029,0.0203,0.02031,0.02032,0.02033,0.02034,0.02035,0.02036,1211.6,12910.7,22443.6,26171.9,48598.6,38903.8,21596.7,57162.1,68681,18872.3,23345.4,9896,13539.7,13747.9,14611.6,31198.3,20248.8,20171.6,7041,5400
232,0.02027,0.02026,0.02025,0.02024,0.02023,0.02022,0.02021,0.0202,0.02019,0.02018,0.02028,0.02029,0.0203,0.02031,0.02032,0.02033,0.02034,0.02035,0.02036,0.02037,6611.6,23405.7,26469.5,45443.6,32522.7,24861.3,75335.3,47342.7,18985.6,150660.6,5000.2,9896,8820.5,14611.6,13121.6,20248.8,20171.6,30041,5400,18958.8
233,0.02028,0.02027,0.02026,0.02025,0.02024,0.02023,0.02022,0.02021,0.0202,0.02019,0.02029,0.0203,0.02031,0.02032,0.02033,0.02034,0.02035,0.02036,0.02037,0.02038,6611.6,7980.5,23405.7,26469.5,46849,31114.6,24861.3,81333.3,47242.3,19582.1,21795,8820.5,14611.6,13121.6,20248.8,20171.6,30041,5400,18958.8,30938.5
234,0.0203,0.02029,0.02028,0.02027,0.02026,0.02025,0.02024,0.02023,0.02022,0.02021,0.02031,0.02032,0.02033,0.02034,0.02035,0.02036,0.02037,0.02038,0.02039,0.02041,6611.6,11687.4,22340.8,33795.9,47811.2,31407.6,35989,38298.7,65421.1,58696,20534.7,9841,7978.8,12666,10103.9,2618.1,28400,30938.5,36277,18958.8
235,0.0203,0.02029,0.02028,0.02027,0.02026,0.02025,0.02024,0.02023,0.02022,0.02021,0.02031,0.02032,0.02033,0.02034,0.02035,0.02036,0.02037,0.02038,0.02039,0.02041,6611.6,11687.4,22340.8,33795.9,52746,26469.5,31215.4,64005,39713.6,58696,17484.2,9839,7978.8,7747.1,13698.1,2618.1,30999.9,30938.5,36277,20280.1
236,0.02028,0.02027,0.02026,0.02025,0.02024,0.02023,0.02022,0.02021,0.0202,0.02019,0.0203,0.02031,0.02032,0.02033,0.02034,0.02035,0.02036,0.02037,0.02038,0.02039,22340.8,33795.9,29076.4,45728.9,31885,22079.1,81908.3,64688.1,18992.3,19582.1,19439.7,24735.3,8786.1,7978.8,12665.9,8782.6,2618.1,30999.9,30938.5,36277
237,0.02027,0.02026,0.02025,0.02024,0.02023,0.02022,0.02021,0.0202,0.02019,0.02018,0.02029,0.0203,0.02031,0.02032,0.02033,0.02034,0.02035,0.02036,0.02037,0.02038,5400,23405.7,48721.5,36891.5,22748.6,81908.3,58696,18992.3,19582.1,129926.1,19346.4,12925.4,15301.2,8786.1,12899.9,7747.1,28719.7,2618.1,7999.9,44487.2
238,0.02028,0.02027,0.02026,0.02025,0.02024,0.02023,0.02022,0.02021,0.0202,0.02019,0.02029,0.0203,0.02031,0.02032,0.02033,0.02034,0.02035,0.02036,0.02037,0.02038,5400,21086.3,23405.7,48721.5,39593.7,22748.6,81908.3,58696,24981,19582.1,6587.4,9896,15301.2,8786.1,12899.9,7747.1,32522.6,2618.1,7999.9,44487.2
239,0.02027,0.02026,0.02025,0.02024,0.02023,0.02022,0.02021,0.0202,0.02019,0.02018,0.02029,0.0203,0.02031,0.02032,0.02033,0.02034,0.02035,0.02036,0.02037,0.02038,8289.1,23405.7,45728.9,36891.5,22345.4,82554,58696,18992.3,19582.1,129926.1,17716.9,8134.9,15301.2,8786.1,12899.9,7747.1,28719.7,2618.1,7999.9,44487.2
240,0.02027,0.02026,0.02025,0.02024,0.02023,0.02022,0.02021,0.0202,0.02019,0.02018,0.02028,0.02029,0.0203,0.02031,0.02032,0.02033,0.02034,0.02035,0.02036,0.02037,5400,23405.7,45728.9,39766.5,22345.4,108304.5,58696,18992.3,19582.1,31282.5,11448.4,16285.1,8134.9,15301.2,8786.1,12899.9,7747.1,5719.7,25618.1,7999.9
241,0.02025,0.02024,0.02023,0.02022,0.02021,0.0202,0.02019,0.02018,0.02017,0.02016,0.02027,0.02028,0.02029,0.0203,0.02031,0.02032,0.02033,0.02034,0.02035,0.02036,22728.9,41945.4,21675.9,53979.9,34067.1,21819.8,65679.6,52043.2,18872.3,18885.6,18070.6,21001.4,12588.7,8134.9,20226.9,8786.1,20248.8,30747.1,5719.7,8018.1
242,0.02026,0.02025,0.02024,0.02023,0.02022,0.02021,0.0202,0.02019,0.02018,0.02017,0.02027,0.02028,0.02029,0.0203,0.02031,0.02032,0.02033,0.02034,0.02035,0.02036,5400,25713,41945.4,21675.9,27756.5,59815.2,38430.7,48924.4,52043.2,117588.9,10799.5,11151.2,12588.7,8134.9,20226.9,8786.1,20248.8,30747.1,5719.7,8018.1
243,0.02029,0.02028,0.02027,0.02026,0.02025,0.02024,0.02023,0.02022,0.02021,0.0202,0.0203,0.02031,0.02032,0.02033,0.02034,0.02035,0.02036,0.02037,0.02038,0.02039,12508.7,8229.5,4605.7,22592,31614.5,46867.4,26618.7,18985.6,71670.7,21783.2,16434.6,10432.6,8786.1,25169.5,7747.1,31454.6,8018.1,7999.9,44487.2,36277
244,0.02029,0.02028,0.02027,0.02026,0.02025,0.02024,0.02023,0.02022,0.02021,0.0202,0.0203,0.02031,0.02032,0.02033,0.02034,0.02035,0.02036,0.02037,0.02038,0.02039,5222.7,8229.5,4605.7,22592,31614.5,51808.3,21675.9,35616.6,55031.4,21783.2,19317,10432.6,8786.1,12899.5,7747.1,31454.6,8018.1,7999.9,44487.2,36277
245,0.02018,0.02017,0.02016,0.02015,0.02014,0.02013,0.02012,0.02011,0.0201,0.02009,0.0202,0.02021,0.02022,0.02023,0.02024,0.02025,0.02026,0.02027,0.02028,0.02029,21197.2,18872.3,41885.6,36930.8,48382.6,48335,35292.1,45649.1,116046,18932,18493.1,13819.8,19850.4,8762.5,34981,35076.5,37907,18938.7,31363.2,34268.2
246,0.02018,0.02017,0.02016,0.02015,0.02014,0.02013,0.02012,0.02011,0.0201,0.02009,0.0202,0.02021,0.02022,0.02023,0.02024,0.02025,0.02026,0.02027,0.02028,0.02029,13666.1,18872.3,41885.6,42428.6,47654.8,74155.3,24696.4,40054.3,116668.3,25241.5,14577.9,13819.8,19850.4,22371.6,34981,38831.5,37907,18938.7,31363.2,29337.4
247,0.02018,0.02017,0.02016,0.02015,0.02014,0.02013,0.02012,0.02011,0.0201,0.02009,0.0202,0.02021,0.02022,0.02023,0.02024,0.02025,0.02026,0.02027,0.02028,0.02029,9896,18872.3,44734.6,42428.6,21809.5,100002.3,22686.6,40054.3,31243,35271.2,17724.1,13819.8,19850.4,22371.6,39922.9,64131.6,21276,18938.7,31363.2,29337.4
248,0.0202,0.02019,0.02018,0.02017,0.02016,0.02015,0.02014,0.02013,0.02012,0.02011,0.02022,0.02023,0.02024,0.02025,0.02026,0.02027,0.02028,0.02029,0.0203,0.02031,9170.1,13666.1,36592.3,25469.6,50498.7,38448,24649.9,74485.2,18958.8,40054.3,23318.5,22371.6,39257.7,24500.6,21945.6,38890.6,54363.2,29337.4,18938.7,19969.2
249,0.02017,0.02016,0.02015,0.02014,0.02013,0.02012,0.02011,0.0201,0.02009,0.02008,0.02019,0.0202,0.02021,0.02022,0.02023,0.02024,0.02025,0.02026,0.02027,0.02028,9896,41885.6,37046.2,28880.5,52380.1,75677.4,40786,31249.6,117990.9,23979,8545.7,16462.7,26799.5,13780.1,28716.1,34315.8,40403.2,44276,18938.7,31363.2
250,0.02017,0.02016,0.02015,0.02014,0.02013,0.02012,0.02011,0.0201,0.02009,0.02008,0.02019,0.0202,0.02021,0.02022,0.02023,0.02024,0.02025,0.02026,0.02027,0.02028,9896,41885.6,37046.2,28880.5,52380.1,49805.9,40786,30620.7,118618.4,23979,15204.1,16462.7,26799.5,13780.1,28716.1,57315.8,36739.7,21276,18938.7,31363.2
251,0.02016,0.02015,0.02014,0.02013,0.02012,0.02011,0.0201,0.02009,0.02008,0.02007,0.02018,0.02019,0.0202,0.02021,0.02022,0.02023,0.02024,0.02025,0.02026,0.02027,23381.6,56470.9,23903.4,22770.8,23950.4,97699.2,34042.3,118618.4,23979,23991.8,13900.6,19112.2,26861.4,26799.5,20125.4,22371.6,68968.4,20108.7,21276,18938.7
252,0.02011,0.0201,0.02009,0.02008,0.02007,0.02006,0.02005,0.02004,0.02003,0.02002,0.02013,0.02014,0.02015,0.02016,0.02017,0.02018,0.02019,0.0202,0.02021,0.02022,10215.7,19904.6,41932,37286.6,56290,69081.8,77137.4,27438.1,118372.3,16116.1,11626.4,8661.6,8376.8,22408,35409.9,29042.2,61631.7,32217.9,19002.4,5400
253,0.0201,0.02009,0.02008,0.02007,0.02006,0.02005,0.02004,0.02003,0.02002,0.02001,0.02012,0.02013,0.02014,0.02015,0.02016,0.02017,0.02018,0.02019,0.0202,0.02021,25430,41932,34377.7,31933.3,26761,109184,53488,118990,16116.1,23804.8,11389,21965.5,8661.6,8376.8,28754.2,35409.9,45698.7,38631.7,32217.9,19002.4
254,0.02008,0.02007,0.02006,0.02005,0.02004,0.02003,0.02002,0.02001,0.02,0.01999,0.02009,0.0201,0.02011,0.02012,0.02013,0.02014,0.02015,0.02016,0.02017,0.02018,260821.3,16287.8,22788,52357.5,28918.2,44928.4,85654.8,45297.8,227800.4,10722.4,8660,74404.4,25595.6,8842.6,26547.7,48405.9,27003,48078.1,29421.3,19053.1
255,0.02008,0.02007,0.02006,0.02005,0.02004,0.02003,0.02002,0.02001,0.02,0.01999,0.02009,0.0201,0.02011,0.02012,0.02013,0.02014,0.02015,0.02016,0.02017,0.02018,260120.9,16287.8,22788,52357.5,28918.2,44926.8,85654.8,45297.8,227800.4,10722.4,9668.3,74404.4,25595.6,8842.6,31517.1,20439.1,27003,71078.1,29421.3,19053.1
256,0.02008,0.02007,0.02006,0.02005,0.02004,0.02003,0.02002,0.02001,0.02,0.01999,0.02009,0.0201,0.02011,0.02012,0.02013,0.02014,0.02015,0.02016,0.02017,0.02018,106002.8,16287.8,22788,29357.5,51918.2,48623,62980.3,48382.7,227800.4,10722.4,11455.5,74404.4,25595.6,8842.6,32177.9,42778.3,27003,48078.1,29421.3,19053.1
257,0.02008,0.02007,0.02006,0.02005,0.02004,0.02003,0.02002,0.02001,0.02,0.01999,0.02009,0.0201,0.02011,0.02012,0.02013,0.02014,0.02015,0.02016,0.02017,0.02018,44751,13666.1,28250.4,33264.7,26734.5,50670.7,88930.3,47768.5,156307.6,110299.1,6498.9,26287.4,35994.3,28212,27208.2,41923.2,27003,48078.1,29421.3,19053.1
258,0.02006,0.02005,0.02004,0.02003,0.02002,0.02001,0.02,0.01999,0.01998,0.01997,0.02007,0.02008,0.02009,0.0201,0.02011,0.02012,0.02013,0.02014,0.02015,0.02016,19087.4,18958.8,26734.5,22678.5,88194,75766,132571.8,40634.7,18999,30387.4,15339.6,21480.9,19378,26287.4,60369.9,27495.2,22051.7,35368,27003,31447.1
259,0.01998,0.01997,0.01996,0.01995,0.01994,0.01993,0.01992,0.01991,0.0199,0.01989,0.01999,0.02,0.02001,0.02002,0.02003,0.02004,0.02005,0.02006,0.02007,0.02008,241007.5,4951,19056.5,29516.5,54703.9,82282.6,32667.2,150965.9,52237.2,27217.2,8161.7,108904.2,27901.8,27984.5,25538.9,28849.6,84768.8,26078.9,24083.4,29526.8
260,0.01998,0.01997,0.01996,0.01995,0.01994,0.01993,0.01992,0.01991,0.0199,0.01989,0.02,0.02001,0.02002,0.02003,0.02004,0.02005,0.02006,0.02007,0.02008,0.02009,240720.3,32238.2,13748.7,18115.9,50981.2,53413.7,32719.9,24844.9,60405,131906.2,109389,22240.5,19943.9,25537.2,65590.9,44874.1,22229,24083.4,29526.8,32362.4
261,0.02003,0.02002,0.02001,0.02,0.01999,0.01998,0.01997,0.01996,0.01995,0.01994,0.02004,0.02005,0.02006,0.02007,0.02008,0.02009,0.0201,0.02011,0.02012,0.02013,240107.9,6124.3,9170.1,23427.9,27294.8,52212,52029,24147.4,18722.4,47555.1,7982.6,19128.1,22229,32460.3,56707.2,21952.5,51002.5,29462,19080.3,22113.9
262,0.02004,0.02003,0.02002,0.02001,0.02,0.01999,0.01998,0.01997,0.01996,0.01995,0.02005,0.02006,0.02007,0.02008,0.02009,0.0201,0.02011,0.02012,0.02013,0.02014,230986.5,5400,16068.6,25847.7,46022.4,32295.9,53459.6,23370.8,53168.8,18115.9,8413.3,22229,28472.7,32339.4,26648.9,35029.5,72076,19080.3,22113.9,29530.2
263,0.02004,0.02003,0.02002,0.02001,0.02,0.01999,0.01998,0.01997,0.01996,0.01995,0.02005,0.02006,0.02007,0.02008,0.02009,0.0201,0.02011,0.02012,0.02013,0.02014,208928.6,12556.7,16068.6,25847.7,23022.4,55295.9,24921.2,51317.2,27714.3,18115.9,18278.6,22229,28472.7,32339.4,45665,22605,49076,19080.3,22113.9,41954.7
264,0.02004,0.02003,0.02002,0.02001,0.02,0.01999,0.01998,0.01997,0.01996,0.01995,0.02005,0.02006,0.02007,0.02008,0.02009,0.0201,0.02011,0.02012,0.02013,0.02014,215336.2,5400,16068.6,25847.7,23022.4,50294.8,54173.3,22668.8,27105.7,18115.9,8130.9,26725,28472.7,32339.4,22665,45605,49076,19080.3,22113.9,41954.7
265,0.02004,0.02003,0.02002,0.02001,0.02,0.01999,0.01998,0.01997,0.01996,0.01995,0.02005,0.02006,0.02007,0.02008,0.02009,0.0201,0.02011,0.02012,0.02013,0.02014,214803.7,5400,16068.6,25847.7,23022.4,50294.8,54173.3,22668.8,27105.7,18115.9,6181.6,26725,28472.7,32339.4,22665,45605,49076,19080.3,22113.9,41954.7
266,0.02004,0.02003,0.02002,0.02001,0.02,0.01999,0.01998,0.01997,0.01996,0.01995,0.02006,0.02007,0.02008,0.02009,0.0201,0.02011,0.02012,0.02013,0.02014,0.02015,219299.7,5400,16068.6,48847.7,23022.4,27294.8,52069.8,22668.8,27105.7,18115.9,12610.6,28472.7,32339.4,21952.5,22605,56165.3,35711.3,22113.9,41954.7,37294.7
267,0.02005,0.02004,0.02003,0.02002,0.02001,0.02,0.01999,0.01998,0.01997,0.01996,0.02006,0.02007,0.02008,0.02009,0.0201,0.02011,0.02012,0.02013,0.02014,0.02015,220203.7,4496,5400,19144.5,48847.7,23022.4,27294.8,52069.8,48705.9,27105.7,12418.7,14772,32339.4,21952.5,23324.7,55445,38584.4,22113.9,41954.7,37294.7
