timestamp,bid_price_0,bid_price_1,bid_price_2,bid_price_3,bid_price_4,bid_price_5,bid_price_6,bid_price_7,bid_price_8,bid_price_9,ask_price_0,ask_price_1,ask_price_2,ask_price_3,ask_price_4,ask_price_5,ask_price_6,ask_price_7,ask_price_8,ask_price_9,bid_size_0,bid_size_1,bid_size_2,bid_size_3,bid_size_4,bid_size_5,bid_size_6,bid_size_7,bid_size_8,bid_size_9,ask_size_0,ask_size_1,ask_size_2,ask_size_3,ask_size_4,ask_size_5,ask_size_6,ask_size_7,ask_size_8,ask_size_9
0,0.1024,0.1023,0.1022,0.1021,0.102,0.1019,0.1018,0.1017,0.1016,0.1015,0.1025,0.1026,0.1027,0.1028,0.1029,0.103,0.1031,0.1032,0.1033,0.1034,1215,47353,71165,62291,115193,30400,27094,28402,20638,23743,1215,31072,27110,37836,31892,20568,24489,28000,70257,21840
1,0.1023,0.1022,0.1021,0.102,0.1019,0.1018,0.1017,0.1016,0.1015,0.1014,0.1024,0.1025,0.1026,0.1027,0.1028,0.1029,0.103,0.1031,0.1032,0.1033,1215,37758,78202,95664,32280,58542,28402,21614,23743,69519,1215,30397,27038,21350,25756,26783,21544,30921,21545,70257
2,0.1022,0.1021,0.102,0.1019,0.1018,0.1017,0.1016,0.1015,0.1014,0.1013,0.1023,0.1024,0.1025,0.1026,0.1027,0.1028,0.1029,0.103,0.1031,0.1032,1466,50494,73314,117818,59148,26315,21614,31509,69519,20863,1534,39845,20638,37538,31927,20638,21615,28035,24489,21725
3,0.1022,0.1021,0.102,0.1019,0.1018,0.1017,0.1016,0.1015,0.1014,0.1013,0.1023,0.1024,0.1025,0.1026,0.1027,0.1028,0.1029,0.103,0.1031,0.1032,1466,37944,65147,102085,32416,53085,25401,27718,69519,20863,1534,33445,27038,21284,31927,20638,21615,28035,24489,21725
4,0.1022,0.1021,0.102,0.1019,0.1018,0.1017,0.1016,0.1015,0.1014,0.1013,0.1023,0.1024,0.1025,0.1026,0.1027,0.1028,0.1029,0.103,0.1031,0.1032,1466,39661,66901,108556,59176,26316,25401,27718,69519,20863,1215,30406,27038,38116,31927,20638,21615,28035,24489,21725
5,0.1022,0.1021,0.102,0.1019,0.1018,0.1017,0.1016,0.1015,0.1014,0.1013,0.1023,0.1024,0.1025,0.1026,0.1027,0.1028,0.1029,0.103,0.1031,0.1032,1215,36796,31937,75271,86425,59697,25401,27718,69519,20863,1215,30410,27038,34687,27214,21615,28042,21544,73043,21725
6,0.1022,0.1021,0.102,0.1019,0.1018,0.1017,0.1016,0.1015,0.1014,0.1013,0.1023,0.1024,0.1025,0.1026,0.1027,0.1028,0.1029,0.103,0.1031,0.1032,1215,27001,41739,75271,86425,59700,25401,27718,69519,20863,1215,36810,20638,43056,27214,21615,28042,21544,73043,21725
7,0.1022,0.1021,0.102,0.1019,0.1018,0.1017,0.1016,0.1015,0.1014,0.1013,0.1023,0.1024,0.1025,0.1026,0.1027,0.1028,0.1029,0.103,0.1031,0.1032,1215,36472,31910,66389,86398,45982,25374,27691,55800,20836,1637,36783,20611,26265,27187,21588,28015,21517,59324,21698
8,0.1022,0.1021,0.102,0.1019,0.1018,0.1017,0.1016,0.1015,0.1014,0.1013,0.1023,0.1024,0.1025,0.1026,0.1027,0.1028,0.1029,0.103,0.1031,0.1032,2780,36472,31910,66389,113168,20186,25375,27691,55800,20836,1637,30383,35244,34498,27187,20611,28015,21517,59324,21698
9,0.1022,0.1021,0.102,0.1019,0.1018,0.1017,0.1016,0.1015,0.1014,0.1013,0.1023,0.1024,0.1025,0.1026,0.1027,0.1028,0.1029,0.103,0.1031,0.1032,1296,32403,41711,66389,88193,39565,25375,27691,56031,20836,1637,30383,27011,23846,29606,20611,28015,21517,59324,21698
10,0.1022,0.1021,0.102,0.1019,0.1018,0.1017,0.1016,0.1015,0.1014,0.1013,0.1023,0.1024,0.1025,0.1026,0.1027,0.1028,0.1029,0.103,0.1031,0.1032,1215,31558,41711,58258,71442,39565,25375,27691,56031,20836,1637,36783,20611,26265,27187,20611,28015,21517,59324,21698
11,0.1022,0.1021,0.102,0.1019,0.1018,0.1017,0.1016,0.1015,0.1014,0.1013,0.1023,0.1024,0.1025,0.1026,0.1027,0.1028,0.1029,0.103,0.1031,0.1032,3661,36762,49162,86678,51670,46979,25375,27691,56031,20836,1637,30383,27011,23846,29606,20611,28015,21517,59324,21698
12,0.1022,0.1021,0.102,0.1019,0.1018,0.1017,0.1016,0.1015,0.1014,0.1013,0.1023,0.1024,0.1025,0.1026,0.1027,0.1028,0.1029,0.103,0.1031,0.1032,3661,36762,49162,93547,78440,12769,25375,27691,56031,20836,1637,30383,27011,23846,29606,20611,28015,21517,59324,21698
13,0.1021,0.102,0.1019,0.1018,0.1017,0.1016,0.1015,0.1014,0.1013,0.1012,0.1022,0.1023,0.1024,0.1025,0.1026,0.1027,0.1028,0.1029,0.103,0.1031,4302,41716,60340,60346,20780,56874,27691,56031,20836,7144,1715,20611,39533,23673,23304,27079,21588,28015,21517,59324
14,0.1019,0.1018,0.1017,0.1016,0.1015,0.1014,0.1013,0.1012,0.1011,0.101,0.1021,0.1022,0.1023,0.1024,0.1025,0.1026,0.1027,0.1028,0.1029,0.103,22494,44628,35526,47458,50522,19063,28639,22633,70302,5881,21111,36800,23668,23159,26864,21590,28216,70430,21588,20541
15,0.1019,0.1018,0.1017,0.1016,0.1015,0.1014,0.1013,0.1012,0.1011,0.101,0.102,0.1021,0.1022,0.1023,0.1024,0.1025,0.1026,0.1027,0.1028,0.1029,5140,16438,57043,113187,50522,19617,28639,22633,70302,5881,4310,30408,27165,21249,25829,26864,21590,27965,73377,21588
16,0.1017,0.1016,0.1015,0.1014,0.1013,0.1012,0.1011,0.101,0.1009,0.1008,0.1019,0.102,0.1021,0.1022,0.1023,0.1024,0.1025,0.1026,0.1027,0.1028,23563,68131,87563,48477,25614,27334,77365,5881,19825,6676,21111,33015,27011,21515,31867,20862,21591,28016,21661,73377
17,0.1018,0.1017,0.1016,0.1015,0.1014,0.1013,0.1012,0.1011,0.101,0.1009,0.102,0.1021,0.1022,0.1023,0.1024,0.1025,0.1026,0.1027,0.1028,0.1029,13500,39631,64687,100231,40827,30316,22633,77365,5881,19825,20611,30409,27653,31975,20862,21591,28016,21661,73377,21588
18,0.1018,0.1017,0.1016,0.1015,0.1014,0.1013,0.1012,0.1011,0.101,0.1009,0.1019,0.102,0.1021,0.1022,0.1023,0.1024,0.1025,0.1026,0.1027,0.1028,9736,42895,67361,89935,33354,33886,22633,77365,5881,19825,1369,33012,27011,21253,31975,20862,21591,28016,21661,73377
19,0.1018,0.1017,0.1016,0.1015,0.1014,0.1013,0.1012,0.1011,0.101,0.1009,0.102,0.1021,0.1022,0.1023,0.1024,0.1025,0.1026,0.1027,0.1028,0.1029,19481,42895,67361,108379,6479,33886,22633,77365,5881,19825,23206,36812,21253,31975,20862,21591,28016,21661,73377,21588
20,0.102,0.1019,0.1018,0.1017,0.1016,0.1015,0.1014,0.1013,0.1012,0.1011,0.1021,0.1022,0.1023,0.1024,0.1025,0.1026,0.1027,0.1028,0.1029,0.103,1215,42377,37137,63337,29352,86206,7459,32108,22633,70629,5598,27011,30538,24028,29292,21590,28065,73377,21588,20541
21,0.1019,0.1018,0.1017,0.1016,0.1015,0.1014,0.1013,0.1012,0.1011,0.101,0.1021,0.1022,0.1023,0.1024,0.1025,0.1026,0.1027,0.1028,0.1029,0.103,13170,40557,56425,74863,82319,12161,35907,21816,70629,5881,24994,36805,20759,24028,29292,21590,28065,73377,21588,20541
22,0.102,0.1019,0.1018,0.1017,0.1016,0.1015,0.1014,0.1013,0.1012,0.1011,0.1021,0.1022,0.1023,0.1024,0.1025,0.1026,0.1027,0.1028,0.1029,0.103,1215,42377,37137,42860,56175,87021,7459,35907,21816,70629,5598,36805,20759,24028,29292,20611,28065,73377,21588,20541
23,0.1021,0.102,0.1019,0.1018,0.1017,0.1016,0.1015,0.1014,0.1013,0.1012,0.1022,0.1023,0.1024,0.1025,0.1026,0.1027,0.1028,0.1029,0.103,0.1031,11503,44190,35438,38873,47407,30330,86836,7459,35907,20836,7865,20759,30633,23664,23297,26828,79768,21588,20541,10310
24,0.1021,0.102,0.1019,0.1018,0.1017,0.1016,0.1015,0.1014,0.1013,0.1012,0.1022,0.1023,0.1024,0.1025,0.1026,0.1027,0.1028,0.1029,0.103,0.1031,8359,44190,35438,38873,47407,30330,86836,7459,35907,20836,1465,30535,27262,23664,23297,26828,79768,21588,20541,6849
25,0.1021,0.102,0.1019,0.1018,0.1017,0.1016,0.1015,0.1014,0.1013,0.1012,0.1022,0.1023,0.1024,0.1025,0.1026,0.1027,0.1028,0.1029,0.103,0.1031,8587,44190,35438,38873,47407,30330,86836,7459,35907,20836,1465,30535,27262,23664,23297,26828,79768,21588,20541,6849
26,0.1023,0.1022,0.1021,0.102,0.1019,0.1018,0.1017,0.1016,0.1015,0.1014,0.1024,0.1025,0.1026,0.1027,0.1028,0.1029,0.103,0.1031,0.1032,0.1033,1215,29105,39074,60607,102168,25495,21588,21589,47836,55789,1215,30372,27011,27720,28803,21588,27821,55355,20541,7144
27,0.1024,0.1023,0.1022,0.1021,0.102,0.1019,0.1018,0.1017,0.1016,0.1015,0.1025,0.1026,0.1027,0.1028,0.1029,0.103,0.1031,0.1032,0.1033,0.1034,1215,36536,33720,51785,25431,106733,22401,21588,25149,30512,1215,30359,27334,26204,26864,21519,64625,20541,7144,24477
28,0.1025,0.1024,0.1023,0.1022,0.1021,0.102,0.1019,0.1018,0.1017,0.1016,0.1026,0.1027,0.1028,0.1029,0.103,0.1031,0.1032,0.1033,0.1034,0.1035,228,28714,37201,40760,39725,47460,79963,22401,31813,21589,1215,30677,27011,32484,20541,24464,27873,21811,24477,55023
29,0.1025,0.1024,0.1023,0.1022,0.1021,0.102,0.1019,0.1018,0.1017,0.1016,0.1026,0.1027,0.1028,0.1029,0.103,0.1031,0.1032,0.1033,0.1034,0.1035,1443,38480,33828,34507,39578,47460,79963,22401,31813,70762,1497,20934,36744,29915,23062,24463,27873,21811,24477,55023
30,0.1027,0.1026,0.1025,0.1024,0.1023,0.1022,0.1021,0.102,0.1019,0.1018,0.1028,0.1029,0.103,0.1031,0.1032,0.1033,0.1034,0.1035,0.1036,0.1037,706,30799,45803,36686,47385,34165,35893,21586,73167,21424,1215,20611,36905,29752,23201,21809,31393,7649,20368,23980
31,0.1026,0.1025,0.1024,0.1023,0.1022,0.1021,0.102,0.1019,0.1018,0.1017,0.1028,0.1029,0.103,0.1031,0.1032,0.1033,0.1034,0.1035,0.1036,0.1037,14582,44393,37471,47385,39792,35893,21586,125783,25204,20611,1215,30338,27192,29752,23201,20836,31393,21341,68638,23980
32,0.1026,0.1025,0.1024,0.1023,0.1022,0.1021,0.102,0.1019,0.1018,0.1017,0.1028,0.1029,0.103,0.1031,0.1032,0.1033,0.1034,0.1035,0.1036,0.1037,17837,41741,45259,33791,60818,35893,21586,125783,25204,20611,1215,30338,29611,27333,23201,21809,31393,21341,68638,23980
33,0.1026,0.1025,0.1024,0.1023,0.1022,0.1021,0.102,0.1019,0.1018,0.1017,0.1027,0.1028,0.1029,0.103,0.1031,0.1032,0.1033,0.1034,0.1035,0.1036,1443,31985,44141,31812,34104,66300,21586,125783,25204,20611,1215,30342,27011,23859,29383,21514,21809,31393,21341,68638
34,0.1025,0.1024,0.1023,0.1022,0.1021,0.102,0.1019,0.1018,0.1017,0.1016,0.1026,0.1027,0.1028,0.1029,0.103,0.1031,0.1032,0.1033,0.1034,0.1035,1215,37742,42011,45230,34919,52017,119150,26178,27335,20683,1215,30349,27011,23664,23453,27661,21514,28176,24937,21341
35,0.1026,0.1025,0.1024,0.1023,0.1022,0.1021,0.102,0.1019,0.1018,0.1017,0.1027,0.1028,0.1029,0.103,0.1031,0.1032,0.1033,0.1034,0.1035,0.1036,1215,38849,35056,35639,32102,66312,21586,119150,26178,27335,1133,30344,27645,25764,26794,21514,28176,24937,21341,68638
36,0.1026,0.1025,0.1024,0.1023,0.1022,0.1021,0.102,0.1019,0.1018,0.1017,0.1027,0.1028,0.1029,0.103,0.1031,0.1032,0.1033,0.1034,0.1035,0.1036,1215,38849,46642,76882,36756,66312,21586,73227,26178,27335,1133,30344,27645,25764,26794,21514,28176,24937,21341,68638
37,0.1026,0.1025,0.1024,0.1023,0.1022,0.1021,0.102,0.1019,0.1018,0.1017,0.1027,0.1028,0.1029,0.103,0.1031,0.1032,0.1033,0.1034,0.1035,0.1036,1215,38849,46642,92457,36756,50789,21586,73227,26178,27335,1133,30344,27645,25764,26794,21514,28176,24937,21341,68638
38,0.1026,0.1025,0.1024,0.1023,0.1022,0.1021,0.102,0.1019,0.1018,0.1017,0.1027,0.1028,0.1029,0.103,0.1031,0.1032,0.1033,0.1034,0.1035,0.1036,1215,38849,46642,106359,56116,24110,28949,73227,26178,27335,1133,30344,27645,23345,29213,21514,28176,24937,21341,68638
39,0.1025,0.1024,0.1023,0.1022,0.1021,0.102,0.1019,0.1018,0.1017,0.1016,0.1026,0.1027,0.1028,0.1029,0.103,0.1031,0.1032,0.1033,0.1034,0.1035,1215,37740,52475,105416,19396,60343,73227,26178,27335,20683,1215,30267,27011,21245,25872,26686,21514,28176,24937,21341
40,0.1024,0.1023,0.1022,0.1021,0.102,0.1019,0.1018,0.1017,0.1016,0.1015,0.1026,0.1027,0.1028,0.1029,0.103,0.1031,0.1032,0.1033,0.1034,0.1035,28540,46075,111816,34483,59371,73227,26178,27335,20683,19925,1215,30267,27011,23834,23319,27661,27908,21809,24937,21341
41,0.1026,0.1025,0.1024,0.1023,0.1022,0.1021,0.102,0.1019,0.1018,0.1017,0.1027,0.1028,0.1029,0.103,0.1031,0.1032,0.1033,0.1034,0.1035,0.1036,1215,38432,35060,56479,122349,32422,21586,73227,26178,27335,1133,30343,27645,23313,29213,20541,28176,24937,21341,68638
42,0.1026,0.1025,0.1024,0.1023,0.1022,0.1021,0.102,0.1019,0.1018,0.1017,0.1027,0.1028,0.1029,0.103,0.1031,0.1032,0.1033,0.1034,0.1035,0.1036,1215,38432,35060,56479,122349,32422,21586,73227,26178,27335,1133,30343,27645,23313,29213,20541,28176,24937,21341,68638
43,0.1025,0.1024,0.1023,0.1022,0.1021,0.102,0.1019,0.1018,0.1017,0.1016,0.1026,0.1027,0.1028,0.1029,0.103,0.1031,0.1032,0.1033,0.1034,0.1035,926,37740,60710,99303,24054,59369,73227,26178,27335,20683,1588,30268,27011,21245,25840,26686,21515,28176,24937,21341
44,0.1024,0.1023,0.1022,0.1021,0.102,0.1019,0.1018,0.1017,0.1016,0.1015,0.1025,0.1026,0.1027,0.1028,0.1029,0.103,0.1031,0.1032,0.1033,0.1034,1215,38434,66742,94720,20611,64101,22398,32094,20683,69151,3654,30359,26929,23665,29287,20900,21516,27956,21809,73343
45,0.1024,0.1023,0.1022,0.1021,0.102,0.1019,0.1018,0.1017,0.1016,0.1015,0.1025,0.1026,0.1027,0.1028,0.1029,0.103,0.1031,0.1032,0.1033,0.1034,936,38434,60342,101120,20611,53161,25949,32095,20683,69151,3654,30359,26929,23665,29287,20900,21516,27956,21809,73343
46,0.1024,0.1023,0.1022,0.1021,0.102,0.1019,0.1018,0.1017,0.1016,0.1015,0.1026,0.1027,0.1028,0.1029,0.103,0.1031,0.1032,0.1033,0.1034,0.1035,17587,39099,61894,97402,47316,30635,25949,32095,20683,69151,3653,30269,27646,31706,20900,24463,27956,21809,73857,21341
47,0.1024,0.1023,0.1022,0.1021,0.102,0.1019,0.1018,0.1017,0.1016,0.1015,0.1025,0.1026,0.1027,0.1028,0.1029,0.103,0.1031,0.1032,0.1033,0.1034,389,28718,41116,59044,89739,56378,25949,32095,21659,69151,3654,30365,27816,25580,26864,21517,30830,21515,21809,73857
48,0.1022,0.1021,0.102,0.1019,0.1018,0.1017,0.1016,0.1015,0.1014,0.1013,0.1024,0.1025,0.1026,0.1027,0.1028,0.1029,0.103,0.1031,0.1032,0.1033,36664,63107,104254,25599,60762,25371,21659,76643,6479,20836,5459,30368,27011,21416,25688,27733,21517,30830,21515,21809
49,0.1022,0.1021,0.102,0.1019,0.1018,0.1017,0.1016,0.1015,0.1014,0.1013,0.1023,0.1024,0.1025,0.1026,0.1027,0.1028,0.1029,0.103,0.1031,0.1032,1215,30950,67120,98580,24807,52066,21659,30979,10275,20836,3660,32181,27011,26255,27033,20611,27986,21517,76609,21515
50,0.1022,0.1021,0.102,0.1019,0.1018,0.1017,0.1016,0.1015,0.1014,0.1013,0.1024,0.1025,0.1026,0.1027,0.1028,0.1029,0.103,0.1031,0.1032,0.1033,14165,41411,56650,98431,68342,21588,21659,30979,23967,70157,1215,30371,27645,31924,20719,27986,21517,76609,21515,20836
51,0.1022,0.1021,0.102,0.1019,0.1018,0.1017,0.1016,0.1015,0.1014,0.1013,0.1023,0.1024,0.1025,0.1026,0.1027,0.1028,0.1029,0.103,0.1031,0.1032,1215,37558,52127,102177,56238,38219,21659,30979,23967,70157,1215,30379,27011,21245,32032,20611,27986,21517,76609,21515
52,0.1016,0.1015,0.1014,0.1013,0.1012,0.1011,0.101,0.1009,0.1008,0.1007,0.1018,0.1019,0.102,0.1021,0.1022,0.1023,0.1024,0.1025,0.1026,0.1027,16016,42923,88780,60297,28718,26496,27345,69358,20368,20368,23067,27011,29202,23138,23231,32413,28667,26124,21768,25774
53,0.1013,0.1012,0.1011,0.101,0.1009,0.1008,0.1007,0.1006,0.1005,0.1004,0.1015,0.1016,0.1017,0.1018,0.1019,0.102,0.1021,0.1022,0.1023,0.1024,24249,48896,113025,54069,28464,21351,28301,21190,76958,20447,25848,30456,26463,23296,26864,21815,28440,30984,21594,26035
54,0.1013,0.1012,0.1011,0.101,0.1009,0.1008,0.1007,0.1006,0.1005,0.1004,0.1014,0.1015,0.1016,0.1017,0.1018,0.1019,0.102,0.1021,0.1022,0.1023,7527,48896,113025,53395,21037,33066,21574,21190,70193,20447,9033,29250,27011,19396,20719,26756,22801,26416,75259,21594
55,0.1012,0.1011,0.101,0.1009,0.1008,0.1007,0.1006,0.1005,0.1004,0.1003,0.1013,0.1014,0.1015,0.1016,0.1017,0.1018,0.1019,0.102,0.1021,0.1022,5428,46528,112170,56562,27919,26075,22400,70193,20447,20368,1851,31571,25796,20611,19504,20611,27743,22801,26667,75259
56,0.1012,0.1011,0.101,0.1009,0.1008,0.1007,0.1006,0.1005,0.1004,0.1003,0.1013,0.1014,0.1015,0.1016,0.1017,0.1018,0.1019,0.102,0.1021,0.1022,10068,46528,112170,51356,20368,33640,22400,70193,20447,20368,2468,31571,25796,20611,19504,20611,30162,25056,21993,75259
57,0.1012,0.1011,0.101,0.1009,0.1008,0.1007,0.1006,0.1005,0.1004,0.1003,0.1013,0.1014,0.1015,0.1016,0.1017,0.1018,0.1019,0.102,0.1021,0.1022,9310,48240,92561,26451,47403,33640,22400,70193,20447,20368,1961,34063,25796,20611,21923,20611,27743,25056,21993,75259
58,0.1013,0.1012,0.1011,0.101,0.1009,0.1008,0.1007,0.1006,0.1005,0.1004,0.1014,0.1015,0.1016,0.1017,0.1018,0.1019,0.102,0.1021,0.1022,0.1023,1215,39730,58127,123246,22755,33649,21351,22400,76999,20447,2467,34056,27689,22094,23286,34549,25056,22025,75079,21594
59,0.1012,0.1011,0.101,0.1009,0.1008,0.1007,0.1006,0.1005,0.1004,0.1003,0.1013,0.1014,0.1015,0.1016,0.1017,0.1018,0.1019,0.102,0.1021,0.1022,8294,48240,112061,55028,20368,26075,29956,76999,20447,20368,2468,35304,26465,23321,21923,20759,34549,25056,22025,75079
60,0.1012,0.1011,0.101,0.1009,0.1008,0.1007,0.1006,0.1005,0.1004,0.1003,0.1013,0.1014,0.1015,0.1016,0.1017,0.1018,0.1019,0.102,0.1021,0.1022,1215,42334,63075,97455,50081,25092,29962,76999,20447,20368,3685,37594,26463,23295,28068,21746,33078,20382,22025,75079
61,0.1011,0.101,0.1009,0.1008,0.1007,0.1006,0.1005,0.1004,0.1003,0.1002,0.1012,0.1013,0.1014,0.1015,0.1016,0.1017,0.1018,0.1019,0.102,0.1021,1215,46777,108131,34965,47429,34468,21428,21435,27020,20368,2470,37737,27689,22048,23138,25541,21746,33078,20382,22025
62,0.1012,0.1011,0.101,0.1009,0.1008,0.1007,0.1006,0.1005,0.1004,0.1003,0.1013,0.1014,0.1015,0.1016,0.1017,0.1018,0.1019,0.102,0.1021,0.1022,6034,29313,63741,98005,47403,33648,22177,28243,20447,70179,2468,23864,26463,23282,28068,20759,26272,27204,22025,75079
63,0.1011,0.101,0.1009,0.1008,0.1007,0.1006,0.1005,0.1004,0.1003,0.1002,0.1012,0.1013,0.1014,0.1015,0.1016,0.1017,0.1018,0.1019,0.102,0.1021,1215,50962,106045,37154,50378,28937,26150,21435,77777,20368,3687,36306,27693,22100,23138,30215,21997,32813,20382,25970
64,0.1011,0.101,0.1009,0.1008,0.1007,0.1006,0.1005,0.1004,0.1003,0.1002,0.1012,0.1013,0.1014,0.1015,0.1016,0.1017,0.1018,0.1019,0.102,0.1021,1215,50962,114094,57990,20603,33649,28138,21435,71004,20368,1037,37523,27678,22122,23138,30215,21997,32813,20382,25970
65,0.1011,0.101,0.1009,0.1008,0.1007,0.1006,0.1005,0.1004,0.1003,0.1002,0.1012,0.1013,0.1014,0.1015,0.1016,0.1017,0.1018,0.1019,0.102,0.1021,1215,49200,102365,43646,50381,32667,21427,21642,77678,20368,1215,37524,27682,22093,23138,31203,21997,32813,20382,25970
66,0.1011,0.101,0.1009,0.1008,0.1007,0.1006,0.1005,0.1004,0.1003,0.1002,0.1013,0.1014,0.1015,0.1016,0.1017,0.1018,0.1019,0.102,0.1021,0.1022,21505,59102,96868,32877,62688,21356,21427,21642,77678,20368,18128,27682,22093,23138,30215,21997,32813,20382,29539,72507
67,0.1011,0.101,0.1009,0.1008,0.1007,0.1006,0.1005,0.1004,0.1003,0.1002,0.1013,0.1014,0.1015,0.1016,0.1017,0.1018,0.1019,0.102,0.1021,0.1022,29986,59102,106623,50089,25327,28936,21427,21642,77678,20368,8302,39964,19396,23270,32742,21997,32813,20382,29539,72507
68,0.1011,0.101,0.1009,0.1008,0.1007,0.1006,0.1005,0.1004,0.1003,0.1002,0.1012,0.1013,0.1014,0.1015,0.1016,0.1017,0.1018,0.1019,0.102,0.1021,1215,49200,113944,56607,20603,33687,21427,21642,77678,20368,2470,37524,27682,22107,23138,30215,21997,32813,20382,29539
69,0.1011,0.101,0.1009,0.1008,0.1007,0.1006,0.1005,0.1004,0.1003,0.1002,0.1012,0.1013,0.1014,0.1015,0.1016,0.1017,0.1018,0.1019,0.102,0.1021,1525,49200,95946,56607,20603,33687,21427,21435,77678,20368,2470,43924,21282,24526,20719,30215,21997,32813,20382,29539
70,0.1011,0.101,0.1009,0.1008,0.1007,0.1006,0.1005,0.1004,0.1003,0.1002,0.1012,0.1013,0.1014,0.1015,0.1016,0.1017,0.1018,0.1019,0.102,0.1021,1525,37279,79942,56607,20603,33688,21427,21435,77678,20368,2470,43924,21282,24526,25393,26529,21997,32813,20382,29539
71,0.101,0.1009,0.1008,0.1007,0.1006,0.1005,0.1004,0.1003,0.1002,0.1001,0.1011,0.1012,0.1013,0.1014,0.1015,0.1016,0.1017,0.1018,0.1019,0.102,420,41851,82400,41203,50174,32771,21435,77678,20368,14907,3688,42717,21280,25704,19544,26382,26529,28612,75213,20382
72,0.1008,0.1007,0.1006,0.1005,0.1004,0.1003,0.1002,0.1001,0.1,0.0999,0.1009,0.101,0.1011,0.1012,0.1013,0.1014,0.1015,0.1016,0.1017,0.1018,16941,28116,62722,105618,50784,32435,21575,28380,30183,18547,1215,30942,21289,22073,29283,21601,32201,75546,20384,28376
73,0.1008,0.1007,0.1006,0.1005,0.1004,0.1003,0.1002,0.1001,0.1,0.0999,0.1009,0.101,0.1011,0.1012,0.1013,0.1014,0.1015,0.1016,0.1017,0.1018,16941,32340,45194,69630,50784,33971,21575,28380,29193,68560,4410,30942,21289,22073,29283,20611,32201,75546,20384,28376
74,0.101,0.1009,0.1008,0.1007,0.1006,0.1005,0.1004,0.1003,0.1002,0.1001,0.1011,0.1012,0.1013,0.1014,0.1015,0.1016,0.1017,0.1018,0.1019,0.102,1215,45887,94307,35829,48115,33042,21681,21602,21575,77303,1215,29124,25715,20611,33141,26316,27128,29366,72636,19396
75,0.101,0.1009,0.1008,0.1007,0.1006,0.1005,0.1004,0.1003,0.1002,0.1001,0.1011,0.1012,0.1013,0.1014,0.1015,0.1016,0.1017,0.1018,0.1019,0.102,1215,46233,104710,41555,48115,34003,21681,28347,20583,70524,2461,28445,23697,23284,28467,30001,27128,29366,72636,19396
76,0.1009,0.1008,0.1007,0.1006,0.1005,0.1004,0.1003,0.1002,0.1001,0.1,0.101,0.1011,0.1012,0.1013,0.1014,0.1015,0.1016,0.1017,0.1018,0.1019,15253,50929,118585,54776,28270,26427,28347,20583,70524,29193,1215,30788,22493,23340,23138,30614,26317,27128,25797,72636
77,0.101,0.1009,0.1008,0.1007,0.1006,0.1005,0.1004,0.1003,0.1002,0.1001,0.1011,0.1012,0.1013,0.1014,0.1015,0.1016,0.1017,0.1018,0.1019,0.102,1215,42303,72302,146561,28572,26419,21681,28347,20583,70524,2331,28035,24118,23342,33141,25327,27128,25797,72636,19751
78,0.1011,0.101,0.1009,0.1008,0.1007,0.1006,0.1005,0.1004,0.1003,0.1002,0.1012,0.1013,0.1014,0.1015,0.1016,0.1017,0.1018,0.1019,0.102,0.1021,1215,39373,44684,51453,122683,18279,26419,22505,28347,20583,4213,26327,29429,33377,27746,27128,25797,72636,19751,28444
79,0.101,0.1009,0.1008,0.1007,0.1006,0.1005,0.1004,0.1003,0.1002,0.1001,0.1011,0.1012,0.1013,0.1014,0.1015,0.1016,0.1017,0.1018,0.1019,0.102,1215,48191,54518,120558,25856,26419,22505,28347,20583,70524,1215,24979,30518,23265,28467,30001,27128,25797,72636,19751
80,0.101,0.1009,0.1008,0.1007,0.1006,0.1005,0.1004,0.1003,0.1002,0.1001,0.1011,0.1012,0.1013,0.1014,0.1015,0.1016,0.1017,0.1018,0.1019,0.102,1215,48191,54518,120571,25869,26419,22505,28347,20583,70524,1215,24979,30518,23265,28467,30001,27483,25797,72636,19396
81,0.101,0.1009,0.1008,0.1007,0.1006,0.1005,0.1004,0.1003,0.1002,0.1001,0.1011,0.1012,0.1013,0.1014,0.1015,0.1016,0.1017,0.1018,0.1019,0.102,1215,48191,65333,118739,25867,26419,22505,28347,20583,70524,869,24979,30518,23265,33141,25327,27483,25797,72636,19396
82,0.1009,0.1008,0.1007,0.1006,0.1005,0.1004,0.1003,0.1002,0.1001,0.1,0.101,0.1011,0.1012,0.1013,0.1014,0.1015,0.1016,0.1017,0.1018,0.1019,1215,59658,105224,54072,28278,26427,28347,20583,71350,28366,1588,27993,36368,30766,23138,25940,26317,27483,25797,72636
83,0.101,0.1009,0.1008,0.1007,0.1006,0.1005,0.1004,0.1003,0.1002,0.1001,0.1011,0.1012,0.1013,0.1014,0.1015,0.1016,0.1017,0.1018,0.1019,0.102,1215,46187,59653,107494,55666,25441,21681,28347,20583,71350,6802,42320,23690,25756,30722,26317,27483,25797,72636,19396
84,0.101,0.1009,0.1008,0.1007,0.1006,0.1005,0.1004,0.1003,0.1002,0.1001,0.1012,0.1013,0.1014,0.1015,0.1016,0.1017,0.1018,0.1019,0.102,0.1021,47111,49789,64044,142189,25856,26430,22505,28347,20583,70524,15147,38133,29409,33395,27746,27483,25797,72636,19396,28444
85,0.1011,0.101,0.1009,0.1008,0.1007,0.1006,0.1005,0.1004,0.1003,0.1002,0.1013,0.1014,0.1015,0.1016,0.1017,0.1018,0.1019,0.102,0.1021,0.1022,22312,43650,70890,65369,95615,18040,26430,22505,27356,20583,28183,30085,34644,27566,33628,25797,72636,19396,28624,33008
86,0.101,0.1009,0.1008,0.1007,0.1006,0.1005,0.1004,0.1003,0.1002,0.1001,0.1012,0.1013,0.1014,0.1015,0.1016,0.1017,0.1018,0.1019,0.102,0.1021,21059,59127,117265,56569,25620,26430,72303,28345,20583,20611,22744,37488,30696,26888,25255,26884,32509,72636,19396,28624
87,0.1011,0.101,0.1009,0.1008,0.1007,0.1006,0.1005,0.1004,0.1003,0.1002,0.1012,0.1013,0.1014,0.1015,0.1016,0.1017,0.1018,0.1019,0.102,0.1021,1215,40790,65714,96557,49173,25617,26430,72303,28345,20583,1215,41321,35364,29581,25255,26884,32509,72636,19396,28624
88,0.1011,0.101,0.1009,0.1008,0.1007,0.1006,0.1005,0.1004,0.1003,0.1002,0.1012,0.1013,0.1014,0.1015,0.1016,0.1017,0.1018,0.1019,0.102,0.1021,1215,44822,80956,92500,49173,25616,26430,72303,28345,20583,1215,25961,42940,27162,27674,26884,32509,72636,19396,28624
89,0.1011,0.101,0.1009,0.1008,0.1007,0.1006,0.1005,0.1004,0.1003,0.1002,0.1012,0.1013,0.1014,0.1015,0.1016,0.1017,0.1018,0.1019,0.102,0.1021,1215,40974,80459,127029,22098,26603,26430,72303,27356,20583,1215,25961,42620,34630,27674,26884,32509,72636,19396,28624
90,0.1011,0.101,0.1009,0.1008,0.1007,0.1006,0.1005,0.1004,0.1003,0.1002,0.1012,0.1013,0.1014,0.1015,0.1016,0.1017,0.1018,0.1019,0.102,0.1021,1215,35265,80445,102237,49159,25618,26430,22505,28344,20583,1215,26369,42616,27168,27674,26884,32509,72636,19396,28624
91,0.1011,0.101,0.1009,0.1008,0.1007,0.1006,0.1005,0.1004,0.1003,0.1002,0.1012,0.1013,0.1014,0.1015,0.1016,0.1017,0.1018,0.1019,0.102,0.1021,1215,52753,72939,102179,49159,25617,26430,22505,28344,70446,1215,26369,27676,27168,27674,26884,32509,72636,19396,28624
92,0.1011,0.101,0.1009,0.1008,0.1007,0.1006,0.1005,0.1004,0.1003,0.1002,0.1012,0.1013,0.1014,0.1015,0.1016,0.1017,0.1018,0.1019,0.102,0.1021,1215,61196,57281,108826,56736,19028,26430,22505,27356,70446,1215,26369,50068,27168,27674,26529,32509,72636,19396,28156
93,0.1011,0.101,0.1009,0.1008,0.1007,0.1006,0.1005,0.1004,0.1003,0.1002,0.1012,0.1013,0.1014,0.1015,0.1016,0.1017,0.1018,0.1019,0.102,0.1021,1215,61210,65843,127325,22098,26605,26430,22505,27356,70446,1215,26369,27676,27168,27674,26529,32509,72636,19396,28156
94,0.1011,0.101,0.1009,0.1008,0.1007,0.1006,0.1005,0.1004,0.1003,0.1002,0.1012,0.1013,0.1014,0.1015,0.1016,0.1017,0.1018,0.1019,0.102,0.1021,1215,50756,69805,113370,56747,18040,26430,22505,27356,70446,1215,38134,27676,27168,27674,26529,32509,72636,19396,28156
95,0.1011,0.101,0.1009,0.1008,0.1007,0.1006,0.1005,0.1004,0.1003,0.1002,0.1012,0.1013,0.1014,0.1015,0.1016,0.1017,0.1018,0.1019,0.102,0.1021,876,50723,69695,113244,56747,19028,26430,22505,27356,70446,1215,38134,27676,27168,27674,26529,32509,72636,19396,28156
96,0.1011,0.101,0.1009,0.1008,0.1007,0.1006,0.1005,0.1004,0.1003,0.1002,0.1012,0.1013,0.1014,0.1015,0.1016,0.1017,0.1018,0.1019,0.102,0.1021,1215,66403,123971,43664,83821,19028,26430,22505,27356,70446,1215,44534,21276,27168,27674,26529,32509,72636,19396,28156
97,0.101,0.1009,0.1008,0.1007,0.1006,0.1005,0.1004,0.1003,0.1002,0.1001,0.1011,0.1012,0.1013,0.1014,0.1015,0.1016,0.1017,0.1018,0.1019,0.102,1215,66783,114657,61914,25612,26430,22505,27356,70446,20611,1215,23957,30099,20611,29587,25255,26529,32509,72636,19396
98,0.101,0.1009,0.1008,0.1007,0.1006,0.1005,0.1004,0.1003,0.1002,0.1001,0.1011,0.1012,0.1013,0.1014,0.1015,0.1016,0.1017,0.1018,0.1019,0.102,1215,74087,116271,62710,30374,21672,22505,27356,70446,20611,1093,40071,27681,23262,26888,25610,26529,32689,72636,19396
99,0.101,0.1009,0.1008,0.1007,0.1006,0.1005,0.1004,0.1003,0.1002,0.1001,0.1011,0.1012,0.1013,0.1014,0.1015,0.1016,0.1017,0.1018,0.1019,0.102,1215,61976,125545,38071,55451,26425,22505,28345,70446,20611,998,37653,30099,27936,22214,26600,26529,32689,72636,19396
100,0.101,0.1009,0.1008,0.1007,0.1006,0.1005,0.1004,0.1003,0.1002,0.1001,0.1011,0.1012,0.1013,0.1014,0.1015,0.1016,0.1017,0.1018,0.1019,0.102,1215,51917,128300,49193,55454,26425,22505,28345,70446,20611,998,44053,23699,27936,22214,26600,26529,32689,72636,19396
101,0.101,0.1009,0.1008,0.1007,0.1006,0.1005,0.1004,0.1003,0.1002,0.1001,0.1011,0.1012,0.1013,0.1014,0.1015,0.1016,0.1017,0.1018,0.1019,0.102,1215,52236,70064,112529,55454,25683,22505,28345,70446,20611,998,44738,30260,34133,22322,26492,27212,25977,72636,19396
102,0.1009,0.1008,0.1007,0.1006,0.1005,0.1004,0.1003,0.1002,0.1001,0.1,0.1011,0.1012,0.1013,0.1014,0.1015,0.1016,0.1017,0.1018,0.1019,0.102,55612,52622,100176,82556,25683,22505,28345,70446,20611,28366,998,44073,23675,34133,22322,26492,27212,25977,72636,19396
103,0.1009,0.1008,0.1007,0.1006,0.1005,0.1004,0.1003,0.1002,0.1001,0.1,0.101,0.1011,0.1012,0.1013,0.1014,0.1015,0.1016,0.1017,0.1018,0.1019,1215,66207,121114,63654,28524,27258,28345,70446,20611,28366,1215,26066,27693,35149,36660,19795,26492,27212,25977,72636
104,0.101,0.1009,0.1008,0.1007,0.1006,0.1005,0.1004,0.1003,0.1002,0.1001,0.1011,0.1012,0.1013,0.1014,0.1015,0.1016,0.1017,0.1018,0.1019,0.102,1215,54044,52622,105351,55464,25683,22505,28345,70446,20611,998,40067,35068,43942,19903,26492,27212,25977,72636,19396
105,0.101,0.1009,0.1008,0.1007,0.1006,0.1005,0.1004,0.1003,0.1002,0.1001,0.1012,0.1013,0.1014,0.1015,0.1016,0.1017,0.1018,0.1019,0.102,0.1021,36325,48971,62004,150633,18040,26425,22505,28345,70446,20611,8992,44959,30718,24577,34066,27212,25977,72636,19396,28444
106,0.101,0.1009,0.1008,0.1007,0.1006,0.1005,0.1004,0.1003,0.1002,0.1001,0.1011,0.1012,0.1013,0.1014,0.1015,0.1016,0.1017,0.1018,0.1019,0.102,1215,43168,86761,115971,25614,26425,22505,28345,70446,20611,1215,26276,42392,27968,29677,31647,27212,25977,72636,19396
107,0.101,0.1009,0.1008,0.1007,0.1006,0.1005,0.1004,0.1003,0.1002,0.1001,0.1011,0.1012,0.1013,0.1014,0.1015,0.1016,0.1017,0.1018,0.1019,0.102,1215,42388,76802,118651,25623,26425,22505,28345,70446,20611,1215,26276,27678,27992,22677,31292,27212,25977,72636,19396
108,0.101,0.1009,0.1008,0.1007,0.1006,0.1005,0.1004,0.1003,0.1002,0.1001,0.1011,0.1012,0.1013,0.1014,0.1015,0.1016,0.1017,0.1018,0.1019,0.102,1215,38566,63564,123276,25620,26425,22505,28345,70446,20611,1215,33751,35153,35467,22677,31292,27212,25977,72636,19396
109,0.101,0.1009,0.1008,0.1007,0.1006,0.1005,0.1004,0.1003,0.1002,0.1001,0.1011,0.1012,0.1013,0.1014,0.1015,0.1016,0.1017,0.1018,0.1019,0.102,1215,48648,60957,130751,25623,26425,22505,28345,70446,20611,1215,26276,27678,27992,22677,31292,27212,25977,72636,19396
110,0.101,0.1009,0.1008,0.1007,0.1006,0.1005,0.1004,0.1003,0.1002,0.1001,0.1011,0.1012,0.1013,0.1014,0.1015,0.1016,0.1017,0.1018,0.1019,0.102,1215,48648,53482,130751,25623,26425,22505,28345,70446,20611,1215,26276,35153,27992,22677,31292,27212,25977,72636,19396
111,0.101,0.1009,0.1008,0.1007,0.1006,0.1005,0.1004,0.1003,0.1002,0.1001,0.1011,0.1012,0.1013,0.1014,0.1015,0.1016,0.1017,0.1018,0.1019,0.102,1215,65295,107606,57102,25623,26425,22505,28345,70446,20611,1215,30278,38626,35467,22677,31292,27212,25977,72636,19396
112,0.101,0.1009,0.1008,0.1007,0.1006,0.1005,0.1004,0.1003,0.1002,0.1001,0.1011,0.1012,0.1013,0.1014,0.1015,0.1016,0.1017,0.1018,0.1019,0.102,1215,65295,107606,57102,25623,26425,22505,28345,70446,20611,1165,23878,30076,23318,27351,31292,27212,25977,72636,19396
113,0.1009,0.1008,0.1007,0.1006,0.1005,0.1004,0.1003,0.1002,0.1001,0.1,0.101,0.1011,0.1012,0.1013,0.1014,0.1015,0.1016,0.1017,0.1018,0.1019,1215,73615,100660,51541,28517,27258,21600,70446,20611,28366,1215,33816,34393,28093,27812,20785,32281,20384,25977,72636
114,0.101,0.1009,0.1008,0.1007,0.1006,0.1005,0.1004,0.1003,0.1002,0.1001,0.1011,0.1012,0.1013,0.1014,0.1015,0.1016,0.1017,0.1018,0.1019,0.102,1215,73109,62472,106929,52739,25691,22505,21600,70446,20611,1165,39970,49443,20611,26996,32281,20384,25977,72636,19751
115,0.101,0.1009,0.1008,0.1007,0.1006,0.1005,0.1004,0.1003,0.1002,0.1001,0.1011,0.1012,0.1013,0.1014,0.1015,0.1016,0.1017,0.1018,0.1019,0.102,1215,67020,51476,100529,52723,26680,22505,21600,70446,20611,1165,26278,34486,35561,26996,32281,20384,25977,72636,19751
116,0.1009,0.1008,0.1007,0.1006,0.1005,0.1004,0.1003,0.1002,0.1001,0.1,0.1011,0.1012,0.1013,0.1014,0.1015,0.1016,0.1017,0.1018,0.1019,0.102,31353,80016,109116,82554,25690,22505,21600,77269,20611,28366,7928,39215,43700,23448,26888,32281,27207,25977,72636,19751
117,0.1009,0.1008,0.1007,0.1006,0.1005,0.1004,0.1003,0.1002,0.1001,0.1,0.1011,0.1012,0.1013,0.1014,0.1015,0.1016,0.1017,0.1018,0.1019,0.102,27157,65051,106572,74971,28524,27258,21600,77269,20611,28366,12474,46314,35491,25867,24469,32281,27207,25977,72636,19751
118,0.101,0.1009,0.1008,0.1007,0.1006,0.1005,0.1004,0.1003,0.1002,0.1001,0.1011,0.1012,0.1013,0.1014,0.1015,0.1016,0.1017,0.1018,0.1019,0.102,1215,40014,71731,101700,55452,26680,22505,21600,77269,20611,1165,26278,42263,33044,24577,31292,27207,25977,72636,19751
119,0.1011,0.101,0.1009,0.1008,0.1007,0.1006,0.1005,0.1004,0.1003,0.1002,0.1012,0.1013,0.1014,0.1015,0.1016,0.1017,0.1018,0.1019,0.102,0.1021,1215,40099,43760,52039,123803,18040,26426,29257,21600,70446,1115,54741,36998,26996,31292,27207,25977,72636,19751,28444
120,0.1011,0.101,0.1009,0.1008,0.1007,0.1006,0.1005,0.1004,0.1003,0.1002,0.1012,0.1013,0.1014,0.1015,0.1016,0.1017,0.1018,0.1019,0.102,0.1021,1215,40099,36502,44781,123803,18040,26426,29257,21600,70446,1115,40225,27011,29715,31292,27207,25977,72636,19751,28444
121,0.1011,0.101,0.1009,0.1008,0.1007,0.1006,0.1005,0.1004,0.1003,0.1002,0.1013,0.1014,0.1015,0.1016,0.1017,0.1018,0.1019,0.102,0.1021,0.1022,24015,41019,53587,69030,94018,23782,21672,29257,20611,70446,16492,37555,27039,41164,19396,26228,28259,20739,77465,23558
122,0.1013,0.1012,0.1011,0.101,0.1009,0.1008,0.1007,0.1006,0.1005,0.1004,0.1014,0.1015,0.1016,0.1017,0.1018,0.1019,0.102,0.1021,0.1022,0.1023,14907,41427,53632,41400,58100,25137,87033,25806,21672,70450,1215,25279,27689,29212,27115,26135,27443,81661,23738,20611
123,0.1012,0.1011,0.101,0.1009,0.1008,0.1007,0.1006,0.1005,0.1004,0.1003,0.1014,0.1015,0.1016,0.1017,0.1018,0.1019,0.102,0.1021,0.1022,0.1023,53223,110311,43755,77582,32680,21204,25806,20683,70450,20611,11846,22106,28501,26793,29534,26135,27443,81661,23738,20611
124,0.1013,0.1012,0.1011,0.101,0.1009,0.1008,0.1007,0.1006,0.1005,0.1004,0.1014,0.1015,0.1016,0.1017,0.1018,0.1019,0.102,0.1021,0.1022,0.1023,14907,63105,127262,38548,58100,24151,21204,25806,20683,70450,3680,32412,41955,26793,29534,26135,27443,81661,23738,20611
125,0.1013,0.1012,0.1011,0.101,0.1009,0.1008,0.1007,0.1006,0.1005,0.1004,0.1014,0.1015,0.1016,0.1017,0.1018,0.1019,0.102,0.1021,0.1022,0.1023,1215,39460,80683,105138,57890,31708,21204,19028,21669,77160,1215,39644,34271,34018,29534,26135,27443,81661,23738,20611
126,0.1014,0.1013,0.1012,0.1011,0.101,0.1009,0.1008,0.1007,0.1006,0.1005,0.1015,0.1016,0.1017,0.1018,0.1019,0.102,0.1021,0.1022,0.1023,0.1024,1215,43360,46497,45129,117243,33130,20382,21204,25819,20683,4465,40708,30470,29864,27674,27443,81661,24724,20611,20611
127,0.1014,0.1013,0.1012,0.1011,0.101,0.1009,0.1008,0.1007,0.1006,0.1005,0.1016,0.1017,0.1018,0.1019,0.102,0.1021,0.1022,0.1023,0.1024,0.1025,32302,66834,57414,82338,99829,21826,27080,21204,19255,20683,3676,48788,30072,32348,25896,40445,21777,21595,20611,72385
128,0.1014,0.1013,0.1012,0.1011,0.101,0.1009,0.1008,0.1007,0.1006,0.1005,0.1015,0.1016,0.1017,0.1018,0.1019,0.102,0.1021,0.1022,0.1023,0.1024,1215,43360,62704,75620,87553,34268,27080,21204,19255,20683,1215,41153,26479,28346,27674,26526,40445,21777,21595,20966
129,0.1013,0.1012,0.1011,0.101,0.1009,0.1008,0.1007,0.1006,0.1005,0.1004,0.1015,0.1016,0.1017,0.1018,0.1019,0.102,0.1021,0.1022,0.1023,0.1024,49702,62694,73310,141543,34270,27080,21204,19255,20683,70450,1215,48404,40981,28346,27674,26526,40445,21777,21595,20966
130,0.1013,0.1012,0.1011,0.101,0.1009,0.1008,0.1007,0.1006,0.1005,0.1004,0.1014,0.1015,0.1016,0.1017,0.1018,0.1019,0.102,0.1021,0.1022,0.1023,1215,47293,86484,99721,21020,32667,21204,27037,20683,70450,1215,41162,43362,36431,21118,25147,26526,40445,21777,70524
131,0.1012,0.1011,0.101,0.1009,0.1008,0.1007,0.1006,0.1005,0.1004,0.1003,0.1014,0.1015,0.1016,0.1017,0.1018,0.1019,0.102,0.1021,0.1022,0.1023,46756,104126,58365,77776,31680,21204,27037,20889,70450,20611,10788,37989,44521,26738,23537,26133,26881,40445,21777,70524
132,0.1013,0.1012,0.1011,0.101,0.1009,0.1008,0.1007,0.1006,0.1005,0.1004,0.1014,0.1015,0.1016,0.1017,0.1018,0.1019,0.102,0.1021,0.1022,0.1023,1215,61279,101184,65507,58298,24130,21204,27037,20889,70450,1215,38764,31212,33880,23537,26133,26881,40445,21777,70524
133,0.1013,0.1012,0.1011,0.101,0.1009,0.1008,0.1007,0.1006,0.1005,0.1004,0.1014,0.1015,0.1016,0.1017,0.1018,0.1019,0.102,0.1021,0.1022,0.1023,5274,75599,52977,70373,50755,25117,28750,27037,20889,70450,3981,8390,41060,36460,21118,25147,26881,40445,21777,70524
134,0.1012,0.1011,0.101,0.1009,0.1008,0.1007,0.1006,0.1005,0.1004,0.1003,0.1013,0.1014,0.1015,0.1016,0.1017,0.1018,0.1019,0.102,0.1021,0.1022,1215,58273,62254,58600,26950,25937,27037,21876,70450,20611,1215,42811,28801,41307,30323,21010,26133,27426,33625,21777
135,0.1012,0.1011,0.101,0.1009,0.1008,0.1007,0.1006,0.1005,0.1004,0.1003,0.1013,0.1014,0.1015,0.1016,0.1017,0.1018,0.1019,0.102,0.1021,0.1022,9255,57820,85062,31579,46431,33494,27037,21876,70450,20611,1215,30333,38812,26885,30323,21997,26133,27426,33625,21777
136,0.1012,0.1011,0.101,0.1009,0.1008,0.1007,0.1006,0.1005,0.1004,0.1003,0.1013,0.1014,0.1015,0.1016,0.1017,0.1018,0.1019,0.102,0.1021,0.1022,1215,59914,124569,77363,27190,25937,27037,21876,70450,20611,1215,39632,28968,24407,32742,21010,26133,27426,33625,21777
137,0.1012,0.1011,0.101,0.1009,0.1008,0.1007,0.1006,0.1005,0.1004,0.1003,0.1013,0.1014,0.1015,0.1016,0.1017,0.1018,0.1019,0.102,0.1021,0.1022,4383,69814,114672,77363,27188,25937,27037,21670,70450,20611,3826,39632,28968,29081,28068,21010,26133,27426,33625,24724
138,0.1011,0.101,0.1009,0.1008,0.1007,0.1006,0.1005,0.1004,0.1003,0.1002,0.1013,0.1014,0.1015,0.1016,0.1017,0.1018,0.1019,0.102,0.1021,0.1022,13334,67642,103370,56823,27787,24974,21670,77121,20611,20583,40876,28814,24565,28935,25541,21997,32814,20736,82648,24724
139,0.1011,0.101,0.1009,0.1008,0.1007,0.1006,0.1005,0.1004,0.1003,0.1002,0.1013,0.1014,0.1015,0.1016,0.1017,0.1018,0.1019,0.102,0.1021,0.1022,64121,61528,109389,83956,25937,20241,21670,77121,20611,20583,3826,41174,36424,36556,28068,21997,32814,20736,82648,24724
140,0.1012,0.1011,0.101,0.1009,0.1008,0.1007,0.1006,0.1005,0.1004,0.1003,0.1013,0.1014,0.1015,0.1016,0.1017,0.1018,0.1019,0.102,0.1021,0.1022,1215,56650,54718,101239,56907,25937,20241,21670,77121,20611,3826,41174,28954,39236,25649,21997,32814,20381,82648,24724
141,0.1012,0.1011,0.101,0.1009,0.1008,0.1007,0.1006,0.1005,0.1004,0.1003,0.1013,0.1014,0.1015,0.1016,0.1017,0.1018,0.1019,0.102,0.1021,0.1022,907,71441,62113,101239,56906,25937,20241,21670,77121,20611,3826,41174,33628,39557,28068,21010,32814,20381,82648,24724
142,0.1011,0.101,0.1009,0.1008,0.1007,0.1006,0.1005,0.1004,0.1003,0.1002,0.1012,0.1013,0.1014,0.1015,0.1016,0.1017,0.1018,0.1019,0.102,0.1021,26731,68299,116132,83960,19396,24974,21670,77945,20611,20583,1215,41180,42788,34400,27294,25541,21997,32814,20381,82648
143,0.1011,0.101,0.1009,0.1008,0.1007,0.1006,0.1005,0.1004,0.1003,0.1002,0.1012,0.1013,0.1014,0.1015,0.1016,0.1017,0.1018,0.1019,0.102,0.1021,26731,81333,122730,76415,26955,24974,21670,77945,20611,20583,1215,41180,41320,33666,27294,25541,22465,32814,20381,82180
144,0.1012,0.1011,0.101,0.1009,0.1008,0.1007,0.1006,0.1005,0.1004,0.1003,0.1013,0.1014,0.1015,0.1016,0.1017,0.1018,0.1019,0.102,0.1021,0.1022,27810,69532,81753,130161,19633,25130,20241,21670,77945,20611,2611,31307,38657,29441,25649,23897,32814,20381,82180,24724
145,0.1012,0.1011,0.101,0.1009,0.1008,0.1007,0.1006,0.1005,0.1004,0.1003,0.1013,0.1014,0.1015,0.1016,0.1017,0.1018,0.1019,0.102,0.1021,0.1022,22786,46810,67678,130286,27188,25130,20241,21670,77945,20611,1215,41172,48638,29441,28068,21478,32814,20381,82180,24724
146,0.1012,0.1011,0.101,0.1009,0.1008,0.1007,0.1006,0.1005,0.1004,0.1003,0.1013,0.1014,0.1015,0.1016,0.1017,0.1018,0.1019,0.102,0.1021,0.1022,20110,53387,77932,157875,27190,25130,20241,21670,77945,20611,1215,41623,28799,29441,25649,23429,32814,20381,82180,24724
147,0.1013,0.1012,0.1011,0.101,0.1009,0.1008,0.1007,0.1006,0.1005,0.1004,0.1014,0.1015,0.1016,0.1017,0.1018,0.1019,0.102,0.1021,0.1022,0.1023,2468,43985,64884,81402,98179,24381,21204,26934,21670,70450,1215,47193,41507,30676,21118,32814,20381,82180,24724,20611
148,0.1013,0.1012,0.1011,0.101,0.1009,0.1008,0.1007,0.1006,0.1005,0.1004,0.1014,0.1015,0.1016,0.1017,0.1018,0.1019,0.102,0.1021,0.1022,0.1023,2468,63005,117530,54676,30841,24381,21204,26934,21670,70450,1215,40793,33829,28257,23537,32814,20381,82180,24724,20611
149,0.1013,0.1012,0.1011,0.101,0.1009,0.1008,0.1007,0.1006,0.1005,0.1004,0.1014,0.1015,0.1016,0.1017,0.1018,0.1019,0.102,0.1021,0.1022,0.1023,2468,63005,129673,62142,23295,31924,21204,26934,21670,70450,1215,48259,41295,28257,23537,32814,20381,82180,24724,20611
150,0.1012,0.1011,0.101,0.1009,0.1008,0.1007,0.1006,0.1005,0.1004,0.1003,0.1013,0.1014,0.1015,0.1016,0.1017,0.1018,0.1019,0.102,0.1021,0.1022,1215,55503,120197,58632,27177,25951,26934,21670,70450,20611,1215,48643,36272,39369,25649,21010,32814,20381,82180,24724
151,0.1013,0.1012,0.1011,0.101,0.1009,0.1008,0.1007,0.1006,0.1005,0.1004,0.1014,0.1015,0.1016,0.1017,0.1018,0.1019,0.102,0.1021,0.1022,0.1023,1215,47878,69566,118653,57858,24381,21204,26934,21670,70450,1215,63168,36950,27960,21118,32814,20381,82180,24724,20611
152,0.1013,0.1012,0.1011,0.101,0.1009,0.1008,0.1007,0.1006,0.1005,0.1004,0.1014,0.1015,0.1016,0.1017,0.1018,0.1019,0.102,0.1021,0.1022,0.1023,1215,60846,59480,111172,50303,31925,21204,26934,21670,70450,1215,63156,34228,30617,21118,32814,20381,82180,24724,20611
153,0.1013,0.1012,0.1011,0.101,0.1009,0.1008,0.1007,0.1006,0.1005,0.1004,0.1014,0.1015,0.1016,0.1017,0.1018,0.1019,0.102,0.1021,0.1022,0.1023,1215,43301,60491,125732,30837,24381,21204,26934,21670,70450,1215,46192,29161,28198,23537,32814,20381,82180,24724,20611
154,0.1012,0.1011,0.101,0.1009,0.1008,0.1007,0.1006,0.1005,0.1004,0.1003,0.1013,0.1014,0.1015,0.1016,0.1017,0.1018,0.1019,0.102,0.1021,0.1022,1215,63979,113035,50316,27178,25952,26934,21670,70450,20611,1215,41172,28799,29416,28068,21010,32814,20381,82180,24724
155,0.1012,0.1011,0.101,0.1009,0.1008,0.1007,0.1006,0.1005,0.1004,0.1003,0.1013,0.1014,0.1015,0.1016,0.1017,0.1018,0.1019,0.102,0.1021,0.1022,1215,54583,129868,38270,56952,24965,20241,21670,77204,20611,1215,47572,27073,24387,28068,21997,32814,20736,82180,24724
156,0.1012,0.1011,0.101,0.1009,0.1008,0.1007,0.1006,0.1005,0.1004,0.1003,0.1013,0.1014,0.1015,0.1016,0.1017,0.1018,0.1019,0.102,0.1021,0.1022,1215,50959,81427,106703,56952,24964,20241,21670,77204,20611,1215,41170,40719,28971,28068,26045,28278,20736,77984,24724
157,0.1012,0.1011,0.101,0.1009,0.1008,0.1007,0.1006,0.1005,0.1004,0.1003,0.1014,0.1015,0.1016,0.1017,0.1018,0.1019,0.102,0.1021,0.1022,0.1023,15221,60255,72459,118068,27188,25952,20241,21670,77204,20611,25603,43485,43683,28068,25058,28278,20736,77984,24724,20611
158,0.1012,0.1011,0.101,0.1009,0.1008,0.1007,0.1006,0.1005,0.1004,0.1003,0.1013,0.1014,0.1015,0.1016,0.1017,0.1018,0.1019,0.102,0.1021,0.1022,1215,46178,54362,125788,27187,25952,20241,21670,77204,20611,1215,41620,33628,28971,28068,25058,28278,20736,77984,24724
159,0.1012,0.1011,0.101,0.1009,0.1008,0.1007,0.1006,0.1005,0.1004,0.1003,0.1013,0.1014,0.1015,0.1016,0.1017,0.1018,0.1019,0.102,0.1021,0.1022,1215,51184,98811,118068,27191,25952,20241,21670,77204,20611,1215,41171,33628,44329,28068,25058,28278,20736,77984,24724
160,0.1012,0.1011,0.101,0.1009,0.1008,0.1007,0.1006,0.1005,0.1004,0.1003,0.1013,0.1014,0.1015,0.1016,0.1017,0.1018,0.1019,0.102,0.1021,0.1022,1215,56128,80944,130490,27192,24965,20241,21670,77204,20611,1215,48574,41031,31390,25649,26045,28278,20736,77984,24724
161,0.1012,0.1011,0.101,0.1009,0.1008,0.1007,0.1006,0.1005,0.1004,0.1003,0.1013,0.1014,0.1015,0.1016,0.1017,0.1018,0.1019,0.102,0.1021,0.1022,1215,56292,67066,99780,56918,24960,20241,21670,77204,20611,1665,41171,33628,28971,28068,26045,28278,20736,77984,24724
162,0.1011,0.101,0.1009,0.1008,0.1007,0.1006,0.1005,0.1004,0.1003,0.1002,0.1012,0.1013,0.1014,0.1015,0.1016,0.1017,0.1018,0.1019,0.102,0.1021,1215,60175,142006,55705,27777,24984,21670,77204,20611,20583,1215,41635,33489,31845,28797,25541,26045,28278,20736,77984
163,0.1011,0.101,0.1009,0.1008,0.1007,0.1006,0.1005,0.1004,0.1003,0.1002,0.1012,0.1013,0.1014,0.1015,0.1016,0.1017,0.1018,0.1019,0.102,0.1021,1215,70072,127708,63034,26969,24984,21670,78028,20611,20583,1215,41185,40818,41650,26378,25541,26045,31225,20736,77984
164,0.1011,0.101,0.1009,0.1008,0.1007,0.1006,0.1005,0.1004,0.1003,0.1002,0.1012,0.1013,0.1014,0.1015,0.1016,0.1017,0.1018,0.1019,0.102,0.1021,1215,70286,110184,55718,26966,24984,21670,78028,20611,20583,1215,41185,33489,24573,28797,25541,26045,31225,20736,77984
165,0.1011,0.101,0.1009,0.1008,0.1007,0.1006,0.1005,0.1004,0.1003,0.1002,0.1012,0.1013,0.1014,0.1015,0.1016,0.1017,0.1018,0.1019,0.102,0.1021,1215,77562,117664,63198,26965,24984,21670,78028,20611,20583,1215,41634,40969,32053,28797,25541,29841,31225,20736,74188
166,0.101,0.1009,0.1008,0.1007,0.1006,0.1005,0.1004,0.1003,0.1002,0.1001,0.1011,0.1012,0.1013,0.1014,0.1015,0.1016,0.1017,0.1018,0.1019,0.102,3690,84492,115123,54991,27074,26412,78028,21600,20583,20611,1215,38908,36211,31932,30697,26378,20384,39906,24544,20736
167,0.1009,0.1008,0.1007,0.1006,0.1005,0.1004,0.1003,0.1002,0.1001,0.1,0.101,0.1011,0.1012,0.1013,0.1014,0.1015,0.1016,0.1017,0.1018,0.1019,1215,74921,109049,65148,28282,25431,21600,28199,21437,78330,1215,40748,48625,24447,24616,33316,27259,27103,29143,73662
168,0.101,0.1009,0.1008,0.1007,0.1006,0.1005,0.1004,0.1003,0.1002,0.1001,0.1011,0.1012,0.1013,0.1014,0.1015,0.1016,0.1017,0.1018,0.1019,0.102,1215,56048,64892,100623,56897,26415,21680,21600,27210,21437,1215,28799,31206,24779,34853,27259,27103,29143,73662,19864
169,0.101,0.1009,0.1008,0.1007,0.1006,0.1005,0.1004,0.1003,0.1002,0.1001,0.1011,0.1012,0.1013,0.1014,0.1015,0.1016,0.1017,0.1018,0.1019,0.102,1215,71029,64884,100623,56880,26415,21680,21600,27210,21437,1215,43614,31206,42172,32434,27259,27103,29143,73662,19864
170,0.1009,0.1008,0.1007,0.1006,0.1005,0.1004,0.1003,0.1002,0.1001,0.1,0.101,0.1011,0.1012,0.1013,0.1014,0.1015,0.1016,0.1017,0.1018,0.1019,51201,83359,134218,84012,21673,26421,71453,27277,21437,28366,118,29804,36714,43769,24858,34745,27260,27103,29143,73662
171,0.1009,0.1008,0.1007,0.1006,0.1005,0.1004,0.1003,0.1002,0.1001,0.1,0.101,0.1011,0.1012,0.1013,0.1014,0.1015,0.1016,0.1017,0.1018,0.1019,4404,62494,128821,48754,30951,26421,71453,28267,21437,28366,920,48550,40808,38752,22197,33316,25671,27103,29143,74176
172,0.101,0.1009,0.1008,0.1007,0.1006,0.1005,0.1004,0.1003,0.1002,0.1001,0.1011,0.1012,0.1013,0.1014,0.1015,0.1016,0.1017,0.1018,0.1019,0.102,3172,69005,63357,108154,56870,26413,21680,71453,27277,21437,1274,35342,50927,32519,34853,25671,27103,29143,74176,19864
173,0.101,0.1009,0.1008,0.1007,0.1006,0.1005,0.1004,0.1003,0.1002,0.1001,0.1012,0.1013,0.1014,0.1015,0.1016,0.1017,0.1018,0.1019,0.102,0.1021,39164,60509,54663,149318,19502,26413,22504,71453,20583,20611,14823,36147,36137,32434,27100,20384,29143,74176,19864,20611
174,0.1011,0.101,0.1009,0.1008,0.1007,0.1006,0.1005,0.1004,0.1003,0.1002,0.1013,0.1014,0.1015,0.1016,0.1017,0.1018,0.1019,0.102,0.1021,0.1022,14096,63510,66567,83932,95307,20490,26413,22504,70464,20583,15324,36626,41875,27100,19396,33339,25058,19864,20611,20611
175,0.1011,0.101,0.1009,0.1008,0.1007,0.1006,0.1005,0.1004,0.1003,0.1002,0.1012,0.1013,0.1014,0.1015,0.1016,0.1017,0.1018,0.1019,0.102,0.1021,1215,46214,59351,77802,87729,28067,26413,22504,70464,20583,1215,45719,47749,37950,24681,19396,33339,25058,68899,20611
176,0.101,0.1009,0.1008,0.1007,0.1006,0.1005,0.1004,0.1003,0.1002,0.1001,0.1011,0.1012,0.1013,0.1014,0.1015,0.1016,0.1017,0.1018,0.1019,0.102,2673,48572,54046,101655,49591,34005,22504,70464,27397,20611,1215,40753,38025,27233,28238,25670,27198,33339,25058,68899
177,0.101,0.1009,0.1008,0.1007,0.1006,0.1005,0.1004,0.1003,0.1002,0.1001,0.1011,0.1012,0.1013,0.1014,0.1015,0.1016,0.1017,0.1018,0.1019,0.102,3690,44917,54046,122129,30105,26426,22504,70464,28387,20611,1215,43470,35736,27184,32434,25670,27198,29143,25058,68899
178,0.101,0.1009,0.1008,0.1007,0.1006,0.1005,0.1004,0.1003,0.1002,0.1001,0.1011,0.1012,0.1013,0.1014,0.1015,0.1016,0.1017,0.1018,0.1019,0.102,3690,55004,54046,122129,22503,34014,22504,70464,28387,20611,1215,45868,33338,34786,32434,25670,27198,29143,25058,68899
179,0.101,0.1009,0.1008,0.1007,0.1006,0.1005,0.1004,0.1003,0.1002,0.1001,0.1011,0.1012,0.1013,0.1014,0.1015,0.1016,0.1017,0.1018,0.1019,0.102,1215,62095,62277,133464,27276,26426,29219,70464,21573,20611,1215,45864,33336,34736,39984,24681,27198,29143,25058,68899
180,0.101,0.1009,0.1008,0.1007,0.1006,0.1005,0.1004,0.1003,0.1002,0.1001,0.1011,0.1012,0.1013,0.1014,0.1015,0.1016,0.1017,0.1018,0.1019,0.102,1215,54535,54727,123607,27290,26426,29219,70464,21573,20611,1215,45864,48318,34677,32434,24681,27198,29143,25058,68899
181,0.101,0.1009,0.1008,0.1007,0.1006,0.1005,0.1004,0.1003,0.1002,0.1001,0.1011,0.1012,0.1013,0.1014,0.1015,0.1016,0.1017,0.1018,0.1019,0.102,1215,44451,72370,120191,54375,26426,29219,70464,21573,20611,1215,53418,40890,34740,32434,24681,27198,29143,25058,68899
182,0.101,0.1009,0.1008,0.1007,0.1006,0.1005,0.1004,0.1003,0.1002,0.1001,0.1011,0.1012,0.1013,0.1014,0.1015,0.1016,0.1017,0.1018,0.1019,0.102,1215,54533,69709,112574,54376,26426,29219,70464,21573,20611,1215,53355,40827,34677,32434,24681,27198,29143,25058,68899
183,0.1011,0.101,0.1009,0.1008,0.1007,0.1006,0.1005,0.1004,0.1003,0.1002,0.1012,0.1013,0.1014,0.1015,0.1016,0.1017,0.1018,0.1019,0.102,0.1021,1215,44332,40009,81788,96519,27287,26426,29219,70464,21573,5889,42909,44540,32434,24681,27198,29143,25058,68899,20611
184,0.1011,0.101,0.1009,0.1008,0.1007,0.1006,0.1005,0.1004,0.1003,0.1002,0.1012,0.1013,0.1014,0.1015,0.1016,0.1017,0.1018,0.1019,0.102,0.1021,1215,65012,60344,76562,95370,20689,26426,29219,70464,20583,3178,50390,29171,45008,24681,19396,29143,31854,68899,20611
185,0.1011,0.101,0.1009,0.1008,0.1007,0.1006,0.1005,0.1004,0.1003,0.1002,0.1013,0.1014,0.1015,0.1016,0.1017,0.1018,0.1019,0.102,0.1021,0.1022,19840,72470,67821,59745,95514,20490,26426,29219,70464,20583,15324,43358,50053,27100,19396,29498,31854,68899,20611,20611
186,0.1011,0.101,0.1009,0.1008,0.1007,0.1006,0.1005,0.1004,0.1003,0.1002,0.1012,0.1013,0.1014,0.1015,0.1016,0.1017,0.1018,0.1019,0.102,0.1021,1215,57717,67587,79385,95510,20490,26426,29219,70464,20583,1215,45716,41295,53144,24681,19396,29498,31854,68899,20611
187,0.1011,0.101,0.1009,0.1008,0.1007,0.1006,0.1005,0.1004,0.1003,0.1002,0.1012,0.1013,0.1014,0.1015,0.1016,0.1017,0.1018,0.1019,0.102,0.1021,1215,80666,114780,62120,19535,28067,26426,29219,70464,20583,1215,45716,33490,37534,24681,19396,29498,31854,68899,20611
188,0.1011,0.101,0.1009,0.1008,0.1007,0.1006,0.1005,0.1004,0.1003,0.1002,0.1012,0.1013,0.1014,0.1015,0.1016,0.1017,0.1018,0.1019,0.102,0.1021,1215,89248,123802,50560,27787,25240,21672,28395,70464,20583,1215,45718,33490,42411,27208,19396,29498,31854,68899,20611
189,0.1011,0.101,0.1009,0.1008,0.1007,0.1006,0.1005,0.1004,0.1003,0.1002,0.1012,0.1013,0.1014,0.1015,0.1016,0.1017,0.1018,0.1019,0.102,0.1021,1215,79805,129436,50560,27787,25240,21672,28395,70464,20583,2470,45718,33490,49827,27208,19396,29498,31854,68899,20611
190,0.1011,0.101,0.1009,0.1008,0.1007,0.1006,0.1005,0.1004,0.1003,0.1002,0.1012,0.1013,0.1014,0.1015,0.1016,0.1017,0.1018,0.1019,0.102,0.1021,1215,65988,115263,65609,27791,25240,21672,28395,70464,20583,1215,45718,33490,37426,24789,19396,29498,31854,68899,20611
191,0.1011,0.101,0.1009,0.1008,0.1007,0.1006,0.1005,0.1004,0.1003,0.1002,0.1012,0.1013,0.1014,0.1015,0.1016,0.1017,0.1018,0.1019,0.102,0.1021,1106,55907,125346,65697,27788,25240,21672,28395,70464,20583,1215,50392,28816,37426,24789,19396,29498,31854,68899,20611
192,0.1012,0.1011,0.101,0.1009,0.1008,0.1007,0.1006,0.1005,0.1004,0.1003,0.1013,0.1014,0.1015,0.1016,0.1017,0.1018,0.1019,0.102,0.1021,0.1022,1215,46106,62477,121708,57969,29520,20490,21672,27405,70464,1215,41002,47260,24416,21923,33694,31340,68899,20611,24072
193,0.1011,0.101,0.1009,0.1008,0.1007,0.1006,0.1005,0.1004,0.1003,0.1002,0.1012,0.1013,0.1014,0.1015,0.1016,0.1017,0.1018,0.1019,0.102,0.1021,1106,55906,67629,35373,59401,25240,21672,28393,70464,20583,3999,41256,33482,33239,21842,20384,33514,31340,68899,20611
194,0.1011,0.101,0.1009,0.1008,0.1007,0.1006,0.1005,0.1004,0.1003,0.1002,0.1012,0.1013,0.1014,0.1015,0.1016,0.1017,0.1018,0.1019,0.102,0.1021,1215,28225,103482,44063,67518,19502,26421,28393,70464,20583,3999,41010,50897,38318,21842,20739,33159,31340,68899,20611
195,0.1011,0.101,0.1009,0.1008,0.1007,0.1006,0.1005,0.1004,0.1003,0.1002,0.1012,0.1013,0.1014,0.1015,0.1016,0.1017,0.1018,0.1019,0.102,0.1021,1215,51813,110861,40137,62090,20490,26421,28393,70464,20583,4245,41010,40980,40737,21842,20739,33159,31340,68899,20611
196,0.101,0.1009,0.1008,0.1007,0.1006,0.1005,0.1004,0.1003,0.1002,0.1001,0.1011,0.1012,0.1013,0.1014,0.1015,0.1016,0.1017,0.1018,0.1019,0.102,1215,73633,73877,91975,56897,26421,21678,71289,27217,20611,1215,44049,40983,24401,34853,22723,27515,28963,24544,68899
197,0.101,0.1009,0.1008,0.1007,0.1006,0.1005,0.1004,0.1003,0.1002,0.1001,0.1011,0.1012,0.1013,0.1014,0.1015,0.1016,0.1017,0.1018,0.1019,0.102,1215,73022,81261,84471,56893,26421,21678,71289,27217,20611,1215,41420,48247,24401,34853,22723,27515,28963,24544,68899
198,0.101,0.1009,0.1008,0.1007,0.1006,0.1005,0.1004,0.1003,0.1002,0.1001,0.1011,0.1012,0.1013,0.1014,0.1015,0.1016,0.1017,0.1018,0.1019,0.102,1215,65740,81362,111559,29805,26421,21678,71289,27217,20611,3844,41420,55934,26820,32434,22723,27515,28963,24544,68899
199,0.101,0.1009,0.1008,0.1007,0.1006,0.1005,0.1004,0.1003,0.1002,0.1001,0.1012,0.1013,0.1014,0.1015,0.1016,0.1017,0.1018,0.1019,0.102,0.1021,21087,83307,69132,132555,27089,26421,21678,71289,27217,20611,11019,43356,39363,32434,24153,27515,28963,24724,68899,20611
200,0.101,0.1009,0.1008,0.1007,0.1006,0.1005,0.1004,0.1003,0.1002,0.1001,0.1011,0.1012,0.1013,0.1014,0.1015,0.1016,0.1017,0.1018,0.1019,0.102,9172,70762,89149,132542,27908,26421,21678,70464,27217,20611,1215,31383,43357,39329,34853,22089,27160,28963,24724,68899
201,0.101,0.1009,0.1008,0.1007,0.1006,0.1005,0.1004,0.1003,0.1002,0.1001,0.1012,0.1013,0.1014,0.1015,0.1016,0.1017,0.1018,0.1019,0.102,0.1021,17449,63258,75679,139580,27906,26421,21678,70464,27217,20611,30107,38681,24401,41891,22089,27160,28963,24724,68899,20611
202,0.1012,0.1011,0.101,0.1009,0.1008,0.1007,0.1006,0.1005,0.1004,0.1003,0.1014,0.1015,0.1016,0.1017,0.1018,0.1019,0.102,0.1021,0.1022,0.1023,15468,44866,85785,88820,45154,80706,21065,21672,28359,70464,10618,55040,32057,21923,34121,31422,20852,20611,24072,20611
203,0.1011,0.101,0.1009,0.1008,0.1007,0.1006,0.1005,0.1004,0.1003,0.1002,0.1012,0.1013,0.1014,0.1015,0.1016,0.1017,0.1018,0.1019,0.102,0.1021,969,47966,63976,76417,106007,25808,21672,28359,70464,20583,1215,48577,41043,38861,27987,20384,28963,31422,20384,20966
204,0.1011,0.101,0.1009,0.1008,0.1007,0.1006,0.1005,0.1004,0.1003,0.1002,0.1013,0.1014,0.1015,0.1016,0.1017,0.1018,0.1019,0.102,0.1021,0.1022,27970,68015,58134,101436,78979,25808,21672,28359,70464,20583,25433,43707,40680,40521,19396,28963,31422,20384,20966,73047
205,0.1011,0.101,0.1009,0.1008,0.1007,0.1006,0.1005,0.1004,0.1003,0.1002,0.1012,0.1013,0.1014,0.1015,0.1016,0.1017,0.1018,0.1019,0.102,0.1021,969,41556,75904,89565,78967,25808,21672,28359,70464,20583,1215,39998,40699,33394,30406,19396,28963,31422,20384,20966
206,0.1011,0.101,0.1009,0.1008,0.1007,0.1006,0.1005,0.1004,0.1003,0.1002,0.1012,0.1013,0.1014,0.1015,0.1016,0.1017,0.1018,0.1019,0.102,0.1021,1368,58684,121085,62943,27211,25808,21672,28359,70464,20583,2470,41010,33489,28851,30406,19751,29431,31422,20384,20611
207,0.1011,0.101,0.1009,0.1008,0.1007,0.1006,0.1005,0.1004,0.1003,0.1002,0.1012,0.1013,0.1014,0.1015,0.1016,0.1017,0.1018,0.1019,0.102,0.1021,1614,48785,138652,51373,54273,24820,21672,28359,70464,20583,2470,41010,41228,39009,27987,20739,29431,31422,20384,20611
208,0.1011,0.101,0.1009,0.1008,0.1007,0.1006,0.1005,0.1004,0.1003,0.1002,0.1012,0.1013,0.1014,0.1015,0.1016,0.1017,0.1018,0.1019,0.102,0.1021,1614,66346,123066,48511,56964,24820,21672,28359,70464,20583,2470,41010,40967,38748,27987,20739,29431,31422,20384,20611
209,0.1011,0.101,0.1009,0.1008,0.1007,0.1006,0.1005,0.1004,0.1003,0.1002,0.1012,0.1013,0.1014,0.1015,0.1016,0.1017,0.1018,0.1019,0.102,0.1021,1614,58868,115588,41033,56960,25808,21672,28359,70464,20583,2920,41010,40967,38748,27987,20739,29431,31422,20384,20611
210,0.1011,0.101,0.1009,0.1008,0.1007,0.1006,0.1005,0.1004,0.1003,0.1002,0.1012,0.1013,0.1014,0.1015,0.1016,0.1017,0.1018,0.1019,0.102,0.1021,1614,83726,113343,67729,29894,25808,21672,28359,70464,20583,2920,41010,40967,38748,27987,19751,29431,31422,20384,20611
211,0.1012,0.1011,0.101,0.1009,0.1008,0.1007,0.1006,0.1005,0.1004,0.1003,0.1013,0.1014,0.1015,0.1016,0.1017,0.1018,0.1019,0.102,0.1021,0.1022,1215,63643,65087,114316,54858,24384,21065,21672,28359,70464,1215,45678,40723,38048,22278,29431,31422,20384,20611,73047
212,0.1012,0.1011,0.101,0.1009,0.1008,0.1007,0.1006,0.1005,0.1004,0.1003,0.1013,0.1014,0.1015,0.1016,0.1017,0.1018,0.1019,0.102,0.1021,0.1022,1215,48709,80007,106745,62411,25371,21065,21672,27371,70464,1215,53142,40709,40461,19859,29431,31422,20384,20611,73047
213,0.1013,0.1012,0.1011,0.101,0.1009,0.1008,0.1007,0.1006,0.1005,0.1004,0.1014,0.1015,0.1016,0.1017,0.1018,0.1019,0.102,0.1021,0.1022,0.1023,1215,36358,67243,56865,126903,29811,20628,27831,21672,20690,1215,50111,43639,32284,28552,37567,20384,21598,73047,20611
214,0.1013,0.1012,0.1011,0.101,0.1009,0.1008,0.1007,0.1006,0.1005,0.1004,0.1014,0.1015,0.1016,0.1017,0.1018,0.1019,0.102,0.1021,0.1022,0.1023,1215,45838,57405,56912,126892,29811,20628,27831,21672,20690,1215,43687,31042,22456,35167,37567,20384,21598,73047,20611
215,0.1012,0.1011,0.101,0.1009,0.1008,0.1007,0.1006,0.1005,0.1004,0.1003,0.1013,0.1014,0.1015,0.1016,0.1017,0.1018,0.1019,0.102,0.1021,0.1022,1614,47436,81966,130122,32607,25371,21065,21672,27321,70464,1215,38729,35995,24439,21923,33627,37567,20384,21953,73047
216,0.1012,0.1011,0.101,0.1009,0.1008,0.1007,0.1006,0.1005,0.1004,0.1003,0.1013,0.1014,0.1015,0.1016,0.1017,0.1018,0.1019,0.102,0.1021,0.1022,399,54929,131451,43626,62342,24384,21065,21672,27321,70464,1215,43403,31321,24439,28068,33627,31422,20384,21953,73047
217,0.1011,0.101,0.1009,0.1008,0.1007,0.1006,0.1005,0.1004,0.1003,0.1002,0.1012,0.1013,0.1014,0.1015,0.1016,0.1017,0.1018,0.1019,0.102,0.1021,1215,68068,121493,75684,19641,25808,21672,27321,70464,20583,1215,38782,35718,24667,24261,25541,33627,31422,20384,21953
218,0.1011,0.101,0.1009,0.1008,0.1007,0.1006,0.1005,0.1004,0.1003,0.1002,0.1012,0.1013,0.1014,0.1015,0.1016,0.1017,0.1018,0.1019,0.102,0.1021,1215,75525,112784,51072,54270,25808,21672,28309,70464,20583,1215,41010,33490,24667,24261,25541,33159,31422,20384,21953
219,0.1011,0.101,0.1009,0.1008,0.1007,0.1006,0.1005,0.1004,0.1003,0.1002,0.1012,0.1013,0.1014,0.1015,0.1016,0.1017,0.1018,0.1019,0.102,0.1021,1215,65392,120143,40914,56966,25808,21672,28309,70464,20583,1215,41010,33490,24667,24261,26529,33159,31422,20384,21953
220,0.1011,0.101,0.1009,0.1008,0.1007,0.1006,0.1005,0.1004,0.1003,0.1002,0.1012,0.1013,0.1014,0.1015,0.1016,0.1017,0.1018,0.1019,0.102,0.1021,1215,68058,112784,40914,56968,25808,21672,28309,70464,20583,1215,41010,33490,24667,24261,26529,33159,31422,20384,21953
221,0.1011,0.101,0.1009,0.1008,0.1007,0.1006,0.1005,0.1004,0.1003,0.1002,0.1012,0.1013,0.1014,0.1015,0.1016,0.1017,0.1018,0.1019,0.102,0.1021,1215,68058,105307,48391,56969,25808,22076,28309,70464,20583,1215,41010,33490,24667,24261,26529,33159,31422,20384,21953
222,0.1012,0.1011,0.101,0.1009,0.1008,0.1007,0.1006,0.1005,0.1004,0.1003,0.1013,0.1014,0.1015,0.1016,0.1017,0.1018,0.1019,0.102,0.1021,0.1022,1215,69371,54477,125955,35315,25378,21065,22076,27321,70464,1215,40874,33734,24460,28068,33159,31422,20384,21953,73047
223,0.1013,0.1012,0.1011,0.101,0.1009,0.1008,0.1007,0.1006,0.1005,0.1004,0.1014,0.1015,0.1016,0.1017,0.1018,0.1019,0.102,0.1021,0.1022,0.1023,1215,46781,66865,74935,97448,30804,20383,27779,21087,20690,1215,39014,35704,28193,34699,24544,27198,21953,73227,20611
224,0.1013,0.1012,0.1011,0.101,0.1009,0.1008,0.1007,0.1006,0.1005,0.1004,0.1014,0.1015,0.1016,0.1017,0.1018,0.1019,0.102,0.1021,0.1022,0.1023,1215,41592,59469,82250,97434,30804,20383,27779,21087,20690,1215,39014,35704,28193,31130,24544,27198,25522,73227,20611
225,0.1013,0.1012,0.1011,0.101,0.1009,0.1008,0.1007,0.1006,0.1005,0.1004,0.1014,0.1015,0.1016,0.1017,0.1018,0.1019,0.102,0.1021,0.1022,0.1023,1215,41592,52168,82397,101981,26255,20383,27779,21087,20690,1215,39014,35704,28193,31130,24544,27198,25522,73227,20611
226,0.1013,0.1012,0.1011,0.101,0.1009,0.1008,0.1007,0.1006,0.1005,0.1004,0.1014,0.1015,0.1016,0.1017,0.1018,0.1019,0.102,0.1021,0.1022,0.1023,1215,41592,44284,74948,101983,26255,20383,27779,21087,20690,1215,39014,35704,30612,28711,24544,27198,25522,73227,20611
227,0.1013,0.1012,0.1011,0.101,0.1009,0.1008,0.1007,0.1006,0.1005,0.1004,0.1014,0.1015,0.1016,0.1017,0.1018,0.1019,0.102,0.1021,0.1022,0.1023,1215,55155,124662,35840,62330,26255,20383,27779,21087,20690,1215,43498,31220,28193,31130,24544,27198,25990,73227,20611
228,0.1013,0.1012,0.1011,0.101,0.1009,0.1008,0.1007,0.1006,0.1005,0.1004,0.1014,0.1015,0.1016,0.1017,0.1018,0.1019,0.102,0.1021,0.1022,0.1023,1215,65037,118266,46205,62328,26255,20383,27779,21087,20690,1166,38824,35894,28193,31130,24544,27198,25990,73227,20611
229,0.1013,0.1012,0.1011,0.101,0.1009,0.1008,0.1007,0.1006,0.1005,0.1004,0.1014,0.1015,0.1016,0.1017,0.1018,0.1019,0.102,0.1021,0.1022,0.1023,1215,75121,112148,43292,62326,26255,20383,27779,21087,20690,1166,38824,35894,28193,31130,24544,27198,25990,73227,20611
230,0.1013,0.1012,0.1011,0.101,0.1009,0.1008,0.1007,0.1006,0.1005,0.1004,0.1014,0.1015,0.1016,0.1017,0.1018,0.1019,0.102,0.1021,0.1022,0.1023,1215,75121,126748,62630,35306,26255,20383,27779,21087,20690,1166,38824,35894,28193,31130,24899,27198,25635,69766,20611
231,0.1013,0.1012,0.1011,0.101,0.1009,0.1008,0.1007,0.1006,0.1005,0.1004,0.1014,0.1015,0.1016,0.1017,0.1018,0.1019,0.102,0.1021,0.1022,0.1023,1215,75121,111824,55168,35304,26255,20383,27779,21087,20690,1166,38824,35894,28193,31130,24899,27198,25635,69766,20611
232,0.1014,0.1013,0.1012,0.1011,0.101,0.1009,0.1008,0.1007,0.1006,0.1005,0.1015,0.1016,0.1017,0.1018,0.1019,0.102,0.1021,0.1022,0.1023,0.1024,1215,45762,79089,113343,63248,27076,21505,20383,25969,70801,1215,40981,31146,27717,29638,27198,29431,72713,20611,20611
233,0.1014,0.1013,0.1012,0.1011,0.101,0.1009,0.1008,0.1007,0.1006,0.1005,0.1015,0.1016,0.1017,0.1018,0.1019,0.102,0.1021,0.1022,0.1023,0.1024,1215,44716,79075,98435,63222,27062,21505,20383,25969,70801,1215,38753,33374,27717,29638,27198,29431,72713,20611,20611
234,0.1014,0.1013,0.1012,0.1011,0.101,0.1009,0.1008,0.1007,0.1006,0.1005,0.1015,0.1016,0.1017,0.1018,0.1019,0.102,0.1021,0.1022,0.1023,0.1024,1215,40555,71638,103673,63220,27062,21505,20383,25969,70801,1215,38753,33374,27717,29638,27198,29431,72713,20611,20611
235,0.1012,0.1011,0.101,0.1009,0.1008,0.1007,0.1006,0.1005,0.1004,0.1003,0.1013,0.1014,0.1015,0.1016,0.1017,0.1018,0.1019,0.102,0.1021,0.1022,1215,60699,136901,64625,28075,25119,26954,70801,20690,20611,1215,41000,28806,29092,21923,25058,28097,27198,29431,72713
236,0.1012,0.1011,0.101,0.1009,0.1008,0.1007,0.1006,0.1005,0.1004,0.1003,0.1013,0.1014,0.1015,0.1016,0.1017,0.1018,0.1019,0.102,0.1021,0.1022,1215,70632,119486,64625,28075,25119,27038,70801,20690,20611,1215,41000,28806,29092,21923,25058,28097,27198,28963,72713
237,0.1012,0.1011,0.101,0.1009,0.1008,0.1007,0.1006,0.1005,0.1004,0.1003,0.1013,0.1014,0.1015,0.1016,0.1017,0.1018,0.1019,0.102,0.1021,0.1022,1215,60550,111290,38824,55108,25119,27038,70801,20690,20611,1215,41000,28806,29092,21923,25058,28097,27198,28963,72713
238,0.1012,0.1011,0.101,0.1009,0.1008,0.1007,0.1006,0.1005,0.1004,0.1003,0.1014,0.1015,0.1016,0.1017,0.1018,0.1019,0.102,0.1021,0.1022,0.1023,23964,75484,118759,33089,55108,25119,27038,70801,20690,20611,35296,28806,29092,21923,26045,28097,27198,28963,72713,20611
239,0.1012,0.1011,0.101,0.1009,0.1008,0.1007,0.1006,0.1005,0.1004,0.1003,0.1013,0.1014,0.1015,0.1016,0.1017,0.1018,0.1019,0.102,0.1021,0.1022,1215,70642,126432,37044,55106,25119,26954,70397,20690,20611,1215,41000,28806,29092,21923,25058,28097,27198,28963,72713
240,0.1011,0.101,0.1009,0.1008,0.1007,0.1006,0.1005,0.1004,0.1003,0.1002,0.1013,0.1014,0.1015,0.1016,0.1017,0.1018,0.1019,0.102,0.1021,0.1022,30064,56871,117355,77280,25373,20240,70626,27348,20611,20583,1215,38773,33473,30563,21923,25058,28697,20384,28963,72713
241,0.1013,0.1012,0.1011,0.101,0.1009,0.1008,0.1007,0.1006,0.1005,0.1004,0.1014,0.1015,0.1016,0.1017,0.1018,0.1019,0.102,0.1021,0.1022,0.1023,1215,43320,49000,61093,128320,26241,20637,27050,70626,20690,1215,38768,35699,22120,33730,28697,20384,28963,72713,20611
242,0.1013,0.1012,0.1011,0.101,0.1009,0.1008,0.1007,0.1006,0.1005,0.1004,0.1014,0.1015,0.1016,0.1017,0.1018,0.1019,0.102,0.1021,0.1022,0.1023,1215,45760,64602,53241,128318,26241,20384,27267,70626,20690,1215,40992,33471,22120,33730,20966,27079,28963,72713,20611
243,0.1013,0.1012,0.1011,0.101,0.1009,0.1008,0.1007,0.1006,0.1005,0.1004,0.1014,0.1015,0.1016,0.1017,0.1018,0.1019,0.102,0.1021,0.1022,0.1023,1215,43534,57129,60685,128321,26241,20384,27267,70626,20690,1215,40992,33471,22120,33730,20966,27079,28963,72713,20611
244,0.1013,0.1012,0.1011,0.101,0.1009,0.1008,0.1007,0.1006,0.1005,0.1004,0.1014,0.1015,0.1016,0.1017,0.1018,0.1019,0.102,0.1021,0.1022,0.1023,1215,39358,44958,77686,101299,26241,20384,27267,70626,20690,1215,35288,33471,22120,33730,20966,27079,28963,72713,20611
245,0.1013,0.1012,0.1011,0.101,0.1009,0.1008,0.1007,0.1006,0.1005,0.1004,0.1014,0.1015,0.1016,0.1017,0.1018,0.1019,0.102,0.1021,0.1022,0.1023,1215,43532,62501,85223,93761,26241,20384,27267,70626,20690,1215,40992,33471,22120,33730,20966,27079,28963,72713,20611
246,0.1014,0.1013,0.1012,0.1011,0.101,0.1009,0.1008,0.1007,0.1006,0.1005,0.1015,0.1016,0.1017,0.1018,0.1019,0.102,0.1021,0.1022,0.1023,0.1024,1215,40578,54748,44530,63399,95825,21505,20384,27267,70626,1215,43237,28893,36347,21074,27079,28963,72713,20611,20611
247,0.1013,0.1012,0.1011,0.101,0.1009,0.1008,0.1007,0.1006,0.1005,0.1004,0.1014,0.1015,0.1016,0.1017,0.1018,0.1019,0.102,0.1021,0.1022,0.1023,1215,51243,64306,95801,91088,26241,20384,27267,70626,20690,1215,33174,34923,20074,36455,20966,27079,28963,72713,20611
248,0.1014,0.1013,0.1012,0.1011,0.101,0.1009,0.1008,0.1007,0.1006,0.1005,0.1015,0.1016,0.1017,0.1018,0.1019,0.102,0.1021,0.1022,0.1023,0.1024,1215,52222,43372,54168,55876,95829,21505,20384,27267,70626,1215,37724,28702,36347,21074,19396,35771,72713,20611,20611
249,0.1014,0.1013,0.1012,0.1011,0.101,0.1009,0.1008,0.1007,0.1006,0.1005,0.1015,0.1016,0.1017,0.1018,0.1019,0.102,0.1021,0.1022,0.1023,0.1024,1215,42144,35919,46714,55876,95829,21505,20384,27267,70626,1215,37724,28702,36347,21074,19396,35771,72713,20611,20611
250,0.1015,0.1014,0.1013,0.1012,0.1011,0.101,0.1009,0.1008,0.1007,0.1006,0.1017,0.1018,0.1019,0.102,0.1021,0.1022,0.1023,0.1024,0.1025,0.1026,13407,47011,70208,93683,21734,31865,22324,77919,19396,19472,20974,32599,20966,30725,32172,31482,21596,20611,73331,20611
251,0.1015,0.1014,0.1013,0.1012,0.1011,0.101,0.1009,0.1008,0.1007,0.1006,0.1017,0.1018,0.1019,0.102,0.1021,0.1022,0.1023,0.1024,0.1025,0.1026,17430,47011,90892,91551,21734,31865,22324,77919,19396,19472,15814,37753,20966,30725,32172,31482,21596,20611,73331,20611
252,0.1015,0.1014,0.1013,0.1012,0.1011,0.101,0.1009,0.1008,0.1007,0.1006,0.1017,0.1018,0.1019,0.102,0.1021,0.1022,0.1023,0.1024,0.1025,0.1026,18630,53411,84492,122305,21734,31865,22324,77919,19396,19472,9959,35364,28047,28306,34591,31302,21596,21595,73331,20791
253,0.1014,0.1013,0.1012,0.1011,0.101,0.1009,0.1008,0.1007,0.1006,0.1005,0.1015,0.1016,0.1017,0.1018,0.1019,0.102,0.1021,0.1022,0.1023,0.1024,1215,74203,65798,52715,53134,27065,71108,20380,26166,20912,2769,43754,29327,23550,23385,26635,33156,31482,21596,21595
254,0.1014,0.1013,0.1012,0.1011,0.101,0.1009,0.1008,0.1007,0.1006,0.1005,0.1015,0.1016,0.1017,0.1018,0.1019,0.102,0.1021,0.1022,0.1023,0.1024,1215,74203,53260,52712,53134,27065,71108,20380,26166,20912,2769,43751,29327,25969,20611,26635,33156,31482,21596,21950
255,0.1014,0.1013,0.1012,0.1011,0.101,0.1009,0.1008,0.1007,0.1006,0.1005,0.1015,0.1016,0.1017,0.1018,0.1019,0.102,0.1021,0.1022,0.1023,0.1024,1215,74203,86545,52712,53134,27065,71108,20380,26166,20912,2769,43751,29327,23550,23030,26635,33156,34943,21596,21950
256,0.1013,0.1012,0.1011,0.101,0.1009,0.1008,0.1007,0.1006,0.1005,0.1004,0.1015,0.1016,0.1017,0.1018,0.1019,0.102,0.1021,0.1022,0.1023,0.1024,55709,84116,56676,90354,21339,75849,20380,26166,20912,20690,26424,36252,27591,27854,25977,26527,28960,31996,21596,21950
257,0.1013,0.1012,0.1011,0.101,0.1009,0.1008,0.1007,0.1006,0.1005,0.1004,0.1014,0.1015,0.1016,0.1017,0.1018,0.1019,0.102,0.1021,0.1022,0.1023,21099,70887,71062,42466,47527,26246,20380,27974,70668,20690,1215,41830,33485,20519,30273,29703,20382,36027,74176,21596
258,0.1013,0.1012,0.1011,0.101,0.1009,0.1008,0.1007,0.1006,0.1005,0.1004,0.1014,0.1015,0.1016,0.1017,0.1018,0.1019,0.102,0.1021,0.1022,0.1023,21099,70887,63540,49993,47527,26246,20380,27974,70668,20690,1371,43886,28811,23201,31381,29703,20382,32231,74176,21596
259,0.1013,0.1012,0.1011,0.101,0.1009,0.1008,0.1007,0.1006,0.1005,0.1004,0.1014,0.1015,0.1016,0.1017,0.1018,0.1019,0.102,0.1021,0.1022,0.1023,21099,70887,63540,49995,47527,26246,20380,27974,70668,20690,156,43886,28811,23201,31381,29703,20382,32231,74176,21596
260,0.1014,0.1013,0.1012,0.1011,0.101,0.1009,0.1008,0.1007,0.1006,0.1005,0.1015,0.1016,0.1017,0.1018,0.1019,0.102,0.1021,0.1022,0.1023,0.1024,1215,65652,61180,80033,55830,25260,21505,20380,27974,70668,2515,42573,27585,34280,29811,20382,31876,74176,21596,21595
261,0.1014,0.1013,0.1012,0.1011,0.101,0.1009,0.1008,0.1007,0.1006,0.1005,0.1015,0.1016,0.1017,0.1018,0.1019,0.102,0.1021,0.1022,0.1023,0.1024,1215,65652,61005,72501,58809,25260,21505,20380,27974,70668,2515,42573,27585,34280,29811,20382,31876,74176,21596,21595
262,0.1013,0.1012,0.1011,0.101,0.1009,0.1008,0.1007,0.1006,0.1005,0.1004,0.1014,0.1015,0.1016,0.1017,0.1018,0.1019,0.102,0.1021,0.1022,0.1023,18553,70884,72501,62586,25067,26246,20380,27974,70668,20690,1215,40900,23325,27585,34388,29703,20382,31876,74176,21596
263,0.1013,0.1012,0.1011,0.101,0.1009,0.1008,0.1007,0.1006,0.1005,0.1004,0.1014,0.1015,0.1016,0.1017,0.1018,0.1019,0.102,0.1021,0.1022,0.1023,18553,70884,72501,65844,25067,26246,20380,27757,70668,20690,1215,42491,28801,20519,34388,29703,20382,31876,74176,21596
264,0.1013,0.1012,0.1011,0.101,0.1009,0.1008,0.1007,0.1006,0.1005,0.1004,0.1014,0.1015,0.1016,0.1017,0.1018,0.1019,0.102,0.1021,0.1022,0.1023,17416,51041,44101,29043,35290,52503,20380,27757,70668,20690,2623,46376,22401,25652,35462,24544,27156,25164,74176,21596
265,0.1011,0.101,0.1009,0.1008,0.1007,0.1006,0.1005,0.1004,0.1003,0.1002,0.1012,0.1013,0.1014,0.1015,0.1016,0.1017,0.1018,0.1019,0.102,0.1021,1288,29775,48372,75262,22259,55873,70439,28465,20611,20583,1215,45919,22402,25897,30934,21506,40309,25058,21597,22405
266,0.1011,0.101,0.1009,0.1008,0.1007,0.1006,0.1005,0.1004,0.1003,0.1002,0.1012,0.1013,0.1014,0.1015,0.1016,0.1017,0.1018,0.1019,0.102,0.1021,1288,39674,44865,76059,49158,29786,21821,28465,20611,70488,1215,27131,38678,29693,30934,21506,36513,25058,21597,22405
267,0.1013,0.1012,0.1011,0.101,0.1009,0.1008,0.1007,0.1006,0.1005,0.1004,0.1014,0.1015,0.1016,0.1017,0.1018,0.1019,0.102,0.1021,0.1022,0.1023,1288,30414,44298,35261,47540,61402,20383,24805,21821,27478,1215,38877,39942,22938,28839,31697,21597,22405,69731,20611
268,0.1013,0.1012,0.1011,0.101,0.1009,0.1008,0.1007,0.1006,0.1005,0.1004,0.1014,0.1015,0.1016,0.1017,0.1018,0.1019,0.102,0.1021,0.1022,0.1023,1288,33084,44298,35261,47540,61624,20383,24805,21671,78067,3730,45277,33542,22938,28839,31697,21597,21595,69731,20611
269,0.1012,0.1011,0.101,0.1009,0.1008,0.1007,0.1006,0.1005,0.1004,0.1003,0.1013,0.1014,0.1015,0.1016,0.1017,0.1018,0.1019,0.102,0.1021,0.1022,1215,37897,36342,39391,81243,25123,31567,21671,71279,20611,1215,25522,41498,29805,20627,34876,31697,21597,21595,69731
270,0.1013,0.1012,0.1011,0.101,0.1009,0.1008,0.1007,0.1006,0.1005,0.1004,0.1014,0.1015,0.1016,0.1017,0.1018,0.1019,0.102,0.1021,0.1022,0.1023,1215,28222,28009,34939,23210,85984,20383,31716,21671,21514,1215,29029,33786,22938,34984,31697,21597,21595,20791,20611
271,0.1013,0.1012,0.1011,0.101,0.1009,0.1008,0.1007,0.1006,0.1005,0.1004,0.1014,0.1015,0.1016,0.1017,0.1018,0.1019,0.102,0.1021,0.1022,0.1023,1215,28222,34586,36340,23210,85984,20383,31716,21671,21514,1215,28354,31745,25616,34984,31697,21597,21595,20791,20611
272,0.1013,0.1012,0.1011,0.101,0.1009,0.1008,0.1007,0.1006,0.1005,0.1004,0.1015,0.1016,0.1017,0.1018,0.1019,0.102,0.1021,0.1022,0.1023,0.1024,13460,28222,35078,35317,57749,58949,20383,31716,21671,21514,22650,25345,32016,34629,24072,28235,21595,20791,20611,21419
273,0.1013,0.1012,0.1011,0.101,0.1009,0.1008,0.1007,0.1006,0.1005,0.1004,0.1014,0.1015,0.1016,0.1017,0.1018,0.1019,0.102,0.1021,0.1022,0.1023,1268,28222,35255,35317,57748,58949,20383,31716,21671,21514,1215,28354,25345,32016,34629,24072,28235,21595,20791,20611
274,0.1013,0.1012,0.1011,0.101,0.1009,0.1008,0.1007,0.1006,0.1005,0.1004,0.1014,0.1015,0.1016,0.1017,0.1018,0.1019,0.102,0.1021,0.1022,0.1023,1268,28222,35078,35317,57750,58949,20383,31716,21671,21514,2248,28354,24130,32016,33414,23843,27020,20380,19576,19396
275,0.1013,0.1012,0.1011,0.101,0.1009,0.1008,0.1007,0.1006,0.1005,0.1004,0.1015,0.1016,0.1017,0.1018,0.1019,0.102,0.1021,0.1022,0.1023,0.1024,13460,28222,68575,36817,57741,26468,21353,31567,20683,20690,22650,24130,32016,33414,23843,27020,20380,19576,19396,19396
276,0.1013,0.1012,0.1011,0.101,0.1009,0.1008,0.1007,0.1006,0.1005,0.1004,0.1015,0.1016,0.1017,0.1018,0.1019,0.102,0.1021,0.1022,0.1023,0.1024,13460,39501,62175,43217,57735,26468,21353,31567,20683,20690,22650,24130,32016,33414,23843,27020,20380,19576,19396,19396
277,0.1013,0.1012,0.1011,0.101,0.1009,0.1008,0.1007,0.1006,0.1005,0.1004,0.1015,0.1016,0.1017,0.1018,0.1019,0.102,0.1021,0.1022,0.1023,0.1024,15561,49377,71130,37591,47514,26468,21353,27005,70412,20690,22650,40376,25616,33414,22857,27020,20380,19576,68283,19396
278,0.1012,0.1011,0.101,0.1009,0.1008,0.1007,0.1006,0.1005,0.1004,0.1003,0.1014,0.1015,0.1016,0.1017,0.1018,0.1019,0.102,0.1021,0.1022,0.1023,15895,49390,67966,44176,47762,26091,27005,70412,20690,20611,18603,41488,26150,23046,33306,23843,27020,20380,19576,68283
279,0.1012,0.1011,0.101,0.1009,0.1008,0.1007,0.1006,0.1005,0.1004,0.1003,0.1014,0.1015,0.1016,0.1017,0.1018,0.1019,0.102,0.1021,0.1022,0.1023,23289,39502,67966,44971,47762,26091,27005,21669,70451,20611,23179,35087,34969,20627,33306,23843,27020,20380,19576,68322
280,0.1013,0.1012,0.1011,0.101,0.1009,0.1008,0.1007,0.1006,0.1005,0.1004,0.1014,0.1015,0.1016,0.1017,0.1018,0.1019,0.102,0.1021,0.1022,0.1023,1095,38104,39502,75957,23177,52501,21353,27005,21669,70451,4576,38875,32550,22938,33414,23843,27020,20380,19576,68322
281,0.1012,0.1011,0.101,0.1009,0.1008,0.1007,0.1006,0.1005,0.1004,0.1003,0.1014,0.1015,0.1016,0.1017,0.1018,0.1019,0.102,0.1021,0.1022,0.1023,36889,44687,76421,23177,52475,21204,25790,20454,69236,19396,3788,29383,35616,22938,33414,23843,27020,20380,19931,68322
282,0.1012,0.1011,0.101,0.1009,0.1008,0.1007,0.1006,0.1005,0.1004,0.1003,0.1014,0.1015,0.1016,0.1017,0.1018,0.1019,0.102,0.1021,0.1022,0.1023,12192,48174,67725,38841,47736,25942,25790,20454,69236,19396,18603,41487,26150,23046,33306,23843,27020,20380,19931,68322
283,0.1012,0.1011,0.101,0.1009,0.1008,0.1007,0.1006,0.1005,0.1004,0.1003,0.1014,0.1015,0.1016,0.1017,0.1018,0.1019,0.102,0.1021,0.1022,0.1023,14680,48882,67725,38841,47736,25942,25790,20454,69236,19396,18603,41487,26150,23046,33306,23843,27020,20380,19931,68322
284,0.1012,0.1011,0.101,0.1009,0.1008,0.1007,0.1006,0.1005,0.1004,0.1003,0.1014,0.1015,0.1016,0.1017,0.1018,0.1019,0.102,0.1021,0.1022,0.1023,13195,48881,67725,38841,47736,25942,25790,20454,69254,19396,18603,41492,26150,23046,33306,23843,27020,20380,68882,19396
285,0.1012,0.1011,0.101,0.1009,0.1008,0.1007,0.1006,0.1005,0.1004,0.1003,0.1014,0.1015,0.1016,0.1017,0.1018,0.1019,0.102,0.1021,0.1022,0.1023,14680,48881,67725,36518,47762,25942,25790,20454,69254,19396,18603,41492,26150,23046,33306,23843,27020,20380,68882,19396
286,0.1012,0.1011,0.101,0.1009,0.1008,0.1007,0.1006,0.1005,0.1004,0.1003,0.1014,0.1015,0.1016,0.1017,0.1018,0.1019,0.102,0.1021,0.1022,0.1023,21917,38995,82389,84383,20741,25942,25790,20454,69254,19396,14815,45277,23466,25720,33306,23843,27020,20380,68882,19396
287,0.1012,0.1011,0.101,0.1009,0.1008,0.1007,0.1006,0.1005,0.1004,0.1003,0.1014,0.1015,0.1016,0.1017,0.1018,0.1019,0.102,0.1021,0.1022,0.1023,12040,48882,89918,84383,20741,25942,25790,20454,69254,19396,18603,37693,23466,25720,37102,23843,27020,20735,68527,19396
288,0.1012,0.1011,0.101,0.1009,0.1008,0.1007,0.1006,0.1005,0.1004,0.1003,0.1014,0.1015,0.1016,0.1017,0.1018,0.1019,0.102,0.1021,0.1022,0.1023,23047,81123,48833,84383,20741,25942,25790,20454,69254,19396,18603,37693,23466,25720,37102,23843,27020,20735,68527,19396
289,0.1013,0.1012,0.1011,0.101,0.1009,0.1008,0.1007,0.1006,0.1005,0.1004,0.1014,0.1015,0.1016,0.1017,0.1018,0.1019,0.102,0.1021,0.1022,0.1023,75,37862,81120,41734,50198,20741,25942,25790,20454,69254,8661,40813,24139,25720,37102,23843,27020,20735,68527,19396
290,0.1013,0.1012,0.1011,0.101,0.1009,0.1008,0.1007,0.1006,0.1005,0.1004,0.1014,0.1015,0.1016,0.1017,0.1018,0.1019,0.102,0.1021,0.1022,0.1023,75,37862,81118,41734,50198,20741,25942,25790,20454,69254,8661,34413,30539,25720,37102,23843,27020,20735,68527,19396
291,0.1013,0.1012,0.1011,0.101,0.1009,0.1008,0.1007,0.1006,0.1005,0.1004,0.1015,0.1016,0.1017,0.1018,0.1019,0.102,0.1021,0.1022,0.1023,0.1024,13650,47740,75832,37377,47540,26466,21353,25790,19468,69254,18854,33984,32012,37210,22857,27020,20735,68527,19396,19396
292,0.1013,0.1012,0.1011,0.101,0.1009,0.1008,0.1007,0.1006,0.1005,0.1004,0.1015,0.1016,0.1017,0.1018,0.1019,0.102,0.1021,0.1022,0.1023,0.1024,18060,47740,83640,56807,20519,26466,21417,25790,19468,69254,18790,33984,32012,37210,22857,27020,20735,68527,19396,19396
293,0.1013,0.1012,0.1011,0.101,0.1009,0.1008,0.1007,0.1006,0.1005,0.1004,0.1015,0.1016,0.1017,0.1018,0.1019,0.102,0.1021,0.1022,0.1023,0.1024,7084,47744,82938,56807,20519,26466,21417,25790,19468,69254,18790,40388,25612,37210,23843,27020,20735,68527,19396,19396
294,0.1013,0.1012,0.1011,0.101,0.1009,0.1008,0.1007,0.1006,0.1005,0.1004,0.1015,0.1016,0.1017,0.1018,0.1019,0.102,0.1021,0.1022,0.1023,0.1024,7217,40071,53539,67549,50223,25480,21417,25790,20454,69254,18790,40387,25612,37210,23843,27020,20735,68527,19396,19396
295,0.1013,0.1012,0.1011,0.101,0.1009,0.1008,0.1007,0.1006,0.1005,0.1004,0.1015,0.1016,0.1017,0.1018,0.1019,0.102,0.1021,0.1022,0.1023,0.1024,5769,40071,46007,75077,50223,25480,21417,25790,20454,69254,18790,40387,25612,37210,23843,27020,20735,68527,19396,19396
296,0.1012,0.1011,0.101,0.1009,0.1008,0.1007,0.1006,0.1005,0.1004,0.1003,0.1014,0.1015,0.1016,0.1017,0.1018,0.1019,0.102,0.1021,0.1022,0.1023,16217,48829,67862,36513,47762,26155,25790,20454,69254,19396,18603,37634,23466,25720,37102,23843,27020,20735,68527,19396
297,0.1012,0.1011,0.101,0.1009,0.1008,0.1007,0.1006,0.1005,0.1004,0.1003,0.1014,0.1015,0.1016,0.1017,0.1018,0.1019,0.102,0.1021,0.1022,0.1023,5704,48829,67862,36513,47762,26155,25790,20454,69254,19396,18603,37634,28585,20627,37102,23843,27020,20735,68527,19396
298,0.1012,0.1011,0.101,0.1009,0.1008,0.1007,0.1006,0.1005,0.1004,0.1003,0.1014,0.1015,0.1016,0.1017,0.1018,0.1019,0.102,0.1021,0.1022,0.1023,5704,36779,43158,70271,47762,25168,25790,20454,69254,19396,18603,37634,28585,20627,37102,23843,27020,20735,68527,19396
299,0.1012,0.1011,0.101,0.1009,0.1008,0.1007,0.1006,0.1005,0.1004,0.1003,0.1014,0.1015,0.1016,0.1017,0.1018,0.1019,0.102,0.1021,0.1022,0.1023,11829,36779,43158,78084,47762,26155,25790,20690,69254,19396,18603,37634,26166,23046,37102,23843,27020,20735,68527,19396
300,0.1012,0.1011,0.101,0.1009,0.1008,0.1007,0.1006,0.1005,0.1004,0.1003,0.1014,0.1015,0.1016,0.1017,0.1018,0.1019,0.102,0.1021,0.1022,0.1023,14642,40078,43158,70547,47762,26155,25790,20690,69254,19396,18603,37634,26166,23046,37102,23843,27020,20735,68527,19396
301,0.1012,0.1011,0.101,0.1009,0.1008,0.1007,0.1006,0.1005,0.1004,0.1003,0.1014,0.1015,0.1016,0.1017,0.1018,0.1019,0.102,0.1021,0.1022,0.1023,14493,40078,50697,70547,47762,26155,25790,25257,69254,19396,18603,41830,26166,23046,32906,23843,27020,20735,68527,19396
302,0.1012,0.1011,0.101,0.1009,0.1008,0.1007,0.1006,0.1005,0.1004,0.1003,0.1014,0.1015,0.1016,0.1017,0.1018,0.1019,0.102,0.1021,0.1022,0.1023,14493,40078,43158,78087,47762,26006,25939,25248,69254,19396,18603,41830,26166,23046,32906,23843,27020,20735,68527,19396
303,0.1012,0.1011,0.101,0.1009,0.1008,0.1007,0.1006,0.1005,0.1004,0.1003,0.1014,0.1015,0.1016,0.1017,0.1018,0.1019,0.102,0.1021,0.1022,0.1023,14493,40078,43158,78086,47762,26006,25939,25248,69254,19396,18603,41830,26166,23046,32906,23843,27020,20735,68527,19396
304,0.1012,0.1011,0.101,0.1009,0.1008,0.1007,0.1006,0.1005,0.1004,0.1003,0.1014,0.1015,0.1016,0.1017,0.1018,0.1019,0.102,0.1021,0.1022,0.1023,14493,40078,43158,78086,47762,26006,26104,25248,69254,19396,18603,41830,26166,23046,32906,23843,27020,20735,68527,19396
305,0.1012,0.1011,0.101,0.1009,0.1008,0.1007,0.1006,0.1005,0.1004,0.1003,0.1014,0.1015,0.1016,0.1017,0.1018,0.1019,0.102,0.1021,0.1022,0.1023,14493,40078,43158,78088,47762,26155,25955,25228,69254,19396,18603,41830,26166,23046,32906,23843,27020,20735,68527,19396
306,0.1012,0.1011,0.101,0.1009,0.1008,0.1007,0.1006,0.1005,0.1004,0.1003,0.1014,0.1015,0.1016,0.1017,0.1018,0.1019,0.102,0.1021,0.1022,0.1023,14493,40078,57222,91889,20741,26155,25955,25228,69254,19396,14815,39218,32566,23046,32906,23843,27020,20735,68527,19396
307,0.1013,0.1012,0.1011,0.101,0.1009,0.1008,0.1007,0.1006,0.1005,0.1004,0.1015,0.1016,0.1017,0.1018,0.1019,0.102,0.1021,0.1022,0.1023,0.1024,37243,37609,41778,72322,59292,21728,21353,25955,24242,69254,4383,33312,27594,37990,22965,26034,20735,68527,19396,19396
308,0.1013,0.1012,0.1011,0.101,0.1009,0.1008,0.1007,0.1006,0.1005,0.1004,0.1015,0.1016,0.1017,0.1018,0.1019,0.102,0.1021,0.1022,0.1023,0.1024,38905,77686,48839,83805,25534,21941,21204,25955,24242,69254,4383,33312,27594,37990,22965,26034,20735,68527,19396,19396
309,0.1014,0.1013,0.1012,0.1011,0.101,0.1009,0.1008,0.1007,0.1006,0.1005,0.1016,0.1017,0.1018,0.1019,0.102,0.1021,0.1022,0.1023,0.1024,0.1025,31133,48777,74877,34698,55790,20795,21877,20383,25955,19675,2947,37433,37911,25384,19396,27544,68527,19396,19396,19864
310,0.1014,0.1013,0.1012,0.1011,0.101,0.1009,0.1008,0.1007,0.1006,0.1005,0.1016,0.1017,0.1018,0.1019,0.102,0.1021,0.1022,0.1023,0.1024,0.1025,31133,46182,74863,35559,55978,21780,21655,20383,24967,19675,1307,39140,37911,28331,19396,27544,68527,19396,19396,19864
311,0.1014,0.1013,0.1012,0.1011,0.101,0.1009,0.1008,0.1007,0.1006,0.1005,0.1016,0.1017,0.1018,0.1019,0.102,0.1021,0.1022,0.1023,0.1024,0.1025,20519,36670,38382,83294,51239,26496,21655,20600,24967,19675,13672,27594,37911,28331,19751,27189,68527,19396,19396,19864
312,0.1014,0.1013,0.1012,0.1011,0.101,0.1009,0.1008,0.1007,0.1006,0.1005,0.1016,0.1017,0.1018,0.1019,0.102,0.1021,0.1022,0.1023,0.1024,0.1025,20519,39349,52302,60715,24271,53613,21506,20600,24967,19675,3828,37433,40330,25912,19751,27189,68527,19396,19396,19864
313,0.1014,0.1013,0.1012,0.1011,0.101,0.1009,0.1008,0.1007,0.1006,0.1005,0.1016,0.1017,0.1018,0.1019,0.102,0.1021,0.1022,0.1023,0.1024,0.1025,20519,39850,35161,40358,24271,53613,21506,20600,24967,19675,6710,37433,40330,25912,19751,27189,68527,19396,19396,19864
314,0.1014,0.1013,0.1012,0.1011,0.101,0.1009,0.1008,0.1007,0.1006,0.1005,0.1016,0.1017,0.1018,0.1019,0.102,0.1021,0.1022,0.1023,0.1024,0.1025,22088,38582,33572,23000,24271,53464,21655,20383,24967,19468,5184,37432,40330,25912,19751,27189,68527,19396,19396,19864
315,0.1014,0.1013,0.1012,0.1011,0.101,0.1009,0.1008,0.1007,0.1006,0.1005,0.1016,0.1017,0.1018,0.1019,0.102,0.1021,0.1022,0.1023,0.1024,0.1025,16126,38582,39067,68761,51239,26243,21909,20383,24967,19468,5184,37432,40330,25912,19751,27189,68527,20381,19396,19864
316,0.1014,0.1013,0.1012,0.1011,0.101,0.1009,0.1008,0.1007,0.1006,0.1005,0.1016,0.1017,0.1018,0.1019,0.102,0.1021,0.1022,0.1023,0.1024,0.1025,16126,38582,39067,68761,51239,26243,21909,20383,24967,19468,5184,31032,46730,25912,19751,27189,68527,20381,19396,19864
317,0.1014,0.1013,0.1012,0.1011,0.101,0.1009,0.1008,0.1007,0.1006,0.1005,0.1016,0.1017,0.1018,0.1019,0.102,0.1021,0.1022,0.1023,0.1024,0.1025,23991,38401,57443,117743,22537,26496,28370,69043,18205,19468,8328,30354,36169,31044,25541,19396,27383,20381,20381,69007
318,0.1014,0.1013,0.1012,0.1011,0.101,0.1009,0.1008,0.1007,0.1006,0.1005,0.1016,0.1017,0.1018,0.1019,0.102,0.1021,0.1022,0.1023,0.1024,0.1025,33259,38401,58546,117743,22537,26496,28370,69043,18205,19468,8210,30354,32600,31044,25541,22965,27383,20381,20381,69007
319,0.1014,0.1013,0.1012,0.1011,0.101,0.1009,0.1008,0.1007,0.1006,0.1005,0.1016,0.1017,0.1018,0.1019,0.102,0.1021,0.1022,0.1023,0.1024,0.1025,33259,45902,57443,117743,22537,26496,28370,69043,18205,19468,8210,30354,32600,25164,27960,22965,30844,20381,20381,69007
320,0.1014,0.1013,0.1012,0.1011,0.101,0.1009,0.1008,0.1007,0.1006,0.1005,0.1016,0.1017,0.1018,0.1019,0.102,0.1021,0.1022,0.1023,0.1024,0.1025,26926,45898,57443,117743,22537,26496,28370,69208,18040,19468,8210,30354,32600,25164,27960,22965,30844,20381,20736,68652
321,0.1014,0.1013,0.1012,0.1011,0.101,0.1009,0.1008,0.1007,0.1006,0.1005,0.1016,0.1017,0.1018,0.1019,0.102,0.1021,0.1022,0.1023,0.1024,0.1025,26926,38401,64942,117743,22537,26496,28370,69208,18040,19468,8210,30354,32600,25164,27960,22965,30844,20381,20736,68652
322,0.1013,0.1012,0.1011,0.101,0.1009,0.1008,0.1007,0.1006,0.1005,0.1004,0.1015,0.1016,0.1017,0.1018,0.1019,0.102,0.1021,0.1022,0.1023,0.1024,38997,59056,91903,102538,26496,28370,69208,18040,19468,19475,7170,30365,27589,25532,27583,25541,23950,30844,20381,20736
323,0.1013,0.1012,0.1011,0.101,0.1009,0.1008,0.1007,0.1006,0.1005,0.1004,0.1015,0.1016,0.1017,0.1018,0.1019,0.102,0.1021,0.1022,0.1023,0.1024,38997,66569,84396,102538,26496,28370,69208,18040,19468,19475,7170,30365,27589,28186,24870,25541,23950,30844,20381,20736
324,0.1013,0.1012,0.1011,0.101,0.1009,0.1008,0.1007,0.1006,0.1005,0.1004,0.1015,0.1016,0.1017,0.1018,0.1019,0.102,0.1021,0.1022,0.1023,0.1024,38997,66572,84396,102538,26243,28535,69043,18040,19468,19475,9676,30365,27589,28186,24870,26527,23950,30844,20381,20736
325,0.1013,0.1012,0.1011,0.101,0.1009,0.1008,0.1007,0.1006,0.1005,0.1004,0.1015,0.1016,0.1017,0.1018,0.1019,0.102,0.1021,0.1022,0.1023,0.1024,44875,77901,57968,110216,26496,28535,69043,18040,19468,19475,9676,30365,27589,28186,24870,26527,23950,30844,20381,20736
326,0.1013,0.1012,0.1011,0.101,0.1009,0.1008,0.1007,0.1006,0.1005,0.1004,0.1015,0.1016,0.1017,0.1018,0.1019,0.102,0.1021,0.1022,0.1023,0.1024,44875,77901,50452,83221,26496,28535,69043,18040,19468,19475,9676,36765,21189,28186,24870,26527,23950,30844,20381,20736
327,0.1013,0.1012,0.1011,0.101,0.1009,0.1008,0.1007,0.1006,0.1005,0.1004,0.1014,0.1015,0.1016,0.1017,0.1018,0.1019,0.102,0.1021,0.1022,0.1023,6519,55122,80920,57437,22077,27699,69043,27013,20773,20780,1305,10926,36765,22494,32018,23648,27832,32014,25327,21686
328,0.1013,0.1012,0.1011,0.101,0.1009,0.1008,0.1007,0.1006,0.1005,0.1004,0.1014,0.1015,0.1016,0.1017,0.1018,0.1019,0.102,0.1021,0.1022,0.1023,6519,55122,78382,56631,22077,27699,69864,27013,20773,20780,1305,15558,27584,21824,32018,23648,27832,32014,25327,70614
329,0.1014,0.1013,0.1012,0.1011,0.101,0.1009,0.1008,0.1007,0.1006,0.1005,0.1015,0.1016,0.1017,0.1018,0.1019,0.102,0.1021,0.1022,0.1023,0.1024,3770,43358,53417,70178,50431,27802,22960,69864,27013,20773,3811,15552,28898,29491,26175,26846,32014,25327,70614,22041
330,0.1016,0.1015,0.1014,0.1013,0.1012,0.1011,0.101,0.1009,0.1008,0.1007,0.1017,0.1018,0.1019,0.102,0.1021,0.1022,0.1023,0.1024,0.1025,0.1026,1305,26339,40353,46045,50006,54480,26458,23063,29625,69864,11635,43729,26363,29265,24378,32066,70614,22041,21169,20701
331,0.1016,0.1015,0.1014,0.1013,0.1012,0.1011,0.101,0.1009,0.1008,0.1007,0.1017,0.1018,0.1019,0.102,0.1021,0.1022,0.1023,0.1024,0.1025,0.1026,1305,26592,46753,35317,23065,82239,26458,23063,29625,69043,11635,39933,26363,29265,28174,32066,70614,22041,21169,20701
332,0.1016,0.1015,0.1014,0.1013,0.1012,0.1011,0.101,0.1009,0.1008,0.1007,0.1017,0.1018,0.1019,0.102,0.1021,0.1022,0.1023,0.1024,0.1025,0.1026,1305,34904,36891,35574,23065,82239,26458,23063,29625,69043,4626,33533,32763,29265,28174,32066,70614,22041,21169,20701
333,0.1016,0.1015,0.1014,0.1013,0.1012,0.1011,0.101,0.1009,0.1008,0.1007,0.1017,0.1018,0.1019,0.102,0.1021,0.1022,0.1023,0.1024,0.1025,0.1026,1305,25051,39819,41974,23065,82388,26458,23063,29476,69043,1305,34656,32763,29265,28174,32066,70614,22041,21169,20701
334,0.1016,0.1015,0.1014,0.1013,0.1012,0.1011,0.101,0.1009,0.1008,0.1007,0.1017,0.1018,0.1019,0.102,0.1021,0.1022,0.1023,0.1024,0.1025,0.1026,1305,25949,44138,43662,50183,60187,21503,23063,29476,69043,1305,40389,24331,31971,28174,31886,21686,22041,21169,20701
335,0.1016,0.1015,0.1014,0.1013,0.1012,0.1011,0.101,0.1009,0.1008,0.1007,0.1017,0.1018,0.1019,0.102,0.1021,0.1022,0.1023,0.1024,0.1025,0.1026,1305,36413,34280,43671,50183,60187,21503,23063,29476,69043,1305,38811,30731,31971,28174,31886,21686,22041,21169,20701
336,0.1015,0.1014,0.1013,0.1012,0.1011,0.101,0.1009,0.1008,0.1007,0.1006,0.1017,0.1018,0.1019,0.102,0.1021,0.1022,0.1023,0.1024,0.1025,0.1026,16120,44138,35640,23268,87128,21503,23063,29476,69043,19345,7009,41064,26330,29373,28066,31886,21686,22041,21169,20701
337,0.1015,0.1014,0.1013,0.1012,0.1011,0.101,0.1009,0.1008,0.1007,0.1006,0.1016,0.1017,0.1018,0.1019,0.102,0.1021,0.1022,0.1023,0.1024,0.1025,1305,50324,62160,48386,53167,21503,23063,29476,69043,19345,1305,16843,31239,26330,29373,28066,31886,21686,22041,69998
338,0.1014,0.1013,0.1012,0.1011,0.101,0.1009,0.1008,0.1007,0.1006,0.1005,0.1015,0.1016,0.1017,0.1018,0.1019,0.102,0.1021,0.1022,0.1023,0.1024,2771,49547,80432,56578,20668,27795,30297,69043,19345,20773,1305,16853,28888,24164,28749,26954,29050,31886,21686,22221
339,0.1013,0.1012,0.1011,0.101,0.1009,0.1008,0.1007,0.1006,0.1005,0.1004,0.1015,0.1016,0.1017,0.1018,0.1019,0.102,0.1021,0.1022,0.1023,0.1024,42508,73843,44138,74644,27795,23632,69043,26160,20773,20780,7009,31668,28888,29283,23648,26954,29050,31886,21686,22221
340,0.1014,0.1013,0.1012,0.1011,0.101,0.1009,0.1008,0.1007,0.1006,0.1005,0.1015,0.1016,0.1017,0.1018,0.1019,0.102,0.1021,0.1022,0.1023,0.1024,3770,37209,54762,76213,50334,27763,23632,20381,75865,20773,7009,16858,28894,26845,26175,27831,35865,25147,21686,22221
341,0.1014,0.1013,0.1012,0.1011,0.101,0.1009,0.1008,0.1007,0.1006,0.1005,0.1016,0.1017,0.1018,0.1019,0.102,0.1021,0.1022,0.1023,0.1024,0.1025,11528,37209,62275,73403,50334,27763,23632,20381,75865,20773,16858,28894,26845,26175,26846,35865,25147,21686,22221,69998
342,0.1015,0.1014,0.1013,0.1012,0.1011,0.101,0.1009,0.1008,0.1007,0.1006,0.1016,0.1017,0.1018,0.1019,0.102,0.1021,0.1022,0.1023,0.1024,0.1025,3768,39442,39442,73083,62203,26386,22810,30331,19396,69050,1305,16847,31228,26470,29265,34881,25147,21686,22221,69998
343,0.1015,0.1014,0.1013,0.1012,0.1011,0.101,0.1009,0.1008,0.1007,0.1006,0.1016,0.1017,0.1018,0.1019,0.102,0.1021,0.1022,0.1023,0.1024,0.1025,3768,39442,39442,73084,57487,26386,22810,30331,19396,69050,1305,23247,24828,26470,29265,34881,25147,21686,22221,69998
344,0.1016,0.1015,0.1014,0.1013,0.1012,0.1011,0.101,0.1009,0.1008,0.1007,0.1018,0.1019,0.102,0.1021,0.1022,0.1023,0.1024,0.1025,0.1026,0.1027,18580,39787,37169,44945,50144,54822,26386,22810,30331,19396,13804,39865,25783,34319,31788,21686,22221,69998,20701,7081
345,0.1017,0.1016,0.1015,0.1014,0.1013,0.1012,0.1011,0.101,0.1009,0.1008,0.1019,0.102,0.1021,0.1022,0.1023,0.1024,0.1025,0.1026,0.1027,0.1028,16120,40152,36337,36201,25501,26234,54614,21504,79042,21824,25662,27775,39288,27217,28373,22221,69998,20701,7081,21824
346,0.1017,0.1016,0.1015,0.1014,0.1013,0.1012,0.1011,0.101,0.1009,0.1008,0.1018,0.1019,0.102,0.1021,0.1022,0.1023,0.1024,0.1025,0.1026,0.1027,1305,34383,36735,45614,52389,26235,54614,21504,79042,21824,1305,7009,37585,39288,27217,27388,22221,69998,20701,7081
347,0.1018,0.1017,0.1016,0.1015,0.1014,0.1013,0.1012,0.1011,0.101,0.1009,0.1019,0.102,0.1021,0.1022,0.1023,0.1024,0.1025,0.1026,0.1027,0.1028,1305,39482,44120,65088,24555,27573,21501,54614,22809,79042,5688,7683,44264,32231,26954,28884,69998,20701,7081,21824
348,0.1018,0.1017,0.1016,0.1015,0.1014,0.1013,0.1012,0.1011,0.101,0.1009,0.1019,0.102,0.1021,0.1022,0.1023,0.1024,0.1025,0.1026,0.1027,0.1028,1305,46207,49102,71885,24555,27573,21501,54614,22809,79042,5688,32303,34466,32231,26954,28884,69998,20701,7081,21824
349,0.1018,0.1017,0.1016,0.1015,0.1014,0.1013,0.1012,0.1011,0.101,0.1009,0.1019,0.102,0.1021,0.1022,0.1023,0.1024,0.1025,0.1026,0.1027,0.1028,1305,38172,30756,52667,48726,30258,21501,54614,22809,79042,5688,32307,39576,27109,26954,28884,69998,20701,7081,21824
350,0.1017,0.1016,0.1015,0.1014,0.1013,0.1012,0.1011,0.101,0.1009,0.1008,0.1019,0.102,0.1021,0.1022,0.1023,0.1024,0.1025,0.1026,0.1027,0.1028,16120,49308,73291,44946,52412,26235,21500,22809,78056,21824,11392,38707,30757,29636,26846,28884,69998,20701,7081,21824
351,0.1017,0.1016,0.1015,0.1014,0.1013,0.1012,0.1011,0.101,0.1009,0.1008,0.1019,0.102,0.1021,0.1022,0.1023,0.1024,0.1025,0.1026,0.1027,0.1028,16120,49308,76930,37469,52412,26235,21500,22809,78056,21824,21207,28898,30757,29636,26846,28884,69998,20701,7081,21824
352,0.1018,0.1017,0.1016,0.1015,0.1014,0.1013,0.1012,0.1011,0.101,0.1009,0.1019,0.102,0.1021,0.1022,0.1023,0.1024,0.1025,0.1026,0.1027,0.1028,1305,38525,45869,70522,21824,57146,21501,21500,22809,78056,5688,38707,27188,29528,26954,32453,69998,20701,7081,21824
353,0.1018,0.1017,0.1016,0.1015,0.1014,0.1013,0.1012,0.1011,0.101,0.1009,0.1019,0.102,0.1021,0.1022,0.1023,0.1024,0.1025,0.1026,0.1027,0.1028,1305,31658,45869,77714,48699,30048,21501,21712,22809,78056,5688,30037,27188,26067,20809,32453,73459,20701,7081,21824
354,0.1017,0.1016,0.1015,0.1014,0.1013,0.1012,0.1011,0.101,0.1009,0.1008,0.1019,0.102,0.1021,0.1022,0.1023,0.1024,0.1025,0.1026,0.1027,0.1028,25954,39469,76643,63727,25326,26223,21712,22809,78056,21824,11392,44852,27188,26175,20701,32453,73459,20701,7081,21824
355,0.1018,0.1017,0.1016,0.1015,0.1014,0.1013,0.1012,0.1011,0.101,0.1009,0.1019,0.102,0.1021,0.1022,0.1023,0.1024,0.1025,0.1026,0.1027,0.1028,1305,42186,45869,64723,29293,56936,21501,21712,22809,78056,5688,44852,27188,26067,20809,32453,73459,20701,7081,21824
356,0.1019,0.1018,0.1017,0.1016,0.1015,0.1014,0.1013,0.1012,0.1011,0.101,0.102,0.1021,0.1022,0.1023,0.1024,0.1025,0.1026,0.1027,0.1028,0.1029,1305,21824,38171,45869,64007,29442,49529,21501,28180,22809,1305,41380,26319,29265,31396,25611,20701,7081,22004,67884
357,0.1018,0.1017,0.1016,0.1015,0.1014,0.1013,0.1012,0.1011,0.101,0.1009,0.1019,0.102,0.1021,0.1022,0.1023,0.1024,0.1025,0.1026,0.1027,0.1028,3414,41472,53332,63237,22019,54252,21501,21500,22809,71356,1305,7009,40697,26067,26954,24625,25611,20701,7081,22004
358,0.1018,0.1017,0.1016,0.1015,0.1014,0.1013,0.1012,0.1011,0.101,0.1009,0.1019,0.102,0.1021,0.1022,0.1023,0.1024,0.1025,0.1026,0.1027,0.1028,4890,41472,45869,76973,48894,28345,21501,21500,21824,71356,1305,16814,30897,23648,29373,24625,25611,20701,7081,22004
359,0.1017,0.1016,0.1015,0.1014,0.1013,0.1012,0.1011,0.101,0.1009,0.1008,0.1018,0.1019,0.102,0.1021,0.1022,0.1023,0.1024,0.1025,0.1026,0.1027,1305,55708,76973,55750,22641,26431,21500,21824,71356,21824,1305,16823,28224,30642,26175,20701,25607,25143,20701,55815
360,0.1017,0.1016,0.1015,0.1014,0.1013,0.1012,0.1011,0.101,0.1009,0.1008,0.1018,0.1019,0.102,0.1021,0.1022,0.1023,0.1024,0.1025,0.1026,0.1027,1305,55708,77107,55750,22641,26431,21500,21824,71356,21824,1305,16823,28224,30642,26175,20701,25607,25143,20701,55815
361,0.1017,0.1016,0.1015,0.1014,0.1013,0.1012,0.1011,0.101,0.1009,0.1008,0.1018,0.1019,0.102,0.1021,0.1022,0.1023,0.1024,0.1025,0.1026,0.1027,1305,55708,79957,55777,25322,26431,21500,28527,71356,21824,1305,16823,28894,33323,26175,20701,32310,25143,20701,55815
362,0.1017,0.1016,0.1015,0.1014,0.1013,0.1012,0.1011,0.101,0.1009,0.1008,0.1018,0.1019,0.102,0.1021,0.1022,0.1023,0.1024,0.1025,0.1026,0.1027,1112,55708,79956,55777,30026,26431,21500,29725,71356,21824,1305,16823,28894,33323,26175,20701,32310,25143,20701,55815
363,0.1018,0.1017,0.1016,0.1015,0.1014,0.1013,0.1012,0.1011,0.101,0.1009,0.1019,0.102,0.1021,0.1022,0.1023,0.1024,0.1025,0.1026,0.1027,0.1028,1305,25326,55708,72484,53426,30044,22111,21500,29725,71356,1305,38704,33323,26067,20809,32310,25143,20701,55815,22472
364,0.1018,0.1017,0.1016,0.1015,0.1014,0.1013,0.1012,0.1011,0.101,0.1009,0.1019,0.102,0.1021,0.1022,0.1023,0.1024,0.1025,0.1026,0.1027,0.1028,1305,40863,45869,72519,56316,27364,21903,21500,29725,71356,1305,38703,24497,28762,26954,32310,25143,21682,55815,22472
365,0.1019,0.1018,0.1017,0.1016,0.1015,0.1014,0.1013,0.1012,0.1011,0.101,0.102,0.1021,0.1022,0.1023,0.1024,0.1025,0.1026,0.1027,0.1028,0.1029,1305,16120,44414,39469,64119,56339,23622,21754,21500,28743,1305,37583,26343,29265,32418,25143,21682,55815,22472,21824
366,0.1018,0.1017,0.1016,0.1015,0.1014,0.1013,0.1012,0.1011,0.101,0.1009,0.1019,0.102,0.1021,0.1022,0.1023,0.1024,0.1025,0.1026,0.1027,0.1028,1305,38014,45869,71224,59071,28345,21754,21500,28743,71356,1305,21824,37583,28762,26954,36106,25143,21682,55815,22472
367,0.1018,0.1017,0.1016,0.1015,0.1014,0.1013,0.1012,0.1011,0.101,0.1009,0.1019,0.102,0.1021,0.1022,0.1023,0.1024,0.1025,0.1026,0.1027,0.1028,1305,26452,55710,71224,51603,28344,21754,21500,28743,71356,1305,32305,29810,26067,26954,36106,25143,21682,55815,22472
368,0.1018,0.1017,0.1016,0.1015,0.1014,0.1013,0.1012,0.1011,0.101,0.1009,0.1019,0.102,0.1021,0.1022,0.1023,0.1024,0.1025,0.1026,0.1027,0.1028,1305,36286,45869,71228,51616,28492,21754,21500,28723,71356,1305,32305,29810,26067,26954,36106,25143,21682,55815,22472
369,0.1019,0.1018,0.1017,0.1016,0.1015,0.1014,0.1013,0.1012,0.1011,0.101,0.102,0.1021,0.1022,0.1023,0.1024,0.1025,0.1026,0.1027,0.1028,0.1029,1305,25944,34581,39469,64111,56336,23770,21754,21500,28723,1305,37569,26338,29265,35232,25143,21682,55815,22472,21824
370,0.1019,0.1018,0.1017,0.1016,0.1015,0.1014,0.1013,0.1012,0.1011,0.101,0.102,0.1021,0.1022,0.1023,0.1024,0.1025,0.1026,0.1027,0.1028,0.1029,1195,32932,34581,30756,29948,56336,23770,21754,21500,28723,1305,37569,26338,29265,35232,25143,21682,55815,22472,21824
371,0.1019,0.1018,0.1017,0.1016,0.1015,0.1014,0.1013,0.1012,0.1011,0.101,0.102,0.1021,0.1022,0.1023,0.1024,0.1025,0.1026,0.1027,0.1028,0.1029,1195,34311,42269,59435,22494,56310,23770,21754,21500,28723,1305,37569,26338,29265,35232,25143,21682,55815,22472,21824
372,0.1019,0.1018,0.1017,0.1016,0.1015,0.1014,0.1013,0.1012,0.1011,0.101,0.102,0.1021,0.1022,0.1023,0.1024,0.1025,0.1026,0.1027,0.1028,0.1029,1195,25944,42269,59432,22494,56310,23622,21754,21500,28773,1305,37569,26338,29265,35232,25143,21682,55815,22472,21824
373,0.1018,0.1017,0.1016,0.1015,0.1014,0.1013,0.1012,0.1011,0.101,0.1009,0.1019,0.102,0.1021,0.1022,0.1023,0.1024,0.1025,0.1026,0.1027,0.1028,1305,26438,51385,42884,22689,56963,21754,21500,28773,71356,1305,35052,29802,26067,26954,36105,25323,21682,55815,22292
374,0.1016,0.1015,0.1014,0.1013,0.1012,0.1011,0.101,0.1009,0.1008,0.1007,0.1018,0.1019,0.102,0.1021,0.1022,0.1023,0.1024,0.1025,0.1026,0.1027,28568,46982,36546,32837,52394,21500,22856,71356,28593,20701,7009,43089,24555,23228,23648,27828,36105,25323,21682,55815
375,0.1017,0.1016,0.1015,0.1014,0.1013,0.1012,0.1011,0.101,0.1009,0.1008,0.1019,0.102,0.1021,0.1022,0.1023,0.1024,0.1025,0.1026,0.1027,0.1028,16120,40599,51326,70816,25355,52141,21500,22856,71356,28593,12866,40764,20701,26175,26846,36105,25323,21682,55815,22292
376,0.1018,0.1017,0.1016,0.1015,0.1014,0.1013,0.1012,0.1011,0.101,0.1009,0.1019,0.102,0.1021,0.1022,0.1023,0.1024,0.1025,0.1026,0.1027,0.1028,1305,31792,34738,37446,69135,30075,47421,21500,29631,71356,9921,34364,27101,26067,26954,36105,25323,21682,55815,22292
377,0.1017,0.1016,0.1015,0.1014,0.1013,0.1012,0.1011,0.101,0.1009,0.1008,0.1019,0.102,0.1021,0.1022,0.1023,0.1024,0.1025,0.1026,0.1027,0.1028,16120,44577,44918,72361,52243,26220,21500,29849,71356,21824,21770,40764,20701,26175,20701,36105,25323,21682,55815,22292
378,0.1018,0.1017,0.1016,0.1015,0.1014,0.1013,0.1012,0.1011,0.101,0.1009,0.1019,0.102,0.1021,0.1022,0.1023,0.1024,0.1025,0.1026,0.1027,0.1028,1305,28242,52040,38114,63656,54249,21500,21500,29631,71356,2142,32300,29773,26067,26954,35124,25323,21682,55815,22292
379,0.1019,0.1018,0.1017,0.1016,0.1015,0.1014,0.1013,0.1012,0.1011,0.101,0.102,0.1021,0.1022,0.1023,0.1024,0.1025,0.1026,0.1027,0.1028,0.1029,2587,34168,54133,36756,48673,63676,23622,21500,21500,28649,4383,38688,26346,36141,28529,31980,21682,55815,22292,21824
380,0.1019,0.1018,0.1017,0.1016,0.1015,0.1014,0.1013,0.1012,0.1011,0.101,0.102,0.1021,0.1022,0.1023,0.1024,0.1025,0.1026,0.1027,0.1028,0.1029,1282,40566,36858,36756,48673,63676,23622,21500,21500,28649,7950,23873,26346,34244,28529,31980,21682,55815,22292,21824
381,0.1018,0.1017,0.1016,0.1015,0.1014,0.1013,0.1012,0.1011,0.101,0.1009,0.102,0.1021,0.1022,0.1023,0.1024,0.1025,0.1026,0.1027,0.1028,0.1029,16120,40287,36447,47335,85818,28342,21500,21500,28649,71356,24839,38688,28765,26954,28421,31980,21682,55815,22292,21824
