timestamp,bid_price_0,bid_price_1,bid_price_2,bid_price_3,bid_price_4,bid_price_5,bid_price_6,bid_price_7,bid_price_8,bid_price_9,ask_price_0,ask_price_1,ask_price_2,ask_price_3,ask_price_4,ask_price_5,ask_price_6,ask_price_7,ask_price_8,ask_price_9,bid_size_0,bid_size_1,bid_size_2,bid_size_3,bid_size_4,bid_size_5,bid_size_6,bid_size_7,bid_size_8,bid_size_9,ask_size_0,ask_size_1,ask_size_2,ask_size_3,ask_size_4,ask_size_5,ask_size_6,ask_size_7,ask_size_8,ask_size_9
0,0.1022,0.1021,0.102,0.1019,0.1018,0.1017,0.1016,0.1015,0.1014,0.1013,0.1023,0.1024,0.1025,0.1026,0.1027,0.1028,0.1029,0.103,0.1031,0.1032,1215,27001,41739,75271,86425,59700,25401,27718,69519,20863,1215,36810,20638,43056,27214,21615,28042,21544,73043,21725
1,0.1022,0.1021,0.102,0.1019,0.1018,0.1017,0.1016,0.1015,0.1014,0.1013,0.1023,0.1024,0.1025,0.1026,0.1027,0.1028,0.1029,0.103,0.1031,0.1032,1215,36472,31910,66389,86398,45982,25374,27691,55800,20836,1637,36783,20611,26265,27187,21588,28015,21517,59324,21698
2,0.1022,0.1021,0.102,0.1019,0.1018,0.1017,0.1016,0.1015,0.1014,0.1013,0.1023,0.1024,0.1025,0.1026,0.1027,0.1028,0.1029,0.103,0.1031,0.1032,2780,36472,31910,66389,113168,20186,25375,27691,55800,20836,1637,30383,35244,34498,27187,20611,28015,21517,59324,21698
3,0.1022,0.1021,0.102,0.1019,0.1018,0.1017,0.1016,0.1015,0.1014,0.1013,0.1023,0.1024,0.1025,0.1026,0.1027,0.1028,0.1029,0.103,0.1031,0.1032,1296,32403,41711,66389,88193,39565,25375,27691,56031,20836,1637,30383,27011,23846,29606,20611,28015,21517,59324,21698
4,0.1022,0.1021,0.102,0.1019,0.1018,0.1017,0.1016,0.1015,0.1014,0.1013,0.1023,0.1024,0.1025,0.1026,0.1027,0.1028,0.1029,0.103,0.1031,0.1032,1215,31558,41711,58258,71442,39565,25375,27691,56031,20836,1637,36783,20611,26265,27187,20611,28015,21517,59324,21698
5,0.1022,0.1021,0.102,0.1019,0.1018,0.1017,0.1016,0.1015,0.1014,0.1013,0.1023,0.1024,0.1025,0.1026,0.1027,0.1028,0.1029,0.103,0.1031,0.1032,3661,36762,49162,86678,51670,46979,25375,27691,56031,20836,1637,30383,27011,23846,29606,20611,28015,21517,59324,21698
6,0.1022,0.1021,0.102,0.1019,0.1018,0.1017,0.1016,0.1015,0.1014,0.1013,0.1023,0.1024,0.1025,0.1026,0.1027,0.1028,0.1029,0.103,0.1031,0.1032,3661,36762,49162,93547,78440,12769,25375,27691,56031,20836,1637,30383,27011,23846,29606,20611,28015,21517,59324,21698
7,0.1021,0.102,0.1019,0.1018,0.1017,0.1016,0.1015,0.1014,0.1013,0.1012,0.1022,0.1023,0.1024,0.1025,0.1026,0.1027,0.1028,0.1029,0.103,0.1031,4302,41716,60340,60346,20780,56874,27691,56031,20836,7144,1715,20611,39533,23673,23304,28057,21588,28015,21517,59324
8,0.1019,0.1018,0.1017,0.1016,0.1015,0.1014,0.1013,0.1012,0.1011,0.101,0.1021,0.1022,0.1023,0.1024,0.1025,0.1026,0.1027,0.1028,0.1029,0.103,22494,44628,35526,47458,50522,19063,28639,22633,70302,5881,21111,36800,23668,23159,26864,21590,28216,70430,21588,20541
9,0.1019,0.1018,0.1017,0.1016,0.1015,0.1014,0.1013,0.1012,0.1011,0.101,0.102,0.1021,0.1022,0.1023,0.1024,0.1025,0.1026,0.1027,0.1028,0.1029,5140,16438,57043,113187,50522,19617,28639,22633,70302,5881,4310,30408,27165,21249,25829,26864,21590,27965,73377,21588
10,0.1017,0.1016,0.1015,0.1014,0.1013,0.1012,0.1011,0.101,0.1009,0.1008,0.1019,0.102,0.1021,0.1022,0.1023,0.1024,0.1025,0.1026,0.1027,0.1028,23563,68131,87563,48477,25614,27334,77365,5881,19825,6676,21111,33015,27011,23934,29448,20862,21591,28016,21661,73377
11,0.1018,0.1017,0.1016,0.1015,0.1014,0.1013,0.1012,0.1011,0.101,0.1009,0.102,0.1021,0.1022,0.1023,0.1024,0.1025,0.1026,0.1027,0.1028,0.1029,13500,39631,64687,100231,40827,30316,22633,77365,5881,19825,20611,30409,27653,31975,20862,21591,28016,21661,73377,21588
12,0.1018,0.1017,0.1016,0.1015,0.1014,0.1013,0.1012,0.1011,0.101,0.1009,0.1019,0.102,0.1021,0.1022,0.1023,0.1024,0.1025,0.1026,0.1027,0.1028,9736,42895,67361,89935,33354,33886,22633,77365,5881,19825,1369,33012,27011,21253,31975,20862,21591,28016,21661,73377
13,0.1018,0.1017,0.1016,0.1015,0.1014,0.1013,0.1012,0.1011,0.101,0.1009,0.102,0.1021,0.1022,0.1023,0.1024,0.1025,0.1026,0.1027,0.1028,0.1029,19481,42895,67361,108379,6479,33886,22633,77365,5881,19825,23206,36812,21253,31975,20862,21591,28016,21661,73377,21588
14,0.102,0.1019,0.1018,0.1017,0.1016,0.1015,0.1014,0.1013,0.1012,0.1011,0.1021,0.1022,0.1023,0.1024,0.1025,0.1026,0.1027,0.1028,0.1029,0.103,1215,29038,46953,27999,29352,113081,7459,35907,22633,70629,5598,36801,20759,26569,26756,21590,28065,73377,21588,20541
15,0.1019,0.1018,0.1017,0.1016,0.1015,0.1014,0.1013,0.1012,0.1011,0.101,0.1021,0.1022,0.1023,0.1024,0.1025,0.1026,0.1027,0.1028,0.1029,0.103,13170,40557,56425,74863,82319,12161,35907,21816,70629,5881,24994,36805,20759,24028,29292,21590,28065,73377,21588,20541
16,0.102,0.1019,0.1018,0.1017,0.1016,0.1015,0.1014,0.1013,0.1012,0.1011,0.1021,0.1022,0.1023,0.1024,0.1025,0.1026,0.1027,0.1028,0.1029,0.103,1215,42377,37137,42860,56175,87021,7459,35907,21816,70629,5598,36805,20759,24028,29292,20611,28065,73377,21588,20541
17,0.1021,0.102,0.1019,0.1018,0.1017,0.1016,0.1015,0.1014,0.1013,0.1012,0.1022,0.1023,0.1024,0.1025,0.1026,0.1027,0.1028,0.1029,0.103,0.1031,11503,44190,35438,38873,47407,30330,86836,7459,35907,20836,7865,20759,30633,23664,23297,26828,79768,21588,20541,10310
18,0.1021,0.102,0.1019,0.1018,0.1017,0.1016,0.1015,0.1014,0.1013,0.1012,0.1022,0.1023,0.1024,0.1025,0.1026,0.1027,0.1028,0.1029,0.103,0.1031,8359,44190,35438,38873,47407,30330,86836,7459,35907,20836,1465,30535,27262,23664,23297,26828,79768,21588,20541,6849
19,0.1021,0.102,0.1019,0.1018,0.1017,0.1016,0.1015,0.1014,0.1013,0.1012,0.1022,0.1023,0.1024,0.1025,0.1026,0.1027,0.1028,0.1029,0.103,0.1031,8587,44190,35438,38873,47407,30330,86836,7459,35907,20836,1465,30535,27262,23664,23297,26828,79768,21588,20541,6849
20,0.1023,0.1022,0.1021,0.102,0.1019,0.1018,0.1017,0.1016,0.1015,0.1014,0.1024,0.1025,0.1026,0.1027,0.1028,0.1029,0.103,0.1031,0.1032,0.1033,1215,29105,39074,60607,102168,25495,21588,21589,47836,55789,1215,30372,27011,27720,28803,21588,27821,55355,20541,7144
21,0.1024,0.1023,0.1022,0.1021,0.102,0.1019,0.1018,0.1017,0.1016,0.1015,0.1025,0.1026,0.1027,0.1028,0.1029,0.103,0.1031,0.1032,0.1033,0.1034,1215,36536,33720,51785,25431,106733,22401,21588,25149,30512,1215,30359,27334,26204,26864,21519,64625,20541,7144,24477
22,0.1025,0.1024,0.1023,0.1022,0.1021,0.102,0.1019,0.1018,0.1017,0.1016,0.1026,0.1027,0.1028,0.1029,0.103,0.1031,0.1032,0.1033,0.1034,0.1035,228,28714,37201,40760,39725,47460,79963,22401,31813,21589,1215,30677,27011,32484,20541,24464,27873,21811,24477,55023
23,0.1025,0.1024,0.1023,0.1022,0.1021,0.102,0.1019,0.1018,0.1017,0.1016,0.1026,0.1027,0.1028,0.1029,0.103,0.1031,0.1032,0.1033,0.1034,0.1035,1443,38480,33828,34507,39578,47460,79963,22401,31813,70762,1497,20934,36744,29915,23062,24463,27873,21811,24477,55023
24,0.1027,0.1026,0.1025,0.1024,0.1023,0.1022,0.1021,0.102,0.1019,0.1018,0.1028,0.1029,0.103,0.1031,0.1032,0.1033,0.1034,0.1035,0.1036,0.1037,706,30799,45803,36686,47385,34165,35893,21586,73167,21424,1215,20611,36905,29752,23201,21809,31393,7649,20368,23980
25,0.1026,0.1025,0.1024,0.1023,0.1022,0.1021,0.102,0.1019,0.1018,0.1017,0.1028,0.1029,0.103,0.1031,0.1032,0.1033,0.1034,0.1035,0.1036,0.1037,14582,44393,37471,47385,39792,35893,21586,125783,25204,20611,1215,30338,27192,29752,23201,20836,31393,21341,68638,23980
26,0.1026,0.1025,0.1024,0.1023,0.1022,0.1021,0.102,0.1019,0.1018,0.1017,0.1028,0.1029,0.103,0.1031,0.1032,0.1033,0.1034,0.1035,0.1036,0.1037,17837,41741,37094,41956,60818,35893,21586,125783,25204,20611,1215,30338,29611,27333,23201,21809,31393,21341,68638,23980
27,0.1026,0.1025,0.1024,0.1023,0.1022,0.1021,0.102,0.1019,0.1018,0.1017,0.1027,0.1028,0.1029,0.103,0.1031,0.1032,0.1033,0.1034,0.1035,0.1036,228,31320,44815,31812,34104,66300,21586,125783,25204,20611,1215,30342,27011,23859,29383,21514,21809,31393,21341,68638
28,0.1025,0.1024,0.1023,0.1022,0.1021,0.102,0.1019,0.1018,0.1017,0.1016,0.1026,0.1027,0.1028,0.1029,0.103,0.1031,0.1032,0.1033,0.1034,0.1035,1215,37742,42011,45230,34919,52017,119150,26178,27335,20683,1215,30349,27011,23664,23453,27661,21514,28176,24937,21341
29,0.1026,0.1025,0.1024,0.1023,0.1022,0.1021,0.102,0.1019,0.1018,0.1017,0.1027,0.1028,0.1029,0.103,0.1031,0.1032,0.1033,0.1034,0.1035,0.1036,1215,38849,35056,35639,32102,66312,21586,119150,26178,27335,1133,30344,27645,25764,26794,21514,28176,24937,21341,68638
30,0.1026,0.1025,0.1024,0.1023,0.1022,0.1021,0.102,0.1019,0.1018,0.1017,0.1027,0.1028,0.1029,0.103,0.1031,0.1032,0.1033,0.1034,0.1035,0.1036,1215,38849,46642,76882,36756,66312,21586,73227,26178,27335,1133,30344,27645,25764,26794,21514,28176,24937,21341,68638
31,0.1026,0.1025,0.1024,0.1023,0.1022,0.1021,0.102,0.1019,0.1018,0.1017,0.1027,0.1028,0.1029,0.103,0.1031,0.1032,0.1033,0.1034,0.1035,0.1036,1215,38849,46642,92457,36756,50789,21586,73227,26178,27335,1133,30344,27645,25764,26794,21514,28176,24937,21341,68638
32,0.1026,0.1025,0.1024,0.1023,0.1022,0.1021,0.102,0.1019,0.1018,0.1017,0.1027,0.1028,0.1029,0.103,0.1031,0.1032,0.1033,0.1034,0.1035,0.1036,1215,38849,46642,106359,56116,24110,28949,73227,26178,27335,1133,30344,27645,23345,29213,21514,28176,24937,21341,68638
33,0.1025,0.1024,0.1023,0.1022,0.1021,0.102,0.1019,0.1018,0.1017,0.1016,0.1026,0.1027,0.1028,0.1029,0.103,0.1031,0.1032,0.1033,0.1034,0.1035,1215,37740,52475,105416,19396,60343,73227,26178,27335,20683,1215,30267,27011,21245,25872,26686,21514,28176,24937,21341
34,0.1024,0.1023,0.1022,0.1021,0.102,0.1019,0.1018,0.1017,0.1016,0.1015,0.1026,0.1027,0.1028,0.1029,0.103,0.1031,0.1032,0.1033,0.1034,0.1035,28540,46075,111816,34483,59371,73227,26178,27335,20683,19925,1215,30267,27011,23834,23319,27661,27908,21809,24937,21341
35,0.1026,0.1025,0.1024,0.1023,0.1022,0.1021,0.102,0.1019,0.1018,0.1017,0.1027,0.1028,0.1029,0.103,0.1031,0.1032,0.1033,0.1034,0.1035,0.1036,1215,38432,35060,56479,122349,32422,21586,73227,26178,27335,1133,30343,27645,23313,29213,20541,28176,24937,21341,68638
36,0.1026,0.1025,0.1024,0.1023,0.1022,0.1021,0.102,0.1019,0.1018,0.1017,0.1027,0.1028,0.1029,0.103,0.1031,0.1032,0.1033,0.1034,0.1035,0.1036,1215,38432,35060,56479,122349,32422,21586,73227,26178,27335,1133,30343,27645,23313,29213,20541,28176,24937,21341,68638
37,0.1025,0.1024,0.1023,0.1022,0.1021,0.102,0.1019,0.1018,0.1017,0.1016,0.1026,0.1027,0.1028,0.1029,0.103,0.1031,0.1032,0.1033,0.1034,0.1035,926,37740,60710,99303,24054,59369,73227,26178,27335,20683,1588,30268,27011,21245,25840,26686,21515,28176,24937,21341
38,0.1024,0.1023,0.1022,0.1021,0.102,0.1019,0.1018,0.1017,0.1016,0.1015,0.1025,0.1026,0.1027,0.1028,0.1029,0.103,0.1031,0.1032,0.1033,0.1034,1215,38434,66742,94720,20611,64101,22398,32094,20683,69151,3654,30359,26929,23665,29287,20900,21516,27956,21809,73343
39,0.1024,0.1023,0.1022,0.1021,0.102,0.1019,0.1018,0.1017,0.1016,0.1015,0.1025,0.1026,0.1027,0.1028,0.1029,0.103,0.1031,0.1032,0.1033,0.1034,936,38434,60342,101120,20611,53161,25949,32095,20683,69151,3654,30359,26929,23665,29287,20900,21516,27956,21809,73343
40,0.1024,0.1023,0.1022,0.1021,0.102,0.1019,0.1018,0.1017,0.1016,0.1015,0.1026,0.1027,0.1028,0.1029,0.103,0.1031,0.1032,0.1033,0.1034,0.1035,17587,39099,61894,97402,47316,30635,25949,32095,20683,69151,3653,30269,27646,31706,20900,24463,27956,21809,73857,21341
41,0.1024,0.1023,0.1022,0.1021,0.102,0.1019,0.1018,0.1017,0.1016,0.1015,0.1025,0.1026,0.1027,0.1028,0.1029,0.103,0.1031,0.1032,0.1033,0.1034,389,28718,41116,59044,89739,56378,25949,32095,21659,69151,3654,30365,27816,25580,26864,21517,30830,21515,21809,73857
42,0.1023,0.1022,0.1021,0.102,0.1019,0.1018,0.1017,0.1016,0.1015,0.1014,0.1024,0.1025,0.1026,0.1027,0.1028,0.1029,0.103,0.1031,0.1032,0.1033,4171,26602,63107,104254,34562,60762,25371,21659,76643,6479,5459,30368,27011,21416,25688,27733,21517,30830,21515,21809
43,0.1022,0.1021,0.102,0.1019,0.1018,0.1017,0.1016,0.1015,0.1014,0.1013,0.1023,0.1024,0.1025,0.1026,0.1027,0.1028,0.1029,0.103,0.1031,0.1032,1215,30950,67120,98580,24807,52066,21659,30979,10275,20836,3660,32181,27011,26255,27033,20611,27986,21517,76609,21515
44,0.1022,0.1021,0.102,0.1019,0.1018,0.1017,0.1016,0.1015,0.1014,0.1013,0.1024,0.1025,0.1026,0.1027,0.1028,0.1029,0.103,0.1031,0.1032,0.1033,14165,41411,56650,98431,68342,21588,21659,30979,23967,70157,1215,30371,27645,31924,20719,27986,21517,76609,21515,20836
45,0.1022,0.1021,0.102,0.1019,0.1018,0.1017,0.1016,0.1015,0.1014,0.1013,0.1023,0.1024,0.1025,0.1026,0.1027,0.1028,0.1029,0.103,0.1031,0.1032,1215,37558,52127,102177,56238,38219,21659,30979,23967,70157,1215,30379,27011,21245,32032,20611,27986,21517,76609,21515
46,0.1016,0.1015,0.1014,0.1013,0.1012,0.1011,0.101,0.1009,0.1008,0.1007,0.1018,0.1019,0.102,0.1021,0.1022,0.1023,0.1024,0.1025,0.1026,0.1027,16016,42923,88780,60297,28718,26496,27345,69358,20368,20368,23067,27011,29202,23138,23231,32413,28667,26124,21768,25774
47,0.1013,0.1012,0.1011,0.101,0.1009,0.1008,0.1007,0.1006,0.1005,0.1004,0.1015,0.1016,0.1017,0.1018,0.1019,0.102,0.1021,0.1022,0.1023,0.1024,24249,48896,113025,54069,28464,21351,28301,21190,76958,20447,25848,30456,26463,23296,26864,21815,28440,30984,21594,26035
48,0.1013,0.1012,0.1011,0.101,0.1009,0.1008,0.1007,0.1006,0.1005,0.1004,0.1014,0.1015,0.1016,0.1017,0.1018,0.1019,0.102,0.1021,0.1022,0.1023,6354,48896,113025,53395,21037,33066,21574,21190,70193,20447,9033,29250,27011,19396,20719,26756,22801,26416,75259,21594
49,0.1012,0.1011,0.101,0.1009,0.1008,0.1007,0.1006,0.1005,0.1004,0.1003,0.1013,0.1014,0.1015,0.1016,0.1017,0.1018,0.1019,0.102,0.1021,0.1022,5428,46528,112170,56562,27919,26075,22400,70193,20447,20368,1851,31571,25796,20611,19504,20611,27743,22801,26667,75259
50,0.1012,0.1011,0.101,0.1009,0.1008,0.1007,0.1006,0.1005,0.1004,0.1003,0.1013,0.1014,0.1015,0.1016,0.1017,0.1018,0.1019,0.102,0.1021,0.1022,10068,46528,112170,51356,20368,33640,22400,70193,20447,20368,2468,31571,25796,20611,19504,20611,30162,25056,21993,75259
51,0.1012,0.1011,0.101,0.1009,0.1008,0.1007,0.1006,0.1005,0.1004,0.1003,0.1013,0.1014,0.1015,0.1016,0.1017,0.1018,0.1019,0.102,0.1021,0.1022,9310,48240,92561,26451,47403,33640,22400,70193,20447,20368,1961,34063,25796,20611,21923,20611,27743,25056,21993,75259
52,0.1013,0.1012,0.1011,0.101,0.1009,0.1008,0.1007,0.1006,0.1005,0.1004,0.1014,0.1015,0.1016,0.1017,0.1018,0.1019,0.102,0.1021,0.1022,0.1023,1215,39730,58127,123246,22755,33649,21351,22400,76999,20447,2467,34056,27689,22094,23286,34549,25056,22025,75079,21594
53,0.1012,0.1011,0.101,0.1009,0.1008,0.1007,0.1006,0.1005,0.1004,0.1003,0.1013,0.1014,0.1015,0.1016,0.1017,0.1018,0.1019,0.102,0.1021,0.1022,8294,48240,112061,55028,20368,26075,29956,76999,20447,20368,2468,35304,26465,23321,21923,20759,34549,25056,22025,75079
54,0.1012,0.1011,0.101,0.1009,0.1008,0.1007,0.1006,0.1005,0.1004,0.1003,0.1013,0.1014,0.1015,0.1016,0.1017,0.1018,0.1019,0.102,0.1021,0.1022,1215,42334,63075,97455,50081,32662,22392,76999,20447,20368,3685,37594,26463,23295,28068,21746,33078,20382,22025,75079
55,0.1011,0.101,0.1009,0.1008,0.1007,0.1006,0.1005,0.1004,0.1003,0.1002,0.1012,0.1013,0.1014,0.1015,0.1016,0.1017,0.1018,0.1019,0.102,0.1021,1215,46777,108131,34965,47429,34468,21428,21435,27020,20368,2470,37737,27689,22048,23138,25541,21746,33078,20382,22025
56,0.1012,0.1011,0.101,0.1009,0.1008,0.1007,0.1006,0.1005,0.1004,0.1003,0.1013,0.1014,0.1015,0.1016,0.1017,0.1018,0.1019,0.102,0.1021,0.1022,6034,29313,63741,98005,47403,33648,22177,28243,20447,70179,2468,23864,26463,23282,28068,20759,26272,27204,22025,75079
57,0.1011,0.101,0.1009,0.1008,0.1007,0.1006,0.1005,0.1004,0.1003,0.1002,0.1012,0.1013,0.1014,0.1015,0.1016,0.1017,0.1018,0.1019,0.102,0.1021,1215,50962,106045,37154,50378,28937,26150,21435,77777,20368,1215,36306,27693,22100,23138,30215,21997,32813,20382,25970
58,0.1011,0.101,0.1009,0.1008,0.1007,0.1006,0.1005,0.1004,0.1003,0.1002,0.1012,0.1013,0.1014,0.1015,0.1016,0.1017,0.1018,0.1019,0.102,0.1021,1215,50962,114094,57990,20603,33649,28138,21435,71004,20368,1037,37523,27678,22122,23138,30215,21997,32813,20382,25970
59,0.1011,0.101,0.1009,0.1008,0.1007,0.1006,0.1005,0.1004,0.1003,0.1002,0.1012,0.1013,0.1014,0.1015,0.1016,0.1017,0.1018,0.1019,0.102,0.1021,1215,49200,102365,43646,50381,32667,21427,21642,77678,20368,1215,37524,27682,22093,23138,31203,21997,32813,20382,25970
60,0.1011,0.101,0.1009,0.1008,0.1007,0.1006,0.1005,0.1004,0.1003,0.1002,0.1013,0.1014,0.1015,0.1016,0.1017,0.1018,0.1019,0.102,0.1021,0.1022,21505,59102,96868,32877,62688,21356,21427,21642,77678,20368,18128,27682,22093,23138,30215,21997,32813,20382,29539,72507
61,0.1011,0.101,0.1009,0.1008,0.1007,0.1006,0.1005,0.1004,0.1003,0.1002,0.1013,0.1014,0.1015,0.1016,0.1017,0.1018,0.1019,0.102,0.1021,0.1022,29986,59102,106623,50089,25327,28936,21427,21642,77678,20368,8302,39964,19396,23270,32742,21997,32813,20382,29539,72507
62,0.1011,0.101,0.1009,0.1008,0.1007,0.1006,0.1005,0.1004,0.1003,0.1002,0.1012,0.1013,0.1014,0.1015,0.1016,0.1017,0.1018,0.1019,0.102,0.1021,1215,49200,113944,56607,20603,33687,21427,21642,77678,20368,2470,37524,27682,22107,23138,30215,21997,32813,20382,29539
63,0.1011,0.101,0.1009,0.1008,0.1007,0.1006,0.1005,0.1004,0.1003,0.1002,0.1012,0.1013,0.1014,0.1015,0.1016,0.1017,0.1018,0.1019,0.102,0.1021,1525,49200,95946,56607,20603,33687,21427,21435,77678,20368,2470,43924,21282,24526,20719,30215,21997,32813,20382,29539
