timestamp,bid_price_0,bid_price_1,bid_price_2,bid_price_3,bid_price_4,bid_price_5,bid_price_6,bid_price_7,bid_price_8,bid_price_9,ask_price_0,ask_price_1,ask_price_2,ask_price_3,ask_price_4,ask_price_5,ask_price_6,ask_price_7,ask_price_8,ask_price_9,bid_size_0,bid_size_1,bid_size_2,bid_size_3,bid_size_4,bid_size_5,bid_size_6,bid_size_7,bid_size_8,bid_size_9,ask_size_0,ask_size_1,ask_size_2,ask_size_3,ask_size_4,ask_size_5,ask_size_6,ask_size_7,ask_size_8,ask_size_9
0,1.64,1.639,1.638,1.637,1.636,1.635,1.634,1.633,1.632,1.631,1.641,1.642,1.643,1.644,1.645,1.646,1.647,1.648,1.649,1.65,1045.72,6126.47,5963.11,8925.33,6382.6,8447.86,4560.12,4620.03,5390.85,2399.55,374.03,4434.02,9729.45,9186.01,8142.42,9451.86,5292.26,2751.16,2488.49,3193.43
1,1.64,1.639,1.638,1.637,1.636,1.635,1.634,1.633,1.632,1.631,1.641,1.642,1.643,1.644,1.645,1.646,1.647,1.648,1.649,1.65,1041.14,6126.47,5191.79,4325.67,6382.6,8635.47,4560.12,4620.03,5390.85,2399.55,564.06,6264.96,9092.27,10655.54,7136.55,11428.06,3320.95,2751.16,2488.49,3193.43
2,1.64,1.639,1.638,1.637,1.636,1.635,1.634,1.633,1.632,1.631,1.641,1.642,1.643,1.644,1.645,1.646,1.647,1.648,1.649,1.65,1075.43,6540.75,5478.63,6859.59,6382.6,8447.86,4525.48,4611.63,5390.85,2399.55,213.14,5878.52,8723.06,11312.2,8805.12,8935.34,3321.39,2751.16,2488.49,3193.43
3,1.64,1.639,1.638,1.637,1.636,1.635,1.634,1.633,1.632,1.631,1.641,1.642,1.643,1.644,1.645,1.646,1.647,1.648,1.649,1.65,1128.08,6106.18,5300.35,6359.53,6382.6,5735.96,7244.01,4611.63,5390.85,2399.55,205.83,6044.88,8756.72,11998.88,6874.42,9070.33,3321.39,2751.16,2488.49,3193.43
4,1.641,1.64,1.639,1.638,1.637,1.636,1.635,1.634,1.633,1.632,1.642,1.643,1.644,1.645,1.646,1.647,1.648,1.649,1.65,1.651,977.06,3867.77,7120.96,9039.18,2742.56,6217.92,5568.12,7244.01,4711.63,5485.07,382.66,7168.91,12749.32,9614.6,9686.02,4490.13,2813.55,2488.49,3193.43,3454.3
5,1.64,1.639,1.638,1.637,1.636,1.635,1.634,1.633,1.632,1.631,1.641,1.642,1.643,1.644,1.645,1.646,1.647,1.648,1.649,1.65,1144.54,6613.37,6006.04,5125.08,4991.3,7121.31,7244.01,4711.63,5485.07,2299.55,123.98,7814.06,8482.12,11875.31,5254.42,10734.77,3402.92,2842.6,2488.49,3193.43
6,1.64,1.639,1.638,1.637,1.636,1.635,1.634,1.633,1.632,1.631,1.641,1.642,1.643,1.644,1.645,1.646,1.647,1.648,1.649,1.65,986.6,6195.32,5594.87,5793.26,4381.72,6511.37,7244.01,4711.63,5485.07,2299.55,108.81,6081.19,11339.62,11757.63,4251.01,10611.43,2398.18,2751.16,2372.59,3193.43
7,1.641,1.64,1.639,1.638,1.637,1.636,1.635,1.634,1.633,1.632,1.642,1.643,1.644,1.645,1.646,1.647,1.648,1.649,1.65,1.651,1075.31,5470.79,5154.16,9697.66,3960.96,4221.46,6345.06,7244.01,4711.63,5485.07,1006.12,7373.01,11764.65,9875.15,9612.74,4494.83,2813.58,2372.59,3193.43,3454.3
8,1.641,1.64,1.639,1.638,1.637,1.636,1.635,1.634,1.633,1.632,1.642,1.643,1.644,1.645,1.646,1.647,1.648,1.649,1.65,1.651,426.96,4590.91,6835.68,6403.05,4308.46,4237.83,6024.64,8539.27,4625.82,5485.07,373.01,6171.69,11656.54,8925.33,10398.9,9799.33,3620.17,2235.01,3293.43,3670.2
9,1.641,1.64,1.639,1.638,1.637,1.636,1.635,1.634,1.633,1.632,1.642,1.643,1.644,1.645,1.646,1.647,1.648,1.649,1.65,1.651,982.86,5827.26,6175.61,8040.98,4337.06,5603.53,4654.68,8539.27,4625.82,5485.07,265.84,8986.99,11617.03,8556.18,7289.05,8798.03,3682.59,2172.59,3293.43,3670.2
10,1.64,1.639,1.638,1.637,1.636,1.635,1.634,1.633,1.632,1.631,1.641,1.642,1.643,1.644,1.645,1.646,1.647,1.648,1.649,1.65,193.67,6498.59,5782.72,5340.15,6359.07,4956.73,8403.1,4749,5485.07,2275.18,441.81,4880.79,10164.3,9051.88,6849.76,7100.48,7640.82,2813.58,2172.59,3177.53
11,1.642,1.641,1.64,1.639,1.638,1.637,1.636,1.635,1.634,1.633,1.643,1.644,1.645,1.646,1.647,1.648,1.649,1.65,1.651,1.652,406.99,4896.18,7168.89,7070.54,3497.16,3542.06,6290.28,4639.01,8311.33,4853.88,223.81,7673.46,9301.78,10010.37,8956.39,4933.68,2172.59,3293.43,3670.2,2524.09
12,1.642,1.641,1.64,1.639,1.638,1.637,1.636,1.635,1.634,1.633,1.643,1.644,1.645,1.646,1.647,1.648,1.649,1.65,1.651,1.652,406.99,5113.61,7106.66,6705.68,3509.87,3542.06,6290.27,4639.01,8311.33,4853.88,381.94,7601.4,8175.82,11464.41,8956.39,4828.84,2172.59,3293.43,3670.2,2524.09
13,1.642,1.641,1.64,1.639,1.638,1.637,1.636,1.635,1.634,1.633,1.643,1.644,1.645,1.646,1.647,1.648,1.649,1.65,1.651,1.652,213.14,5847.9,5469.98,7033.95,3509.87,3726.89,5681.08,4639.01,8403.1,4762.11,389.22,8586.23,8550.69,10399.67,8864.95,5206.72,2234.98,3293.43,3670.2,2524.09
14,1.642,1.641,1.64,1.639,1.638,1.637,1.636,1.635,1.634,1.633,1.643,1.644,1.645,1.646,1.647,1.648,1.649,1.65,1.651,1.652,134.78,6240.12,5093.82,5143.22,3801.1,3732.79,7924.35,5980.87,6884.18,3055.82,2199.4,7084.61,10463.49,8494.08,6582.49,8013.14,2629.93,2049.78,3670.2,2624.09
15,1.642,1.641,1.64,1.639,1.638,1.637,1.636,1.635,1.634,1.633,1.643,1.644,1.645,1.646,1.647,1.648,1.649,1.65,1.651,1.652,296.82,6593.29,5418.62,4549.45,3283.9,3965.08,7924.35,5980.87,6575.6,3055.82,213.14,6951.67,8414.2,9800.44,7044.02,10141.47,3614.7,2112.17,3936.5,2357.7
16,1.642,1.641,1.64,1.639,1.638,1.637,1.636,1.635,1.634,1.633,1.643,1.644,1.645,1.646,1.647,1.648,1.649,1.65,1.651,1.652,437.21,4683.78,6287.38,5018.67,5663.82,4138.43,4448.48,7359.29,6483.83,3011.3,213.14,5164.38,12229.22,10666.01,5689.61,8390.11,4598.83,2316.24,3670.2,2357.7
17,1.642,1.641,1.64,1.639,1.638,1.637,1.636,1.635,1.634,1.633,1.643,1.644,1.645,1.646,1.647,1.648,1.649,1.65,1.651,1.652,635.27,5389.05,5471.88,4981.81,6197.92,3626.9,4717.22,5980.87,6483.83,2654.69,333.22,5408.23,12329.74,12134.39,9023.22,6982.95,4865.45,2049.78,3670.2,2357.7
18,1.642,1.641,1.64,1.639,1.638,1.637,1.636,1.635,1.634,1.633,1.643,1.644,1.645,1.646,1.647,1.648,1.649,1.65,1.651,1.652,376.58,5695.49,4584.23,3519.91,3748.65,5901.43,4220.57,5980.87,8539.37,2654.69,247.47,7237.3,11028.5,9464.34,7367.69,7244.13,3880.68,2149.78,3670.2,2257.7
19,1.642,1.641,1.64,1.639,1.638,1.637,1.636,1.635,1.634,1.633,1.643,1.644,1.645,1.646,1.647,1.648,1.649,1.65,1.651,1.652,579.65,5879.47,4639.02,4127.91,4217.11,5914.15,4220.57,5980.87,8539.37,2654.69,182.59,6135.62,8620.25,11039.81,7388.99,6436.12,2958.96,2049.78,3670.2,2357.7
20,1.644,1.643,1.642,1.641,1.64,1.639,1.638,1.637,1.636,1.635,1.645,1.646,1.647,1.648,1.649,1.65,1.651,1.652,1.653,1.654,681.71,4202.87,6692.12,4917.43,6527.49,2817.13,2427.17,6036.85,5383.72,6448.76,223.91,8597.9,9297.5,10534.71,8779.21,3323.5,3164.67,2357.7,3494.59,3392.89
21,1.644,1.643,1.642,1.641,1.64,1.639,1.638,1.637,1.636,1.635,1.645,1.646,1.647,1.648,1.649,1.65,1.651,1.652,1.653,1.654,518.57,5775.1,4194.57,4733.42,6917.54,2324.99,2427.17,7415.27,4313.5,6448.76,420.37,8093.19,12265.05,9476.48,4524.06,5969.62,4127.08,2420.08,3494.59,3508.79
22,1.644,1.643,1.642,1.641,1.64,1.639,1.638,1.637,1.636,1.635,1.645,1.646,1.647,1.648,1.649,1.65,1.651,1.652,1.653,1.654,478.71,4060.17,5348.05,4804.92,6917.54,2320.71,2439.89,7406.82,4313.5,6448.76,453.03,9563.23,12265.05,8350.32,6188.57,6860.27,3968.98,2357.7,3494.59,3508.79
23,1.645,1.644,1.643,1.642,1.641,1.64,1.639,1.638,1.637,1.636,1.646,1.647,1.648,1.649,1.65,1.651,1.652,1.653,1.654,1.655,436.95,4027.95,5330.66,6046.06,2657.05,7023.38,2022.17,2357.17,8571.67,4313.5,304.93,9048.2,8233.36,8868.22,8005.51,4131.93,2357.7,3494.59,3508.79,2198.23
24,1.645,1.644,1.643,1.642,1.641,1.64,1.639,1.638,1.637,1.636,1.646,1.647,1.648,1.649,1.65,1.651,1.652,1.653,1.654,1.655,436.95,6175.04,5053.62,5910.16,4734.83,10009.62,2162.56,2089.01,7065.43,4313.5,247.23,8798.17,7320.88,10684.74,7022.29,3866.02,2420.08,3611.19,3508.79,2198.23
25,1.647,1.646,1.645,1.644,1.643,1.642,1.641,1.64,1.639,1.638,1.648,1.649,1.65,1.651,1.652,1.653,1.654,1.655,1.656,1.657,463.14,4490.64,7013.78,4574.24,2784.66,3330.19,2536.22,6332.84,5816.66,5703.71,818.42,7352.77,8272.4,11680.11,7714.06,3165.02,2502.67,2215.9,3711.84,3574.99
26,1.647,1.646,1.645,1.644,1.643,1.642,1.641,1.64,1.639,1.638,1.648,1.649,1.65,1.651,1.652,1.653,1.654,1.655,1.656,1.657,2958.92,6879.39,4862.07,3520.7,2160.73,2862.52,2169.94,5728.48,5548.79,5703.71,652.04,7206.45,8183.48,12048.5,6465.63,5946.4,2502.67,2215.9,3711.84,3574.99
27,1.649,1.648,1.647,1.646,1.645,1.644,1.643,1.642,1.641,1.64,1.65,1.651,1.652,1.653,1.654,1.655,1.656,1.657,1.658,1.659,1741.98,4923.26,5262.14,4854.55,2481.18,2488.29,2186.17,2293.44,3753.23,7334.45,725.91,4591.32,10414.68,11115.7,4930.42,8015.51,2535.62,3562.65,1722.74,1984.35
28,1.65,1.649,1.648,1.647,1.646,1.645,1.644,1.643,1.642,1.641,1.651,1.652,1.653,1.654,1.655,1.656,1.657,1.658,1.659,1.66,460,4551.88,6240.21,3829.13,7837.27,2220.83,3001.78,2030.68,3798.99,4877.09,1113.61,10946,9791.7,8505.04,6352,4462.75,2467.3,1722.74,2068.45,1707.64
29,1.652,1.651,1.65,1.649,1.648,1.647,1.646,1.645,1.644,1.643,1.653,1.654,1.655,1.656,1.657,1.658,1.659,1.66,1.661,1.662,650.16,4908.79,5943.54,3393.07,5049.07,2387.09,5648.64,2510.1,3031.78,3395.94,1819.22,9704.47,7633.27,9186.65,6513.25,2879.44,1910.8,1973.01,2166.8,412.31
30,1.652,1.651,1.65,1.649,1.648,1.647,1.646,1.645,1.644,1.643,1.653,1.654,1.655,1.656,1.657,1.658,1.659,1.66,1.661,1.662,3497.65,4594.42,5333.8,3094.42,4744.64,2433.7,5880.3,3846.34,4536.26,3380.12,213.14,3835.08,8918.08,13288.1,5259.55,6847.91,3944.4,1488.86,2108,1794.77
31,1.652,1.651,1.65,1.649,1.648,1.647,1.646,1.645,1.644,1.643,1.653,1.654,1.655,1.656,1.657,1.658,1.659,1.66,1.661,1.662,581.77,4586.55,5613.44,4316.65,4326.92,6121.73,6293.77,3846.34,4523.58,3380.12,507.6,8003.57,8104.51,11257.81,4299.82,7471.18,1848.45,1551.24,2108,1794.77
32,1.652,1.651,1.65,1.649,1.648,1.647,1.646,1.645,1.644,1.643,1.653,1.654,1.655,1.656,1.657,1.658,1.659,1.66,1.661,1.662,2087.18,6961,5086.24,2447.22,5607.05,5144.31,5618.74,3846.34,4523.58,3380.12,213.14,3995.76,6599.12,7052.43,8843.2,4086.62,5451.59,1488.86,2108,1794.77
33,1.653,1.652,1.651,1.65,1.649,1.648,1.647,1.646,1.645,1.644,1.654,1.655,1.656,1.657,1.658,1.659,1.66,1.661,1.662,1.663,2238.51,5661.25,4873.64,5642.96,2447.22,2150.85,2666.82,5618.74,5224.76,6496.06,507.82,5556.38,10479.82,9433.87,6012.64,5618.37,1287.62,2371.34,1794.77,3169.97
34,1.653,1.652,1.651,1.65,1.649,1.648,1.647,1.646,1.645,1.644,1.654,1.655,1.656,1.657,1.658,1.659,1.66,1.661,1.662,1.663,2088.44,4147.46,6561.99,5467.64,2447.22,2142.47,2241.49,7262.9,5924.12,4418.28,490.12,7898.7,9880.6,9205.05,5736.23,3169.57,1551.12,2108,1794.77,3169.97
35,1.654,1.653,1.652,1.651,1.65,1.649,1.648,1.647,1.646,1.645,1.655,1.656,1.657,1.658,1.659,1.66,1.661,1.662,1.663,1.664,2116.03,6581.47,4253.5,5681.91,2528.3,2139.93,1955.01,4177.35,9129.01,3860.78,950.14,6194.13,9810.17,9862.86,5801.59,3374.71,2271.21,1794.77,3269.97,1843.11
36,1.653,1.652,1.651,1.65,1.649,1.648,1.647,1.646,1.645,1.644,1.654,1.655,1.656,1.657,1.658,1.659,1.66,1.661,1.662,1.663,2088.96,5929.02,4204.55,3450.95,2307.4,2283.4,4177.35,9229.01,6579.31,6522.33,660.73,5787.4,7269.41,9428.11,9377.12,6599.71,4157.63,2233.59,1794.77,3369.97
37,1.653,1.652,1.651,1.65,1.649,1.648,1.647,1.646,1.645,1.644,1.654,1.655,1.656,1.657,1.658,1.659,1.66,1.661,1.662,1.663,2260.97,5741.58,4354.32,5961.35,2307.38,3503.53,2533.48,9129.01,6706.55,6495.04,330.33,3943.2,7341.12,9848.99,6563.32,6428.8,4157.63,1908,1794.77,3369.97
38,1.654,1.653,1.652,1.651,1.65,1.649,1.648,1.647,1.646,1.645,1.655,1.656,1.657,1.658,1.659,1.66,1.661,1.662,1.663,1.664,98.39,6250.66,4177.34,5328.13,6224.76,2321.59,3333.43,4981.94,3515.99,6706.55,450.99,7088.46,9434.48,10989.34,6428.82,3443.57,1970.36,1794.77,3369.97,1843.11
39,1.651,1.65,1.649,1.648,1.647,1.646,1.645,1.644,1.643,1.642,1.652,1.653,1.654,1.655,1.656,1.657,1.658,1.659,1.66,1.661,699.33,3836,5664.54,6277.88,10841.24,2717.28,2576.34,6188.33,3380.12,3338.11,443.85,4653.94,8963.91,10035.95,9616.8,6757.71,4888.58,2304.42,1190.3,3264.51
40,1.649,1.648,1.647,1.646,1.645,1.644,1.643,1.642,1.641,1.64,1.65,1.651,1.652,1.653,1.654,1.655,1.656,1.657,1.658,1.659,718.73,6785.24,3786.51,7276.3,9392.67,3021.91,3643.14,6315.99,3674.3,2850.33,2259.16,6270.67,6947.72,9736.54,6422.16,6076.07,7218.38,3916.14,2054.95,3176.77
41,1.648,1.647,1.646,1.645,1.644,1.643,1.642,1.641,1.64,1.639,1.649,1.65,1.651,1.652,1.653,1.654,1.655,1.656,1.657,1.658,228.31,2938.59,5343.05,6888.11,9149.02,4743.57,6491.69,4078.81,2542.88,4036.83,2300.88,3709.01,5134.24,10820.96,7302.04,6177.27,6167.23,5676.82,3853.83,3212.6
42,1.647,1.646,1.645,1.644,1.643,1.642,1.641,1.64,1.639,1.638,1.648,1.649,1.65,1.651,1.652,1.653,1.654,1.655,1.656,1.657,129.92,4573.34,6333.99,7747.54,10463.23,3451.83,2820.05,5736.21,4136.83,2000.81,2226.6,4070.15,6095.84,7266.61,11444.98,7087.99,5190.08,4055.86,2841.39,3853.83
43,1.647,1.646,1.645,1.644,1.643,1.642,1.641,1.64,1.639,1.638,1.648,1.649,1.65,1.651,1.652,1.653,1.654,1.655,1.656,1.657,411.7,5512.47,7046.19,4868.82,10463.23,3000.94,2953.7,5836.21,4136.83,1900.81,231.35,4693.88,9931.11,9185.95,8103.89,9088.73,5493.16,1982,2937.83,3853.83
44,1.646,1.645,1.644,1.643,1.642,1.641,1.64,1.639,1.638,1.637,1.647,1.648,1.649,1.65,1.651,1.652,1.653,1.654,1.655,1.656,530.79,4311.38,8125.92,6104.17,6853.56,5901.69,6123.77,3750.45,1592.98,2452.12,2120.52,6240.25,8345.23,10932.98,8048.07,6062.57,6256.37,2303.48,3142.03,3818.44
45,1.648,1.647,1.646,1.645,1.644,1.643,1.642,1.641,1.64,1.639,1.649,1.65,1.651,1.652,1.653,1.654,1.655,1.656,1.657,1.658,763.66,6495.01,5530.01,6520.14,3945.58,4087.12,6508.46,5847.87,7300.29,3657.7,1591.73,4084.94,8405.42,13877.26,8923.57,4496.15,2044.34,3918.44,4061.63,1983.46
46,1.646,1.645,1.644,1.643,1.642,1.641,1.64,1.639,1.638,1.637,1.647,1.648,1.649,1.65,1.651,1.652,1.653,1.654,1.655,1.656,255.56,4128.48,6564.26,5870.79,10725.45,6020.68,6088.86,4210.95,1764.93,2352.12,762.15,5832.09,9466.08,11636.05,10716.59,5835.49,4783.85,2471.83,2358.8,3446.37
47,1.644,1.643,1.642,1.641,1.64,1.639,1.638,1.637,1.636,1.635,1.645,1.646,1.647,1.648,1.649,1.65,1.651,1.652,1.653,1.654,339.87,4414.49,7355.4,6412.12,6994.3,7748.62,3637.42,2575.26,3571.63,4812.55,2423.99,7315.32,9205.86,9444.12,6226.46,7783.49,3432.22,2997.74,3956.29,3594.27
48,1.642,1.641,1.64,1.639,1.638,1.637,1.636,1.635,1.634,1.633,1.643,1.644,1.645,1.646,1.647,1.648,1.649,1.65,1.651,1.652,2929.17,7446.52,6920.36,6422.1,2172.82,7497.03,3571.63,2330.95,4634.47,3272.5,178.15,3972.02,6300.55,7076.75,12230.86,6444.16,5060.9,7086.47,3166.66,4133.09
49,1.644,1.643,1.642,1.641,1.64,1.639,1.638,1.637,1.636,1.635,1.645,1.646,1.647,1.648,1.649,1.65,1.651,1.652,1.653,1.654,642.1,5828.92,5176.58,7069.66,2532.37,6123.93,7158.27,4771.64,3705.94,2341.07,617.05,6582.97,7272,11262.79,8601.81,6597.15,2080.43,4133.09,3721.86,2070.88
50,1.644,1.643,1.642,1.641,1.64,1.639,1.638,1.637,1.636,1.635,1.645,1.646,1.647,1.648,1.649,1.65,1.651,1.652,1.653,1.654,615.56,6213.35,5343.13,7966.17,4610.15,6114.61,5779.85,2700.14,3699.6,2341.07,524.3,7471.78,8175.24,11651.09,7789,5177.5,2080.43,4248.99,3721.86,2070.88
51,1.643,1.642,1.641,1.64,1.639,1.638,1.637,1.636,1.635,1.634,1.644,1.645,1.646,1.647,1.648,1.649,1.65,1.651,1.652,1.653,790.71,7314.28,5035.82,5076.55,9159.86,6206.85,2700.14,3699.6,2341.07,4498.22,301.58,4761.21,9459.01,9250.31,7244.84,10267.18,3624.9,2142.72,4133.09,3369.83
52,1.642,1.641,1.64,1.639,1.638,1.637,1.636,1.635,1.634,1.633,1.643,1.644,1.645,1.646,1.647,1.648,1.649,1.65,1.651,1.652,860.65,5563.18,7332.95,6379.02,9427.83,2620.09,2308.08,2232.59,4284.49,3372.5,357.14,6619.33,10323.61,12844.5,8240.21,5173.3,6253.78,2215.58,2396.33,4133.09
53,1.643,1.642,1.641,1.64,1.639,1.638,1.637,1.636,1.635,1.634,1.644,1.645,1.646,1.647,1.648,1.649,1.65,1.651,1.652,1.653,359.84,6352.13,4107.39,4282.58,4994.89,7217.1,3649.59,4385.86,6560.71,6034.94,245.91,6230.27,8488.04,10077.04,7166.64,4296.03,2215.58,2396.33,4133.09,3169.83
54,1.642,1.641,1.64,1.639,1.638,1.637,1.636,1.635,1.634,1.633,1.643,1.644,1.645,1.646,1.647,1.648,1.649,1.65,1.651,1.652,1045.78,7107.58,5326.03,6841.04,6675.2,2452.39,4385.86,6552.37,5963.4,3372.5,304.96,5054.46,7012.57,12273.68,7885.1,7111.29,6947.38,2277.87,2396.33,4133.09
55,1.642,1.641,1.64,1.639,1.638,1.637,1.636,1.635,1.634,1.633,1.643,1.644,1.645,1.646,1.647,1.648,1.649,1.65,1.651,1.652,1216.83,7108.32,5152.84,6943,6263.99,2863.85,4394.2,6552.37,5963.4,3372.5,119.68,5473.36,8840.73,12738.8,6417.88,10081.87,5281.85,2215.58,2396.33,4133.09
56,1.642,1.641,1.64,1.639,1.638,1.637,1.636,1.635,1.634,1.633,1.643,1.644,1.645,1.646,1.647,1.648,1.649,1.65,1.651,1.652,1124.69,6967.38,5400.98,5831.99,5207.12,4972.64,4394.19,6552.37,5539.8,3681.08,813.81,6274.6,9826.14,11732.85,9530.82,4385.76,4297.2,2215.58,3632.1,4133.09
57,1.644,1.643,1.642,1.641,1.64,1.639,1.638,1.637,1.636,1.635,1.645,1.646,1.647,1.648,1.649,1.65,1.651,1.652,1.653,1.654,490.75,3201.99,6860.03,4035.38,6910.59,2574.06,3661.74,5019.65,2584.9,3681.57,1801.79,8036.92,9727.29,8915.98,8587.98,3200.11,2471.32,4133.09,3269.83,2070.88
58,1.645,1.644,1.643,1.642,1.641,1.64,1.639,1.638,1.637,1.636,1.646,1.647,1.648,1.649,1.65,1.651,1.652,1.653,1.654,1.655,114.75,3024.35,5408.11,4667.66,3017.98,6438.51,2496.06,4563.88,7408.3,6823.42,1984.67,7996.47,7831.8,8105,5593.63,4232.44,4360.13,3369.83,1954.98,4138.33
59,1.644,1.643,1.642,1.641,1.64,1.639,1.638,1.637,1.636,1.635,1.645,1.646,1.647,1.648,1.649,1.65,1.651,1.652,1.653,1.654,6.1,778.02,5979.89,4228.11,3259.64,2161.53,4761.81,8705.5,6246.35,3581.38,4319.43,5928.34,6690.4,10987.71,4003.18,6319.38,4524.16,2742.67,3253.93,2070.88
60,1.643,1.642,1.641,1.64,1.639,1.638,1.637,1.636,1.635,1.634,1.644,1.645,1.646,1.647,1.648,1.649,1.65,1.651,1.652,1.653,494.98,5948.48,4897.2,5357.03,2161.53,3193.8,7522.84,8427.2,3837.38,4692.86,27.29,1974.52,7120.98,6508.05,9517.45,8785.12,2786.26,2467.02,3906.23,3053.93
61,1.643,1.642,1.641,1.64,1.639,1.638,1.637,1.636,1.635,1.634,1.644,1.645,1.646,1.647,1.648,1.649,1.65,1.651,1.652,1.653,364.69,5743.75,4203.84,3952.64,3166.64,4739.86,7111.38,8427.2,3837.38,4692.86,562.58,4153.07,5129.23,7331.3,11025.88,4044.69,5723.48,2467.02,3906.23,3053.93
62,1.642,1.641,1.64,1.639,1.638,1.637,1.636,1.635,1.634,1.633,1.643,1.644,1.645,1.646,1.647,1.648,1.649,1.65,1.651,1.652,992.39,5875.52,4073.25,2746.17,4900.94,7295.66,8439.91,3837.38,4692.86,3581.08,430.81,3905.19,7362.87,7534.36,7010.25,9913.15,5010.49,4723.65,2582.92,3906.23
63,1.641,1.64,1.639,1.638,1.637,1.636,1.635,1.634,1.633,1.632,1.642,1.643,1.644,1.645,1.646,1.647,1.648,1.649,1.65,1.651,413.14,3274.9,5007.39,3103.79,4100.82,2546.09,11694.04,5834.87,7977.21,2452.06,2032.53,4921.15,9276.63,7294.92,8468.38,6102.57,2311.98,3515.41,3825.95,3329.03
64,1.641,1.64,1.639,1.638,1.637,1.636,1.635,1.634,1.633,1.632,1.642,1.643,1.644,1.645,1.646,1.647,1.648,1.649,1.65,1.651,213.14,1460.38,4859.03,3414.62,4584.89,2663.46,11970.81,7107.7,7801.97,2452.06,3080.71,6710.48,7580.23,14229.02,6802.68,3665.21,5430.66,2235.96,3825.95,3478.5
65,1.639,1.638,1.637,1.636,1.635,1.634,1.633,1.632,1.631,1.63,1.64,1.641,1.642,1.643,1.644,1.645,1.646,1.647,1.648,1.649,1643.39,4488.71,4673.95,3000.75,6804.29,7203.62,12861.64,2710.49,2270.01,3849.85,86.35,3443.93,8090.89,11237.48,6577.5,3221.93,6602.25,4106.29,2161.22,3537.34
66,1.64,1.639,1.638,1.637,1.636,1.635,1.634,1.633,1.632,1.631,1.641,1.642,1.643,1.644,1.645,1.646,1.647,1.648,1.649,1.65,747.68,3580.2,5726.59,4837.94,5763.95,5042.88,3200.63,11229.67,2356.89,2270.01,125.43,4708.24,8606.2,8953.91,7702.17,5988.33,3110.56,2161.22,3537.34,3825.95
67,1.642,1.641,1.64,1.639,1.638,1.637,1.636,1.635,1.634,1.633,1.643,1.644,1.645,1.646,1.647,1.648,1.649,1.65,1.651,1.652,722.32,6685.59,4215.88,2745.95,4182.47,2359.56,5424.02,6808.7,4719.06,9300.99,86.58,4046.74,8987.04,10460.72,8336.43,4200.45,2445.99,3941.85,3794.4,2761.8
68,1.642,1.641,1.64,1.639,1.638,1.637,1.636,1.635,1.634,1.633,1.643,1.644,1.645,1.646,1.647,1.648,1.649,1.65,1.651,1.652,1140.87,5956.92,4015.88,2749.31,4038.49,2307.1,5580.02,6808.7,5040.37,9570.22,63.91,4958.83,10496.74,9689.19,7616.86,6221.74,2508.27,3941.85,3794.4,2761.8
69,1.641,1.64,1.639,1.638,1.637,1.636,1.635,1.634,1.633,1.632,1.642,1.643,1.644,1.645,1.646,1.647,1.648,1.649,1.65,1.651,1299.66,5944.76,3467.9,3350.69,3219.41,5748.37,6808.7,4747.7,9570.22,2608.64,3084.99,11181.46,9002.92,10168.11,3122.31,4916.25,5693.95,2330.09,3941.85,3794.4
70,1.64,1.639,1.638,1.637,1.636,1.635,1.634,1.633,1.632,1.631,1.641,1.642,1.643,1.644,1.645,1.646,1.647,1.648,1.649,1.65,4976.3,4207.11,4630.18,3508.75,3678.04,7131.82,4547.7,11229.67,3078.16,2270,162.3,8595.38,10784.23,11099.47,6030.7,8659.29,5634.07,2339.03,2235.96,3941.85
71,1.64,1.639,1.638,1.637,1.636,1.635,1.634,1.633,1.632,1.631,1.641,1.642,1.643,1.644,1.645,1.646,1.647,1.648,1.649,1.65,399.81,5285.87,3887.17,4201.75,3678.1,7131.82,3949.29,11229.67,3106.61,2539.81,178.66,4239.6,7962.35,8173.39,8947.9,6755.06,4011.42,2045.32,2235.96,3634.67
72,1.64,1.639,1.638,1.637,1.636,1.635,1.634,1.633,1.632,1.631,1.641,1.642,1.643,1.644,1.645,1.646,1.647,1.648,1.649,1.65,1152.43,5812.06,4121.24,3062.39,2980.75,6432.46,3226.24,13307.45,3106.61,2411.46,148.2,7012.57,8662.02,10517.14,7848.3,4896.27,3949.17,2045.32,3535.84,3945.24
73,1.64,1.639,1.638,1.637,1.636,1.635,1.634,1.633,1.632,1.631,1.641,1.642,1.643,1.644,1.645,1.646,1.647,1.648,1.649,1.65,759.39,5834.27,5073.58,2696.62,2988.29,5377.97,2615.93,13307.45,3106.61,2411.46,3195.12,9374.73,7800.59,10065.17,7848.3,5629.12,3026.66,2045.32,3535.84,3945.24
74,1.641,1.64,1.639,1.638,1.637,1.636,1.635,1.634,1.633,1.632,1.642,1.643,1.644,1.645,1.646,1.647,1.648,1.649,1.65,1.651,713.35,6400.7,4185.97,2996.42,3400.65,2116.69,5040.92,2557.91,13633.69,2808.64,2931.69,9431.2,8791.08,8108.77,10433.48,4934.65,2045.32,3535.84,3945.24,3690.84
75,1.642,1.641,1.64,1.639,1.638,1.637,1.636,1.635,1.634,1.633,1.643,1.644,1.645,1.646,1.647,1.648,1.649,1.65,1.651,1.652,1211.26,4471.03,4524.32,2974.81,3772.65,3915.14,1955.11,6967.24,3816.16,11705.01,715.47,6466.54,8660.23,9634.41,10160.66,5330.97,5146.07,4007.49,3794.4,3130.77
76,1.644,1.643,1.642,1.641,1.64,1.639,1.638,1.637,1.636,1.635,1.645,1.646,1.647,1.648,1.649,1.65,1.651,1.652,1.653,1.654,219.73,1585.44,5759.44,3835.64,3294.63,4214.52,3523.29,3376.06,3955.7,4849.99,5762.96,10680.07,8535.53,7491,5441.27,5663.9,3694.4,3130.77,3547.65,2752.76
77,1.643,1.642,1.641,1.64,1.639,1.638,1.637,1.636,1.635,1.634,1.644,1.645,1.646,1.647,1.648,1.649,1.65,1.651,1.652,1.653,993.34,6468.99,4345.21,3294.63,3606.44,4124.34,3376.06,3955.7,4849.99,4068.07,213.14,6944.82,9875.01,8152.13,6878.17,5441.27,5867.86,3694.4,3130.77,3547.65
78,1.644,1.643,1.642,1.641,1.64,1.639,1.638,1.637,1.636,1.635,1.645,1.646,1.647,1.648,1.649,1.65,1.651,1.652,1.653,1.654,384.82,3451.64,4010.48,4345.21,3294.63,3446.88,3964.13,3376.06,3955.7,6927.77,4394.31,9725.63,8824.84,7349.5,5542.91,7662.62,3694.4,3130.77,3547.65,2219.88
79,1.644,1.643,1.642,1.641,1.64,1.639,1.638,1.637,1.636,1.635,1.645,1.646,1.647,1.648,1.649,1.65,1.651,1.652,1.653,1.654,1063.02,5534.53,5208.3,3512.57,2601.63,3526.13,3762.24,5300.03,4987.14,5409.65,289.93,6404.16,8103.23,9094.76,7014.96,6239.69,2329.27,3130.77,3647.65,2219.88
80,1.643,1.642,1.641,1.64,1.639,1.638,1.637,1.636,1.635,1.634,1.644,1.645,1.646,1.647,1.648,1.649,1.65,1.651,1.652,1.653,2821.45,3558.76,3197.97,6690.2,2310.01,7247.03,6094.59,3608.72,4949.99,2938.45,377.14,7352.65,10426.23,10502.13,6940.04,5142.45,4971.4,2529.27,4298.28,3447.65
81,1.641,1.64,1.639,1.638,1.637,1.636,1.635,1.634,1.633,1.632,1.642,1.643,1.644,1.645,1.646,1.647,1.648,1.649,1.65,1.651,1301.38,6451.65,3689.2,4121.83,10996.78,2449.73,4849.99,2552.56,6909.63,2352.06,219.24,4563.33,9852.3,11199.7,9347.4,4846.18,4377.55,4443.61,2651.56,3745.79
82,1.64,1.639,1.638,1.637,1.636,1.635,1.634,1.633,1.632,1.631,1.641,1.642,1.643,1.644,1.645,1.646,1.647,1.648,1.649,1.65,1943.14,5280.98,3904.32,4348.21,6951.92,7249.27,2261.05,8717.43,3246.67,2270.03,126.95,3836.24,7865.72,11607.44,9586.61,7319.88,4809.49,3037.6,2351.86,3678.73
83,1.641,1.64,1.639,1.638,1.637,1.636,1.635,1.634,1.633,1.632,1.642,1.643,1.644,1.645,1.646,1.647,1.648,1.649,1.65,1.651,114.75,3352.41,3897.8,5231.47,3846.79,5607.87,7141.48,2261.05,8701.79,3246.67,3832.33,8164.45,9825.95,9526.3,7943.79,4871.87,3037.6,2351.86,3678.73,3545.79
84,1.641,1.64,1.639,1.638,1.637,1.636,1.635,1.634,1.633,1.632,1.642,1.643,1.644,1.645,1.646,1.647,1.648,1.649,1.65,1.651,323.88,5410.56,4012.94,5844.67,2482.99,6964.14,7560.98,2261.05,8730.44,3246.67,3741.65,7212.62,11263.1,10621.7,8972.79,4824.28,2045.32,2351.86,3678.73,3545.79
85,1.641,1.64,1.639,1.638,1.637,1.636,1.635,1.634,1.633,1.632,1.642,1.643,1.644,1.645,1.646,1.647,1.648,1.649,1.65,1.651,830.26,6698.2,3143.94,5139.08,3846.79,5439.51,7149.02,2571.73,8717.71,2948.13,225.34,4805.63,9333.16,12197.11,6806.63,5857.14,2045.32,2351.86,3678.73,3545.79
86,1.64,1.639,1.638,1.637,1.636,1.635,1.634,1.633,1.632,1.631,1.641,1.642,1.643,1.644,1.645,1.646,1.647,1.648,1.649,1.65,3112.35,4504.54,5257.77,3846.79,6012.14,7161.74,2559.01,9343.38,2678.61,2141.65,213.14,4920.54,9818.64,12407.57,8898.56,6123.47,3827.07,2107.68,2351.86,3678.73
87,1.64,1.639,1.638,1.637,1.636,1.635,1.634,1.633,1.632,1.631,1.641,1.642,1.643,1.644,1.645,1.646,1.647,1.648,1.649,1.65,3589,5744.19,4363.6,3046.38,7391.69,7154.2,2559.01,9343.38,2678.61,2141.65,213.14,4614.12,9012.28,12360.75,8006.12,5358.83,5796.77,2107.68,2351.86,3678.73
88,1.64,1.639,1.638,1.637,1.636,1.635,1.634,1.633,1.632,1.631,1.641,1.642,1.643,1.644,1.645,1.646,1.647,1.648,1.649,1.65,3056.1,6338.52,4363.6,2810.22,7204.98,7553.44,2571.73,9074.03,2948.25,2141.65,98.39,4970.32,6648.08,13287.8,9933.45,5834.89,4843.16,2045.32,2351.86,3678.73
89,1.64,1.639,1.638,1.637,1.636,1.635,1.634,1.633,1.632,1.631,1.641,1.642,1.643,1.644,1.645,1.646,1.647,1.648,1.649,1.65,3014.41,4508.16,4363.6,3188.24,5107.8,7553.44,4668.91,9074.03,2948.25,2141.65,213.14,4417.1,8673.89,10158.61,10918.14,5852.32,4780.8,2107.68,2351.86,3678.73
90,1.642,1.641,1.64,1.639,1.638,1.637,1.636,1.635,1.634,1.633,1.643,1.644,1.645,1.646,1.647,1.648,1.649,1.65,1.651,1.652,213.14,2526.47,6029.7,4161.52,3282.34,3466.06,3574.8,6220.5,7352.93,8974.03,3713.71,12309.63,13403.78,9160.04,4830.94,4332.88,2351.86,3678.73,3545.79,3408.59
91,1.643,1.642,1.641,1.64,1.639,1.638,1.637,1.636,1.635,1.634,1.644,1.645,1.646,1.647,1.648,1.649,1.65,1.651,1.652,1.653,4183.71,4992.4,3742.53,3449.64,2292.49,3092.24,4300.29,3870.25,7735.02,8628.14,10.67,5551.55,8713.94,13580.79,6699.46,6855.08,2945.28,3545.79,3508.59,3269.83
92,1.644,1.643,1.642,1.641,1.64,1.639,1.638,1.637,1.636,1.635,1.645,1.646,1.647,1.648,1.649,1.65,1.651,1.652,1.653,1.654,2516.98,6455.19,3612.81,3518.11,5384.12,3296.55,2880.35,4300.29,4294.53,5296.74,6.09,6468.18,12713.42,9058.3,5860.41,6100.51,2213.47,3408.59,3369.83,2219.88
93,1.644,1.643,1.642,1.641,1.64,1.639,1.638,1.637,1.636,1.635,1.645,1.646,1.647,1.648,1.649,1.65,1.651,1.652,1.653,1.654,213.14,4858.27,4445.8,3377.98,3684.2,5926.56,3054.73,4568.61,5173.83,3664.04,3625.79,11353.99,9040.33,8832.19,8097.11,4933.36,2213.47,3408.59,3369.83,2219.88
94,1.644,1.643,1.642,1.641,1.64,1.639,1.638,1.637,1.636,1.635,1.645,1.646,1.647,1.648,1.649,1.65,1.651,1.652,1.653,1.654,104.86,2539.78,6217.9,4026.38,3603,5926.56,3054.73,4568.61,5073.83,3664.04,3879.33,10047.92,9814.41,8990.12,4453.69,6046.5,2151.12,3408.59,3253.93,2219.88
95,1.644,1.643,1.642,1.641,1.64,1.639,1.638,1.637,1.636,1.635,1.645,1.646,1.647,1.648,1.649,1.65,1.651,1.652,1.653,1.654,6.47,916.55,6330.02,4594.01,2951.79,5967.81,3054.73,4402.78,5073.83,3664.04,3297.73,7716.82,10604.75,8878.34,6903.15,7100.68,2267.02,3508.59,3153.93,2219.88
96,1.643,1.642,1.641,1.64,1.639,1.638,1.637,1.636,1.635,1.634,1.644,1.645,1.646,1.647,1.648,1.649,1.65,1.651,1.652,1.653,694.69,6120.69,4312.61,2951.79,5967.81,3054.73,4402.78,5073.83,3664.04,7903.9,129.22,5093.51,11032.74,10059.6,6268.98,6904.14,6075.08,2367.02,3508.59,3053.93
97,1.642,1.641,1.64,1.639,1.638,1.637,1.636,1.635,1.634,1.633,1.643,1.644,1.645,1.646,1.647,1.648,1.649,1.65,1.651,1.652,822.62,6571.4,4910.07,2998.78,6875.87,2370.87,7352.32,5281.97,5806.72,6901.36,138.34,4921.27,8869.58,9159.96,8011.84,7134.23,5041.81,3972.57,2482.92,4852.96
98,1.642,1.641,1.64,1.639,1.638,1.637,1.636,1.635,1.634,1.633,1.643,1.644,1.645,1.646,1.647,1.648,1.649,1.65,1.651,1.652,6.1,867.22,6678.52,3329.2,3904.58,6193.22,5890.26,5550.87,5793.38,6901.36,3785.23,6855.63,9681.64,11463.85,9084.05,6666.62,3432.08,2751.56,3541.89,4868.86
99,1.64,1.639,1.638,1.637,1.636,1.635,1.634,1.633,1.632,1.631,1.641,1.642,1.643,1.644,1.645,1.646,1.647,1.648,1.649,1.65,1253.4,6220.12,3756.96,3295.55,4492.62,8495.34,5397.96,8999.52,2340.38,2349.8,258.23,3684.12,8326.2,10755.95,10838.82,3818.27,4127.42,2045.32,2105.59,3914.22
100,1.639,1.638,1.637,1.636,1.635,1.634,1.633,1.632,1.631,1.63,1.64,1.641,1.642,1.643,1.644,1.645,1.646,1.647,1.648,1.649,1143.27,4881.37,3610.29,4001.95,4179.19,6555.68,7396.09,5293.66,6246.9,4242.35,121.98,3624,8024.94,12873.57,9470.79,7367.92,4600.8,3286.77,2160.36,3478.54
101,1.64,1.639,1.638,1.637,1.636,1.635,1.634,1.633,1.632,1.631,1.641,1.642,1.643,1.644,1.645,1.646,1.647,1.648,1.649,1.65,582.49,6399.65,3558.73,2467.71,4009.43,4591.15,6143.47,7126.61,5393.66,6516.84,508.12,4221.38,8095.42,15427.82,8869.82,3862.75,2241.02,2160.36,3478.54,4092.04
102,1.64,1.639,1.638,1.637,1.636,1.635,1.634,1.633,1.632,1.631,1.641,1.642,1.643,1.644,1.645,1.646,1.647,1.648,1.649,1.65,451.83,6452.92,3376.73,2467.71,4009.43,4587.71,6143.47,7126.61,5663.3,6152.38,421.09,5772.32,8394.04,15091.93,8148.98,5626.89,2464.61,2044.46,3594.44,4092.04
103,1.641,1.64,1.639,1.638,1.637,1.636,1.635,1.634,1.633,1.632,1.642,1.643,1.644,1.645,1.646,1.647,1.648,1.649,1.65,1.651,213.14,2538.59,4253.72,3353.93,2489.18,3616.55,4425.88,6143.47,7126.61,5702.61,4344.22,9160.88,12038.85,8249.45,9070.8,4375.69,2044.46,3594.44,4092.04,3305.91
104,1.643,1.642,1.641,1.64,1.639,1.638,1.637,1.636,1.635,1.634,1.644,1.645,1.646,1.647,1.648,1.649,1.65,1.651,1.652,1.653,565.65,6092.48,3269.58,3248.92,3440.75,2958.43,1932.67,2246.94,8992.89,7781.23,219.24,7399.81,8829.93,7227.3,9661.79,8084.25,2867.2,3521.81,2877.7,3053.93
105,1.643,1.642,1.641,1.64,1.639,1.638,1.637,1.636,1.635,1.634,1.644,1.645,1.646,1.647,1.648,1.649,1.65,1.651,1.652,1.653,586.32,5994.77,3893.92,2893.14,4627.35,2437.54,1932.67,2246.94,9261.66,7781.23,450.6,8315.22,10622.09,7414.75,8262.91,6885.34,2867.2,3521.81,2877.7,3053.93
106,1.643,1.642,1.641,1.64,1.639,1.638,1.637,1.636,1.635,1.634,1.644,1.645,1.646,1.647,1.648,1.649,1.65,1.651,1.652,1.653,598.31,6053.46,3558.96,3105.01,3947.93,2428.16,1932.67,2246.94,5800.68,7781.23,393.26,7643.87,12036.16,8397.29,8232.02,4876.38,2929.56,3521.81,2877.7,3053.93
107,1.643,1.642,1.641,1.64,1.639,1.638,1.637,1.636,1.635,1.634,1.644,1.645,1.646,1.647,1.648,1.649,1.65,1.651,1.652,1.653,2466.57,6417.9,3676.26,2502.49,3596.99,2264.12,1932.67,3610.74,8206.25,10786.36,175.55,5658.49,8506.26,9787.55,5484.14,7783.83,2867.2,3521.81,2877.7,3053.93
108,1.644,1.643,1.642,1.641,1.64,1.639,1.638,1.637,1.636,1.635,1.645,1.646,1.647,1.648,1.649,1.65,1.651,1.652,1.653,1.654,2278.29,6303.05,3833.78,3786.87,2477.66,3558.77,1897.85,4182.4,4910.69,6279.93,208.81,5426.32,10116.32,10671.98,7041.07,7176.88,2309.3,2877.7,3253.93,2070.88
109,1.645,1.644,1.643,1.642,1.641,1.64,1.639,1.638,1.637,1.636,1.646,1.647,1.648,1.649,1.65,1.651,1.652,1.653,1.654,1.655,219.54,4243.56,4687.52,3833.78,3218.62,2477.66,3460.38,1897.85,4182.4,5487.37,2667.58,12269.92,8628.6,10222.64,5902.31,3692.15,2940.06,3253.93,2070.88,278.88
110,1.645,1.644,1.643,1.642,1.641,1.64,1.639,1.638,1.637,1.636,1.646,1.647,1.648,1.649,1.65,1.651,1.652,1.653,1.654,1.655,2276.61,5815.19,3396.85,4016.19,7369.34,2272.78,2401.53,2193.05,5203.92,5195.54,186.21,4159.27,12657.78,10142.26,7614.15,6169.89,3103.26,3253.93,2070.88,278.88
111,1.645,1.644,1.643,1.642,1.641,1.64,1.639,1.638,1.637,1.636,1.646,1.647,1.648,1.649,1.65,1.651,1.652,1.653,1.654,1.655,4095.28,4347.08,4187,3942.96,6806.69,2195.36,2401.53,2461.08,6567.72,3563.26,132.5,5301.55,10236.29,10260.98,7875.22,7983.56,3040.9,3253.93,2070.88,278.88
112,1.645,1.644,1.643,1.642,1.641,1.64,1.639,1.638,1.637,1.636,1.646,1.647,1.648,1.649,1.65,1.651,1.652,1.653,1.654,1.655,2312.93,5814.39,4187,4138.81,6806.71,2195.36,3765.33,2461.08,5203.92,5760.44,227.75,3577.54,12486.43,8672.2,8856.43,5880.7,4084.43,3253.93,2070.88,278.88
113,1.645,1.644,1.643,1.642,1.641,1.64,1.639,1.638,1.637,1.636,1.646,1.647,1.648,1.649,1.65,1.651,1.652,1.653,1.654,1.655,213.14,4274.04,4303.07,3873.44,3238.55,6624.02,3927.53,2461.08,5203.92,5760.44,3013.85,9575.76,8943.23,8949.94,7172.52,4676.62,3103.21,3253.93,2070.88,278.88
114,1.645,1.644,1.643,1.642,1.641,1.64,1.639,1.638,1.637,1.636,1.646,1.647,1.648,1.649,1.65,1.651,1.652,1.653,1.654,1.655,2305.86,5158.38,3983.46,4030,2988.94,5222.06,5392.41,2461.08,7900.66,5760.44,245.52,4406.38,8021.89,11788.13,7697.7,4676.62,3103.21,3253.93,2070.88,278.88
115,1.645,1.644,1.643,1.642,1.641,1.64,1.639,1.638,1.637,1.636,1.646,1.647,1.648,1.649,1.65,1.651,1.652,1.653,1.654,1.655,2319.23,6041.8,4407.2,3942.11,2315.19,5214.68,5392.41,4558.26,7900.66,3663.26,221.88,4385.14,7895.78,12488.03,6717.8,8769.26,3040.9,3253.93,2070.88,278.88
116,1.645,1.644,1.643,1.642,1.641,1.64,1.639,1.638,1.637,1.636,1.646,1.647,1.648,1.649,1.65,1.651,1.652,1.653,1.654,1.655,2311.78,6162.83,3345.33,3918.19,2307.81,5451.62,5392.41,4558.26,7900.66,3663.26,221.77,5714.11,11029.16,10325.44,7699.3,5729.69,3040.9,3311.03,2070.88,278.88
117,1.646,1.645,1.644,1.643,1.642,1.641,1.64,1.639,1.638,1.637,1.647,1.648,1.649,1.65,1.651,1.652,1.653,1.654,1.655,1.656,157.67,2872.99,6048.1,3460.52,4187.6,2200.89,5214.68,7314.03,4558.26,6284.52,2247.87,9662.88,8285.28,10048.27,8208.77,4213.3,2005.56,2170.88,378.88,3250.98
118,1.647,1.646,1.645,1.644,1.643,1.642,1.641,1.64,1.639,1.638,1.648,1.649,1.65,1.651,1.652,1.653,1.654,1.655,1.656,1.657,2283.46,4457.23,5339.06,4364.5,2794.02,3673.68,2157.85,4947.49,8206.07,5758.19,114.75,4370.21,8168.76,13310.83,7824.68,4685.32,2170.88,602.68,3400.45,2153.9
119,1.648,1.647,1.646,1.645,1.644,1.643,1.642,1.641,1.64,1.639,1.649,1.65,1.651,1.652,1.653,1.654,1.655,1.656,1.657,1.658,104.73,2379.81,5378.85,2806.79,4426.28,2794.02,3513.5,4077.13,4947.49,6591.9,2330.25,9649.06,5534.33,12239.19,6420.93,4561.07,664.99,3500.45,2153.9,3483.83
120,1.648,1.647,1.646,1.645,1.644,1.643,1.642,1.641,1.64,1.639,1.649,1.65,1.651,1.652,1.653,1.654,1.655,1.656,1.657,1.658,2128.04,6206.87,3797.02,3462.32,3283.49,2621.38,2053.47,5674.07,6551.28,4603.05,91.33,5811.08,9525.03,10814.33,8661.07,7516.49,778.59,3400.45,2138,3583.83
121,1.649,1.648,1.647,1.646,1.645,1.644,1.643,1.642,1.641,1.64,1.65,1.651,1.652,1.653,1.654,1.655,1.656,1.657,1.658,1.659,2143.99,6446.95,3422.47,2818.06,2985.13,3009.74,2143.4,2254.19,7037.87,4893.39,1104.74,6353.33,9554.83,8771.41,7313.44,3796.92,2520,1517.44,3487.39,194.31
122,1.649,1.648,1.647,1.646,1.645,1.644,1.643,1.642,1.641,1.64,1.65,1.651,1.652,1.653,1.654,1.655,1.656,1.657,1.658,1.659,333.53,6272.93,3606.14,2818.06,3020.02,2349.14,2143.4,2621.07,7077.97,6890.57,372.31,7086.63,12477.15,8858.84,5855.46,4158.05,2745.06,366.41,3288.72,492.98
123,1.649,1.648,1.647,1.646,1.645,1.644,1.643,1.642,1.641,1.64,1.65,1.651,1.652,1.653,1.654,1.655,1.656,1.657,1.658,1.659,2429.96,6325.08,4289.44,3333.7,5444.98,2181,2143.4,2621.07,7077.97,4459.71,213.14,8250.05,11115,8622.62,5855.46,5136.83,2745.06,466.41,3288.72,392.98
124,1.649,1.648,1.647,1.646,1.645,1.644,1.643,1.642,1.641,1.64,1.65,1.651,1.652,1.653,1.654,1.655,1.656,1.657,1.658,1.659,225.37,6315.41,4309.44,3333.7,6051.22,2945.69,2553.32,3984.87,5714.17,7156.45,375.37,8330.36,10254.34,8503.92,5854.67,6150.67,2745.06,466.41,3288.72,392.98
125,1.649,1.648,1.647,1.646,1.645,1.644,1.643,1.642,1.641,1.64,1.65,1.651,1.652,1.653,1.654,1.655,1.656,1.657,1.658,1.659,2856.29,5364.53,3884,4317.36,2325.82,5906.52,3321.63,3884.87,5406.9,7256.45,213.14,3049.42,11177.12,12333.85,7520.7,3633.16,2745.06,466.41,3288.72,392.98
126,1.65,1.649,1.648,1.647,1.646,1.645,1.644,1.643,1.642,1.641,1.651,1.652,1.653,1.654,1.655,1.656,1.657,1.658,1.659,1.66,2843.35,5310.26,4477.02,3364.59,5039.25,2894.65,2966.66,5690.86,3734.88,3894.89,673.08,5021.12,9353.53,10289.71,5600.63,6841.72,366.41,3288.72,392.98,3657.64
127,1.651,1.65,1.649,1.648,1.647,1.646,1.645,1.644,1.643,1.642,1.652,1.653,1.654,1.655,1.656,1.657,1.658,1.659,1.66,1.661,2859.52,5242,3812.75,4689.94,4275.82,4542.69,4685.5,2985.49,7060.99,3642.85,809.89,3881.53,9586.71,8456.52,8199.42,2517.21,2362.57,174.31,4013.68,148.25
128,1.65,1.649,1.648,1.647,1.646,1.645,1.644,1.643,1.642,1.641,1.651,1.652,1.653,1.654,1.655,1.656,1.657,1.658,1.659,1.66,2833.58,5769.41,4235.26,3212.41,6200.73,3306.05,2852.27,8670.85,3642.85,3469.68,202.2,4112.86,9201.91,9113.96,5199.1,6234.68,3640.75,2362.57,174.31,4013.68
129,1.65,1.649,1.648,1.647,1.646,1.645,1.644,1.643,1.642,1.641,1.651,1.652,1.653,1.654,1.655,1.656,1.657,1.658,1.659,1.66,2809.17,5984.18,4235.26,3292.55,6208.07,3338.55,4349.29,7307.05,3642.85,3469.68,365.7,6032.3,8255.42,10199.9,5199.1,7200.45,2526.2,2362.57,174.31,4013.68
130,1.649,1.648,1.647,1.646,1.645,1.644,1.643,1.642,1.641,1.64,1.65,1.651,1.652,1.653,1.654,1.655,1.656,1.657,1.658,1.659,2990.19,5448.45,5075.23,3430.12,6212.39,4636.89,7307.05,3732.11,3469.68,5086.92,203.14,3728.68,11231.52,11373.82,7151.27,5851.69,5567.48,1834.83,2070.85,1580.06
131,1.649,1.648,1.647,1.646,1.645,1.644,1.643,1.642,1.641,1.64,1.65,1.651,1.652,1.653,1.654,1.655,1.656,1.657,1.658,1.659,2384.01,4758.58,5846.66,3430.12,5594.13,5140.61,6290.88,3732.11,3469.68,5086.92,213.14,2882.63,8591.1,12248.87,8144.27,6984.65,4741.86,561.32,2070.85,1580.06
132,1.65,1.649,1.648,1.647,1.646,1.645,1.644,1.643,1.642,1.641,1.651,1.652,1.653,1.654,1.655,1.656,1.657,1.658,1.659,1.66,3219.41,5797.38,3554.38,3891.93,3775.17,5945.71,3468.32,7583.01,3748.37,3469.68,388.69,2588.13,9492.28,11123.43,5933.86,7289.08,4820.12,2003.7,1647.38,4013.68
133,1.651,1.65,1.649,1.648,1.647,1.646,1.645,1.644,1.643,1.642,1.652,1.653,1.654,1.655,1.656,1.657,1.658,1.659,1.66,1.661,3091.31,5511.33,4147.84,3991.06,3064.8,2921.76,7058,2995.3,5839.6,3748.37,727.47,2119.11,9580.35,11436.96,6513.23,4374.86,2302.46,1647.38,4013.68,148.25
134,1.652,1.651,1.65,1.649,1.648,1.647,1.646,1.645,1.644,1.643,1.653,1.654,1.655,1.656,1.657,1.658,1.659,1.66,1.661,1.662,444.01,4486.99,5389.63,3746.47,3039.34,2232.82,2614.05,6781.65,4425.99,8536.34,468.6,7239.53,8498.08,10585.9,8644.44,6029.78,821.16,3815.01,148.25,2333.09
135,1.649,1.648,1.647,1.646,1.645,1.644,1.643,1.642,1.641,1.64,1.65,1.651,1.652,1.653,1.654,1.655,1.656,1.657,1.658,1.659,2680.57,5103.74,4177.74,4939.08,7104.25,3261.05,6157.52,3427.57,6166.42,3033.21,213.14,3311.98,11222.07,9327.18,4880.08,7467.59,4523.39,2167.34,2665.8,1649.86
136,1.65,1.649,1.648,1.647,1.646,1.645,1.644,1.643,1.642,1.641,1.651,1.652,1.653,1.654,1.655,1.656,1.657,1.658,1.659,1.66,377.03,6098.53,3760.03,3420.12,6226.53,6873.61,5169.21,4193.7,3427.57,6166.42,437.76,6107.97,7633.85,8958.67,8575.8,5500.8,2167.34,2533.83,1649.86,3699.11
137,1.648,1.647,1.646,1.645,1.644,1.643,1.642,1.641,1.64,1.639,1.649,1.65,1.651,1.652,1.653,1.654,1.655,1.656,1.657,1.658,139.92,3914.27,6002.79,7897.15,6511.45,7207.08,2293.2,5859.15,3327.95,6881.63,195.95,4005.71,7774.28,9978.6,9967.91,7031.77,3324.01,2272.91,2230.87,3640.63
138,1.648,1.647,1.646,1.645,1.644,1.643,1.642,1.641,1.64,1.639,1.649,1.65,1.651,1.652,1.653,1.654,1.655,1.656,1.657,1.658,3020.47,5211.42,4068.01,6534.07,7269.01,7253.71,2426.71,5859.15,3327.95,6881.63,213.14,3884.43,5950.97,10022.11,8819.19,7818.7,3264.01,2272.91,2230.87,3640.63
139,1.646,1.645,1.644,1.643,1.642,1.641,1.64,1.639,1.638,1.637,1.647,1.648,1.649,1.65,1.651,1.652,1.653,1.654,1.655,1.656,228.34,3432.48,6118.59,7924.06,7971.72,3098.44,2887.91,13289.72,3639.63,3276.66,510.25,6209.76,6956.4,11703.32,8639.65,5498.62,5274.85,2506.58,3361.33,3361.27
140,1.646,1.645,1.644,1.643,1.642,1.641,1.64,1.639,1.638,1.637,1.647,1.648,1.649,1.65,1.651,1.652,1.653,1.654,1.655,1.656,1371.02,5295.36,4114.79,7924.06,7971.72,2942.4,2859.55,13644.94,3425.91,3276.66,114.75,6113.35,6959.64,11520.61,9256.5,5538.89,5274.85,2506.58,3361.33,3361.27
141,1.646,1.645,1.644,1.643,1.642,1.641,1.64,1.639,1.638,1.637,1.647,1.648,1.649,1.65,1.651,1.652,1.653,1.654,1.655,1.656,1351.35,3651.34,5975.7,7924.06,7971.72,2942.4,2859.55,13652.92,3425.91,3276.66,303.11,6123.38,6959.71,12148.67,9285.33,5546.54,4145.85,2506.58,3361.33,3482.23
142,1.645,1.644,1.643,1.642,1.641,1.64,1.639,1.638,1.637,1.636,1.646,1.647,1.648,1.649,1.65,1.651,1.652,1.653,1.654,1.655,215.2,2607.37,5607.51,3949.02,6776.26,5035.37,9362.87,3425.91,3276.66,4035.34,2380.08,6731.13,7174.22,11215.81,7205.1,7161.74,4310.9,2005.56,3744.55,3378.01
143,1.644,1.643,1.642,1.641,1.64,1.639,1.638,1.637,1.636,1.635,1.645,1.646,1.647,1.648,1.649,1.65,1.651,1.652,1.653,1.654,1091.65,5718.85,3827.36,8670.6,8875.72,7416.11,5366.52,2968.83,4327.35,3916.45,309.58,6327.27,7526.89,10690.45,9488.15,6094.77,3808.79,3135.78,2138.42,3744.55
144,1.644,1.643,1.642,1.641,1.64,1.639,1.638,1.637,1.636,1.635,1.645,1.646,1.647,1.648,1.649,1.65,1.651,1.652,1.653,1.654,688.18,6319.05,3827.36,9070.03,7857.34,8036.88,5366.52,2968.83,4327.35,4010.87,213.14,5982.55,6542.52,11235.07,8840.18,5108.98,3710.4,3135.78,2138.42,3744.55
145,1.644,1.643,1.642,1.641,1.64,1.639,1.638,1.637,1.636,1.635,1.645,1.646,1.647,1.648,1.649,1.65,1.651,1.652,1.653,1.654,674.31,4127.66,5653.84,9070.32,6643.32,9278.8,5366.52,2968.83,4327.35,4010.87,170.75,5469.31,6565.94,10716.77,6142.67,7818.06,2729.03,2155.01,2005.56,3877.33
146,1.644,1.643,1.642,1.641,1.64,1.639,1.638,1.637,1.636,1.635,1.645,1.646,1.647,1.648,1.649,1.65,1.651,1.652,1.653,1.654,595.32,5951.03,3827.36,9070.27,6515.64,9273.71,5494.37,2968.83,4327.35,4010.87,138.39,6637.6,10180.95,10377.05,7137.16,7646.8,2729.03,2155.01,2005.56,3877.33
147,1.645,1.644,1.643,1.642,1.641,1.64,1.639,1.638,1.637,1.636,1.646,1.647,1.648,1.649,1.65,1.651,1.652,1.653,1.654,1.655,2385.26,6545.08,4304.16,3646.67,9309.84,6549.01,7572.76,3262.78,5665.57,4036.27,120.84,6693.7,10459.01,11186.28,8332.11,4939.59,2055.01,3380.49,4093.23,2056.33
148,1.645,1.644,1.643,1.642,1.641,1.64,1.639,1.638,1.637,1.636,1.646,1.647,1.648,1.649,1.65,1.651,1.652,1.653,1.654,1.655,2445.26,6545.08,4304.16,3646.67,9309.84,6682.86,7451.43,3134.93,5665.57,4036.27,120.84,5118.66,13054.27,10152.99,10248.08,4939.59,2055.01,3380.49,4093.23,2056.33
149,1.646,1.645,1.644,1.643,1.642,1.641,1.64,1.639,1.638,1.637,1.647,1.648,1.649,1.65,1.651,1.652,1.653,1.654,1.655,1.656,219.23,4865.34,5745.32,3183.25,6227.91,2179.58,6511.83,7451.43,4849.72,6173.58,336.31,10467.18,10077.04,9546.01,9867.22,3917.71,2366.67,4193.23,2056.33,3598.13
150,1.646,1.645,1.644,1.643,1.642,1.641,1.64,1.639,1.638,1.637,1.647,1.648,1.649,1.65,1.651,1.652,1.653,1.654,1.655,1.656,580.39,5273.74,5979.06,3184.19,6258.95,2007.07,4280.8,9548.61,4541.71,6173.58,239.98,9599.49,10649.94,8633.86,10092.05,4210.82,2005.56,4060.45,2056.33,3598.13
151,1.647,1.646,1.645,1.644,1.643,1.642,1.641,1.64,1.639,1.638,1.648,1.649,1.65,1.651,1.652,1.653,1.654,1.655,1.656,1.657,2586.76,6424.6,3782.24,8893.84,2498.74,3866.86,1840.57,4840.08,10794.66,4553.21,120.83,5353.96,13534.55,10725.15,6356.5,6792.79,2506.58,2172.23,3798.13,1896.06
152,1.647,1.646,1.645,1.644,1.643,1.642,1.641,1.64,1.639,1.638,1.648,1.649,1.65,1.651,1.652,1.653,1.654,1.655,1.656,1.657,2386.76,6811.24,4441.68,8893.84,3185.59,3180.01,1966.29,4572.5,10894.66,4553.21,96.95,8328.09,10207.83,11442.37,7336.8,8750.8,2506.58,2172.23,3798.13,1896.06
153,1.648,1.647,1.646,1.645,1.644,1.643,1.642,1.641,1.64,1.639,1.649,1.65,1.651,1.652,1.653,1.654,1.655,1.656,1.657,1.658,439.45,6358.64,4068.63,3942.94,7603.93,2318.7,2627.95,3885.57,5956.17,9073.04,101.46,9893.3,12796.28,9646.97,8453.7,4758.95,2172.23,3698.13,1896.06,3703.06
154,1.647,1.646,1.645,1.644,1.643,1.642,1.641,1.64,1.639,1.638,1.648,1.649,1.65,1.651,1.652,1.653,1.654,1.655,1.656,1.657,552.02,6507.75,3410.29,8519.89,3777.4,2670.21,3751.92,5956.17,8464.96,3734.15,108.73,9376.54,9855.27,10147.71,9387.6,3966.03,2798.57,2234.59,3798.13,1896.06
155,1.647,1.646,1.645,1.644,1.643,1.642,1.641,1.64,1.639,1.638,1.648,1.649,1.65,1.651,1.652,1.653,1.654,1.655,1.656,1.657,559.38,6144.3,3761.89,8517.2,3170.42,2726.03,3885.57,5940.31,8452.29,3639.9,213.14,6609.52,11193.59,7460.17,6791.18,7767.41,3778.94,2172.23,3798.13,1896.06
156,1.648,1.647,1.646,1.645,1.644,1.643,1.642,1.641,1.64,1.639,1.649,1.65,1.651,1.652,1.653,1.654,1.655,1.656,1.657,1.658,477.09,4157.78,4249.03,4874.01,8400.33,3005.55,3925.86,3885.57,4576.51,8097.07,222.89,5766.35,7932.05,12391.25,7949.77,4806.36,2172.23,3798.13,1896.06,3603.06
157,1.649,1.648,1.647,1.646,1.645,1.644,1.643,1.642,1.641,1.64,1.65,1.651,1.652,1.653,1.654,1.655,1.656,1.657,1.658,1.659,618.43,5872.35,3762.89,4458.05,5195.73,4981.97,2881.28,4224.94,5301.02,4592.26,262.71,7672.36,10019.7,11932.75,7498.26,3620.22,2505.07,1953.16,3687.16,419.75
158,1.649,1.648,1.647,1.646,1.645,1.644,1.643,1.642,1.641,1.64,1.65,1.651,1.652,1.653,1.654,1.655,1.656,1.657,1.658,1.659,349.47,6237.71,4482.45,8442.96,3264.56,4990.23,2881.28,4358.38,5167.37,4592.26,195.82,9399.02,10219.89,8856.68,9450.22,5578.38,2372.7,1953.16,3687.16,419.75
159,1.649,1.648,1.647,1.646,1.645,1.644,1.643,1.642,1.641,1.64,1.65,1.651,1.652,1.653,1.654,1.655,1.656,1.657,1.658,1.659,405.57,4483.84,5155.63,4093.2,4865.31,4801.79,2881.28,2994.58,5067.37,6056.06,213.73,7854.49,9656.26,8671.3,7431.85,4601.14,2372.7,2085.39,3687.16,419.75
160,1.649,1.648,1.647,1.646,1.645,1.644,1.643,1.642,1.641,1.64,1.65,1.651,1.652,1.653,1.654,1.655,1.656,1.657,1.658,1.659,213.14,3187.71,5782.89,4215.79,5820.65,5672.77,4245.08,5091.76,5477.79,4692.26,1310.63,9035.12,10529.33,8279.41,7272.33,4601.14,2472.7,2085.39,3587.16,419.75
161,1.648,1.647,1.646,1.645,1.644,1.643,1.642,1.641,1.64,1.639,1.649,1.65,1.651,1.652,1.653,1.654,1.655,1.656,1.657,1.658,780.05,6268.34,4314.25,5823.09,5665.88,4245.08,5091.76,5067.37,4692.26,6145.85,213.14,4109.31,9204.8,10419.63,7636.49,4665.68,4601.14,2472.7,1953.16,3587.16
162,1.648,1.647,1.646,1.645,1.644,1.643,1.642,1.641,1.64,1.639,1.649,1.65,1.651,1.652,1.653,1.654,1.655,1.656,1.657,1.658,428.31,6372.85,4143.17,4676.33,5665.88,4471.52,5099.99,5067.37,4692.26,6145.85,192.16,5931.35,6815.42,9572.28,7864.82,6656.91,2629.97,2472.7,1953.16,3587.16
163,1.648,1.647,1.646,1.645,1.644,1.643,1.642,1.641,1.64,1.639,1.649,1.65,1.651,1.652,1.653,1.654,1.655,1.656,1.657,1.658,428.31,6671,4143.17,4676.33,5665.88,4471.52,4966.55,5200.95,4692.26,6145.85,192.16,5871.35,6815.47,11177.34,6873.44,6656.91,2629.97,2472.7,1953.16,3587.16
164,1.648,1.647,1.646,1.645,1.644,1.643,1.642,1.641,1.64,1.639,1.649,1.65,1.651,1.652,1.653,1.654,1.655,1.656,1.657,1.658,512.26,6120.23,3780.56,3183.42,3930.58,6947.25,5265.85,5200.95,4681.63,6145.85,355.03,6000.53,8853.89,9444.87,5150.65,7287.58,2629.97,2472.7,3323.91,3587.16
165,1.649,1.648,1.647,1.646,1.645,1.644,1.643,1.642,1.641,1.64,1.65,1.651,1.652,1.653,1.654,1.655,1.656,1.657,1.658,1.659,547.12,5081.57,5857.88,3064.21,3782.38,5089.76,6064.91,5085.24,5067.37,4692.26,119.3,6574.32,9779.75,9687.45,7434.75,5605.42,2472.7,3323.91,3587.16,323.31
166,1.648,1.647,1.646,1.645,1.644,1.643,1.642,1.641,1.64,1.639,1.649,1.65,1.651,1.652,1.653,1.654,1.655,1.656,1.657,1.658,521.36,6212.9,3644.99,3183.03,5992.3,6845.81,4951.8,5200.95,4692.26,6145.85,213.14,4884.52,12567.27,9173.08,5125.58,6291,4589.52,2472.7,3323.91,3587.16
167,1.647,1.646,1.645,1.644,1.643,1.642,1.641,1.64,1.639,1.638,1.648,1.649,1.65,1.651,1.652,1.653,1.654,1.655,1.656,1.657,2319.61,5963.18,3823.53,4663.8,7694.16,4826.81,3885.5,4676.68,6145.85,2998.21,213.14,7057.78,8541.57,9866.69,8837.99,2986.42,3937.41,2337.38,2572.7,3323.91
168,1.649,1.648,1.647,1.646,1.645,1.644,1.643,1.642,1.641,1.64,1.65,1.651,1.652,1.653,1.654,1.655,1.656,1.657,1.658,1.659,3227.21,5760.29,3885.17,5592.32,3166.17,2214.13,6671.52,4955.21,4885.87,4692.26,213.14,6532.13,7889.9,11425.95,5492.96,6726.54,2356.8,3439.81,3587.16,323.31
169,1.65,1.649,1.648,1.647,1.646,1.645,1.644,1.643,1.642,1.641,1.651,1.652,1.653,1.654,1.655,1.656,1.657,1.658,1.659,1.66,3128.46,4084.73,5543.57,7713.69,2733.34,2838.53,2072.24,8588.46,5974.13,3607.38,810.7,6460.23,6051.97,11616.97,8098.09,7677.25,2069.06,3587.16,423.31,3195.47
170,1.649,1.648,1.647,1.646,1.645,1.644,1.643,1.642,1.641,1.64,1.65,1.651,1.652,1.653,1.654,1.655,1.656,1.657,1.658,1.659,550.55,4304.37,6325.37,3187.19,5489.97,2283.74,8588.46,6107.51,3473.86,6684.2,393.7,8866.48,9735.5,10445.91,5807.52,5958.62,2554.93,2069.06,3819.25,323.31
171,1.648,1.647,1.646,1.645,1.644,1.643,1.642,1.641,1.64,1.639,1.649,1.65,1.651,1.652,1.653,1.654,1.655,1.656,1.657,1.658,635.47,6482.46,3775.29,3286.94,5054.14,6852.59,4658.87,5019.39,6398.54,6522.15,536.52,7851.99,8527.05,9624.99,7829.91,4626.59,2464.08,2356.8,3541.67,3587.16
172,1.648,1.647,1.646,1.645,1.644,1.643,1.642,1.641,1.64,1.639,1.649,1.65,1.651,1.652,1.653,1.654,1.655,1.656,1.657,1.658,451.38,6106.79,3775.29,3286.94,5054.14,7017.27,4658.87,4885.87,6839.66,6522.15,552.97,6513.56,7530.39,9757.69,7168.87,6289.73,2464.08,2356.8,3409.44,3587.16
173,1.648,1.647,1.646,1.645,1.644,1.643,1.642,1.641,1.64,1.639,1.649,1.65,1.651,1.652,1.653,1.654,1.655,1.656,1.657,1.658,1363.53,6150.85,3775.29,3457.26,5586.93,6842.66,4668.81,4885.87,6839.66,6522.15,125.92,5805.26,5548.3,8317.64,7114.83,7733.09,2172.23,2356.8,3409.44,3587.16
174,1.65,1.649,1.648,1.647,1.646,1.645,1.644,1.643,1.642,1.641,1.651,1.652,1.653,1.654,1.655,1.656,1.657,1.658,1.659,1.66,644.55,6258.93,3995.19,3907.81,8095.4,7053.52,2072.24,7494.96,3372.96,3607.44,668.81,6535.37,10018.07,10372.06,7094.02,5781.86,2069.06,3687.16,323.31,3195.47
175,1.65,1.649,1.648,1.647,1.646,1.645,1.644,1.643,1.642,1.641,1.651,1.652,1.653,1.654,1.655,1.656,1.657,1.658,1.659,1.66,5.91,736.46,5945.34,4196.58,5441.2,6688.38,3914.75,6895.4,6203.08,3473.86,4953.82,9290.01,9112.6,8786.42,7968.78,2715.47,2201.23,3687.16,323.31,3195.47
176,1.649,1.648,1.647,1.646,1.645,1.644,1.643,1.642,1.641,1.64,1.65,1.651,1.652,1.653,1.654,1.655,1.656,1.657,1.658,1.659,382.59,4216.59,6407.05,5441.2,7294.62,3765.59,6298.74,6203.08,3166.59,6408.4,564.39,9644.51,9240.27,7698.95,6668.86,5951.93,2715.47,2201.23,3687.16,323.31
177,1.647,1.646,1.645,1.644,1.643,1.642,1.641,1.64,1.639,1.638,1.648,1.649,1.65,1.651,1.652,1.653,1.654,1.655,1.656,1.657,1040.84,3889.91,5321.8,4442.17,7574.59,4821.03,6582.18,6409.12,3517.96,2870.44,213.14,6254.11,8664.29,11048.14,7877.64,6237.69,4918.09,2338.64,2520.57,3424.84
178,1.647,1.646,1.645,1.644,1.643,1.642,1.641,1.64,1.639,1.638,1.648,1.649,1.65,1.651,1.652,1.653,1.654,1.655,1.656,1.657,511.04,4182.03,6151.77,4442.17,7574.59,4821.03,6448.66,6399.15,3661.74,2870.44,204.21,6166.86,8726.83,10972.18,8560.56,4148.02,4918.09,2438.64,2520.57,3424.84
179,1.648,1.647,1.646,1.645,1.644,1.643,1.642,1.641,1.64,1.639,1.649,1.65,1.651,1.652,1.653,1.654,1.655,1.656,1.657,1.658,593.08,4171.65,5956.64,3967.29,5377.61,6831.32,4659.24,6448.66,7719.65,3825.6,161.52,6187.44,8369.55,13661.38,5989.73,6881.17,2438.64,2520.57,3424.84,3487.16
180,1.649,1.648,1.647,1.646,1.645,1.644,1.643,1.642,1.641,1.64,1.65,1.651,1.652,1.653,1.654,1.655,1.656,1.657,1.658,1.659,390.62,5919.19,3855.33,3804.31,5464.33,2393.06,6671.52,4962.01,7764.07,7421.45,444.02,9171.44,9220.19,9794.71,7497.01,6554.52,2420.57,3524.84,3587.16,323.31
181,1.65,1.649,1.648,1.647,1.646,1.645,1.644,1.643,1.642,1.641,1.651,1.652,1.653,1.654,1.655,1.656,1.657,1.658,1.659,1.66,98.39,3307.73,6636.47,5016.93,4438.18,3707.86,2234.64,8588.46,5095.45,6352.06,2797.02,10126.67,10031.98,11414.11,9871.98,2714.73,3657.07,3587.16,323.31,3195.47
182,1.649,1.648,1.647,1.646,1.645,1.644,1.643,1.642,1.641,1.64,1.65,1.651,1.652,1.653,1.654,1.655,1.656,1.657,1.658,1.659,213.14,4820.81,5600.72,5518.36,3707.86,2234.64,6671.52,4659.24,7907.53,7714.97,383.6,8729.58,9659.45,8986.33,6796.86,8212.06,2420.57,3524.84,3587.16,323.31
183,1.651,1.65,1.649,1.648,1.647,1.646,1.645,1.644,1.643,1.642,1.652,1.653,1.654,1.655,1.656,1.657,1.658,1.659,1.66,1.661,269.21,3500.55,3945.6,6020.22,5475.06,6584.11,2781.51,2072.24,8588.46,6682.02,281.86,8420.48,7059.87,7001.06,9964.63,3228.01,2480.36,423.31,3344.94,1653.18
184,1.651,1.65,1.649,1.648,1.647,1.646,1.645,1.644,1.643,1.642,1.652,1.653,1.654,1.655,1.656,1.657,1.658,1.659,1.66,1.661,218.99,4108.51,5951.07,3381.34,8499.74,5903.02,4697.52,2072.24,7740.25,6805.46,507.44,8644.5,8868.66,7736.29,7048.25,6302.09,2480.36,423.31,3344.94,1653.18
185,1.651,1.65,1.649,1.648,1.647,1.646,1.645,1.644,1.643,1.642,1.652,1.653,1.654,1.655,1.656,1.657,1.658,1.659,1.66,1.661,4411.99,6635.98,3908.45,4716.29,3847.94,5484.48,4536.06,2366.41,8280.38,6474.8,6.33,2286.91,12005.04,10774.37,4408.86,7162.56,2644.57,555.26,3344.94,1653.18
186,1.651,1.65,1.649,1.648,1.647,1.646,1.645,1.644,1.643,1.642,1.652,1.653,1.654,1.655,1.656,1.657,1.658,1.659,1.66,1.661,4441.95,5784.28,4903.9,9109.81,3744.16,5484.48,4536.06,3730.21,4490.14,5867.82,215.96,4201.04,10395.07,8798.66,4386.38,6899.1,2824.6,671.16,3344.94,1537.28
187,1.651,1.65,1.649,1.648,1.647,1.646,1.645,1.644,1.643,1.642,1.652,1.653,1.654,1.655,1.656,1.657,1.658,1.659,1.66,1.661,422.22,4601.54,5895.66,3709.41,6166.2,6253.5,4536.06,2366.41,3883.53,4107.06,657.52,7397.18,10140.24,9009.75,5322.9,5683.21,2662.21,671.16,3344.94,1537.28
188,1.652,1.651,1.65,1.649,1.648,1.647,1.646,1.645,1.644,1.643,1.653,1.654,1.655,1.656,1.657,1.658,1.659,1.66,1.661,1.662,123.83,3209.03,6623.32,10198.66,3241.59,5703.48,7286.54,5961.58,3515.72,6122.18,848.45,11376.42,9420.4,8207.54,5237.95,7286.49,439.21,3800.55,1637.28,2333.09
189,1.651,1.65,1.649,1.648,1.647,1.646,1.645,1.644,1.643,1.642,1.652,1.653,1.654,1.655,1.656,1.657,1.658,1.659,1.66,1.661,314.75,4265.22,5827.42,9078.8,6390.33,7628.59,5961.58,3515.72,6122.18,5837.77,544.61,6824.15,10372.06,9817.36,6332.05,5925.36,5189.06,539.21,3800.55,1537.28
190,1.65,1.649,1.648,1.647,1.646,1.645,1.644,1.643,1.642,1.641,1.651,1.652,1.653,1.654,1.655,1.656,1.657,1.658,1.659,1.66,274.87,4130.44,6544.41,4814.28,6888.43,5601.64,2529.78,7642.15,5824.82,3555.32,313.4,6650.07,8688.14,10771.04,6983.96,7814.54,2303.48,2264.46,1750.78,3684.64
191,1.651,1.65,1.649,1.648,1.647,1.646,1.645,1.644,1.643,1.642,1.652,1.653,1.654,1.655,1.656,1.657,1.658,1.659,1.66,1.661,376.77,3460.17,6675.99,4671.85,8167.34,6028.62,5259.45,2396.69,7765.53,6131.9,246.05,6626.22,8509.43,12684.75,7035.8,4584.72,2396.55,1618.83,3684.64,1537.28
192,1.65,1.649,1.648,1.647,1.646,1.645,1.644,1.643,1.642,1.641,1.651,1.652,1.653,1.654,1.655,1.656,1.657,1.658,1.659,1.66,1243.49,5441.74,4545.71,5042.62,6889.76,5417.64,2539.77,7632.23,6131.9,3555.32,262.24,6203.19,7314.21,9911.18,9531.16,5198.92,4417.95,2380.36,1650.78,3668.74
193,1.65,1.649,1.648,1.647,1.646,1.645,1.644,1.643,1.642,1.641,1.651,1.652,1.653,1.654,1.655,1.656,1.657,1.658,1.659,1.66,394.88,3331.89,6813.67,5430.76,5678.01,4243.03,2396.69,7765.53,6131.9,3555.32,262.24,8282.49,7567.02,10664.16,5917.83,6860.3,2561.77,2512.45,1518.83,3568.74
194,1.65,1.649,1.648,1.647,1.646,1.645,1.644,1.643,1.642,1.641,1.651,1.652,1.653,1.654,1.655,1.656,1.657,1.658,1.659,1.66,4202.94,5622.07,4739.8,3508.42,7495.63,4046.97,2396.69,7765.53,6131.9,3555.32,147.49,3375.7,7613.32,10373.19,7829.74,6992.75,2461.77,2512.45,1618.83,3568.74
195,1.65,1.649,1.648,1.647,1.646,1.645,1.644,1.643,1.642,1.641,1.651,1.652,1.653,1.654,1.655,1.656,1.657,1.658,1.659,1.66,768.7,4061.65,4104.37,3649.7,5525.96,6316.69,2396.69,7765.53,5837.77,3555.32,436.97,5264.87,9576.09,12518.17,4936.78,5872.59,2163.82,2512.45,1618.83,3568.74
196,1.65,1.649,1.648,1.647,1.646,1.645,1.644,1.643,1.642,1.641,1.651,1.652,1.653,1.654,1.655,1.656,1.657,1.658,1.659,1.66,6044.89,4854.68,4838.34,3737.6,5284.64,6122.09,2396.69,7765.53,5837.77,3555.32,65.98,3374.59,6225.95,10113.87,5950.02,7086.08,2163.82,2512.45,1618.83,3568.74
197,1.65,1.649,1.648,1.647,1.646,1.645,1.644,1.643,1.642,1.641,1.651,1.652,1.653,1.654,1.655,1.656,1.657,1.658,1.659,1.66,4193.31,7221.32,4318.35,4526.84,5284.64,6122.09,2406.62,7765.53,5837.77,3555.32,65.98,2107.5,9559.38,12738.92,5942.85,7047.3,2163.82,2512.45,1618.83,3568.74
198,1.652,1.651,1.65,1.649,1.648,1.647,1.646,1.645,1.644,1.643,1.653,1.654,1.655,1.656,1.657,1.658,1.659,1.66,1.661,1.662,332.37,6291.68,4356.14,4908.67,3899.85,2101.25,5101.6,8036.7,2406.62,6255.48,219.2,8283.22,9024.65,9022.26,7844.72,5286.9,601.55,3668.74,1537.28,2333.09
199,1.652,1.651,1.65,1.649,1.648,1.647,1.646,1.645,1.644,1.643,1.653,1.654,1.655,1.656,1.657,1.658,1.659,1.66,1.661,1.662,114.75,6445.58,4592.52,4242.41,3899.81,2120.86,5111.52,7931.25,3979.14,6122.18,1492,8556.2,7822.02,9638.69,6075.9,6340.28,323.31,3800.55,1753.18,2217.19
200,1.653,1.652,1.651,1.65,1.649,1.648,1.647,1.646,1.645,1.644,1.654,1.655,1.656,1.657,1.658,1.659,1.66,1.661,1.662,1.663,114.75,6138.92,4613.43,3563.01,4389.17,4423.25,1862.43,3899.77,7931.25,4079.14,601.03,10375.95,8722.56,8229.1,7240.42,1444.83,2689.15,1753.18,2317.19,245.77
201,1.654,1.653,1.652,1.651,1.65,1.649,1.648,1.647,1.646,1.645,1.655,1.656,1.657,1.658,1.659,1.66,1.661,1.662,1.663,1.664,4123.43,4325.39,5737.28,4098.83,8361.73,2502.08,6297.99,6471.46,5326.43,4339.81,98.39,4955.53,10779.97,8735.41,5161.26,6292.11,544.01,2134.42,245.77,3327.92
202,1.657,1.656,1.655,1.654,1.653,1.652,1.651,1.65,1.649,1.648,1.658,1.659,1.66,1.661,1.662,1.663,1.664,1.665,1.666,1.667,3255.67,6544.68,5354.47,3417.22,3797.45,4719.82,4408.32,8315.61,3778.65,4679.05,757.38,3374.72,12612.06,7469.45,6996.11,5707.66,2452.36,592.07,3387.63,1399.15
203,1.657,1.656,1.655,1.654,1.653,1.652,1.651,1.65,1.649,1.648,1.658,1.659,1.66,1.661,1.662,1.663,1.664,1.665,1.666,1.667,114.75,5797.18,4828.88,3425.1,3387.14,2798.04,2450.45,5609.09,5382.74,4811.51,3691.1,11468.34,9760.17,5815.89,5390.3,1888.32,2568.26,707.97,3518.66,1515.05
204,1.657,1.656,1.655,1.654,1.653,1.652,1.651,1.65,1.649,1.648,1.658,1.659,1.66,1.661,1.662,1.663,1.664,1.665,1.666,1.667,3003.38,7037.38,4692,5018.34,2433.65,2626.81,2440.67,5609.09,7157.32,6908.69,490.67,5118.98,11310.88,9809.69,6304.18,3227.47,2568.26,707.97,3387.63,1646
205,1.657,1.656,1.655,1.654,1.653,1.652,1.651,1.65,1.649,1.648,1.658,1.659,1.66,1.661,1.662,1.663,1.664,1.665,1.666,1.667,3768.25,6349.86,5653.45,3826.51,3100.6,2395.09,4348.32,6813.38,5479.73,6776.23,273.61,4484.22,11361.56,8139.95,6405.73,5412.71,2575.25,622.42,3618.66,1541.8
206,1.657,1.656,1.655,1.654,1.653,1.652,1.651,1.65,1.649,1.648,1.658,1.659,1.66,1.661,1.662,1.663,1.664,1.665,1.666,1.667,4290.46,6886.2,5653.45,4429.64,3100.6,2395.09,4358.08,8177.18,6213.11,4679.05,213.14,7266.15,11309.8,8235.82,5394.86,7437.68,2575.25,622.42,3618.66,1541.8
207,1.655,1.654,1.653,1.652,1.651,1.65,1.649,1.648,1.647,1.646,1.656,1.657,1.658,1.659,1.66,1.661,1.662,1.663,1.664,1.665,101.6,1941.19,5953.99,4527.26,4571.71,7943.72,6601.71,4580.83,4559.17,7184.42,2412.03,9216.43,11133.61,9740.31,4566,8559.87,2364.02,529.08,3487.5,1614.22
208,1.655,1.654,1.653,1.652,1.651,1.65,1.649,1.648,1.647,1.646,1.656,1.657,1.658,1.659,1.66,1.661,1.662,1.663,1.664,1.665,114.75,5070.54,6218.03,4526.59,5331.47,7185.52,4391.62,4703.64,6481.24,7184.42,4323.3,6407.19,10185.5,8580.32,5685.15,9677.47,2248.12,776.37,3487.5,1614.22
209,1.654,1.653,1.652,1.651,1.65,1.649,1.648,1.647,1.646,1.645,1.655,1.656,1.657,1.658,1.659,1.66,1.661,1.662,1.663,1.664,5083.65,6334,4761.08,5331.47,7185.52,4391.62,4703.64,6471.46,7184.42,2989.76,213.14,4029.23,7551.57,9791.02,6166.16,6697.6,8730.98,2248.12,776.37,3487.5
210,1.655,1.654,1.653,1.652,1.651,1.65,1.649,1.648,1.647,1.646,1.656,1.657,1.658,1.659,1.66,1.661,1.662,1.663,1.664,1.665,96.21,4720.83,6285.16,4526.59,6540.45,7185.52,4391.62,3360.78,6604.18,7184.42,2533.88,7382.61,10253.85,8761.92,5647.88,6392.98,2379.65,644.98,3487.5,1614.22
211,1.657,1.656,1.655,1.654,1.653,1.652,1.651,1.65,1.649,1.648,1.658,1.659,1.66,1.661,1.662,1.663,1.664,1.665,1.666,1.667,213.14,4361.61,4101.43,7464.9,3203.03,3778.52,4962.75,6845.06,6311.37,3693.36,4151.7,9510.85,7260.89,8126.73,7862.65,2137.45,3391.06,1714.22,2083.29,1425.9
212,1.656,1.655,1.654,1.653,1.652,1.651,1.65,1.649,1.648,1.647,1.657,1.658,1.659,1.66,1.661,1.662,1.663,1.664,1.665,1.666,4135.62,6618.33,4369.33,3027.29,3778.52,4962.75,6854.83,6433.97,3866.75,4865.32,213.14,6831.08,12975.72,8033.68,7041.27,6793.72,1951.03,3391.06,1845.32,2307.09
213,1.658,1.657,1.656,1.655,1.654,1.653,1.652,1.651,1.65,1.649,1.659,1.66,1.661,1.662,1.663,1.664,1.665,1.666,1.667,1.668,2525.67,5344.15,5776.95,4952.51,2608.37,2019.73,3445.73,6870.4,8506.74,5854.48,645.29,10090.54,8786.42,7421.13,4899.01,6300.08,622.42,2407.09,1525.9,2208.03
214,1.658,1.657,1.656,1.655,1.654,1.653,1.652,1.651,1.65,1.649,1.659,1.66,1.661,1.662,1.663,1.664,1.665,1.666,1.667,1.668,1380.07,5271.14,6702.14,4952.51,2608.37,2348.82,2072.17,10358.36,8606.74,3624.92,810.29,9663.35,9950.33,8100.41,4899.01,6172.27,622.42,2407.09,1656.79,2208.03
215,1.657,1.656,1.655,1.654,1.653,1.652,1.651,1.65,1.649,1.648,1.658,1.659,1.66,1.661,1.662,1.663,1.664,1.665,1.666,1.667,2568.36,6760.94,3859.27,4065.94,2364.02,3611.46,8994.56,8506.74,3624.92,3468.77,375.99,7898.09,11537.01,7851.85,6148.1,3713.35,4170.48,722.42,2407.09,1556.79
216,1.657,1.656,1.655,1.654,1.653,1.652,1.651,1.65,1.649,1.648,1.658,1.659,1.66,1.661,1.662,1.663,1.664,1.665,1.666,1.667,2577.97,6781.76,3740.1,4182.86,2364.02,3707.88,8872.13,8639.04,3624.92,3468.77,284.61,7898.09,11323.38,6861.5,5967.49,7347.82,2520.02,853.52,2407.09,1425.9
217,1.657,1.656,1.655,1.654,1.653,1.652,1.651,1.65,1.649,1.648,1.658,1.659,1.66,1.661,1.662,1.663,1.664,1.665,1.666,1.667,2359.2,5473.12,5566.46,5392.04,2955.24,3742.03,7664.04,7902.7,6454.04,3468.77,213.14,3688.17,9475.9,10755.47,6963.6,6177.75,5639.98,622.42,2407.09,1525.9
218,1.656,1.655,1.654,1.653,1.652,1.651,1.65,1.649,1.648,1.647,1.657,1.658,1.659,1.66,1.661,1.662,1.663,1.664,1.665,1.666,3128.33,6792.18,5107.67,3558.56,4949.02,7664.09,7198.29,6148.26,3568.77,2202.73,92.67,5563.08,7624.95,12277.81,5467.12,8439.32,5473.3,2651.2,722.42,3711.85
219,1.656,1.655,1.654,1.653,1.652,1.651,1.65,1.649,1.648,1.647,1.657,1.658,1.659,1.66,1.661,1.662,1.663,1.664,1.665,1.666,2947.03,5123.71,6800.34,3675.44,4949.08,7825.33,7198.29,6015.88,3701.29,2202.73,213.14,3760,9437.09,12233,5467.12,8570.72,3480.02,2520.02,722.42,3711.85
220,1.657,1.656,1.655,1.654,1.653,1.652,1.651,1.65,1.649,1.648,1.658,1.659,1.66,1.661,1.662,1.663,1.664,1.665,1.666,1.667,2715.12,6764.98,4804.11,4184.16,6129.72,3384.22,6445.5,7208.06,6015.88,3701.29,213.14,6634.32,8957.19,11567.62,6101.2,7124.9,2520.02,722.42,3711.85,1425.9
221,1.659,1.658,1.657,1.656,1.655,1.654,1.653,1.652,1.651,1.65,1.66,1.661,1.662,1.663,1.664,1.665,1.666,1.667,1.668,1.669,2827.91,5338.43,5652.11,3704.72,2489.78,2117.3,6050.32,3674.92,8033.09,6989.46,586.07,6312,8142.92,11153.91,5405.85,6381.87,2731.27,1525.9,2288.03,1323.45
222,1.663,1.662,1.661,1.66,1.659,1.658,1.657,1.656,1.655,1.654,1.664,1.665,1.666,1.667,1.668,1.669,1.67,1.671,1.672,1.673,500.13,4460.31,4384.58,5921.11,2596.36,2689.3,2046.89,2394.56,3847.93,3552.73,2690.42,8595.09,8335.06,6348.36,6672.56,1779.28,2133.89,2157.34,2013.18,1622.21
223,1.665,1.664,1.663,1.662,1.661,1.66,1.659,1.658,1.657,1.656,1.666,1.667,1.668,1.669,1.67,1.671,1.672,1.673,1.674,1.675,3763.07,5709.63,4546.93,3946.96,2460.69,2319.79,2556.3,2249.84,5195.59,3414.39,1547.8,6845.54,6799.7,8657.54,5315.28,4393.52,2129.08,1490.41,3545.47,456.18
224,1.664,1.663,1.662,1.661,1.66,1.659,1.658,1.657,1.656,1.655,1.665,1.666,1.667,1.668,1.669,1.67,1.671,1.672,1.673,1.674,975.16,6306.01,4640.47,3159.85,2290.71,2582.66,2563.09,5195.59,3649.07,3613.37,288.92,9338.26,11615.28,8154.53,7120.77,5154.01,2843.57,2523.66,403.39,3430.42
225,1.661,1.66,1.659,1.658,1.657,1.656,1.655,1.654,1.653,1.652,1.662,1.663,1.664,1.665,1.666,1.667,1.668,1.669,1.67,1.671,1008.84,5186.8,5201.11,2958.39,2538.91,2424.73,3762.88,7613.2,7738.99,3928.52,274.82,7919.08,8916.65,8703.59,6386.99,9609.33,3382.84,2798.87,2685.4,4366.51
226,1.66,1.659,1.658,1.657,1.656,1.655,1.654,1.653,1.652,1.651,1.661,1.662,1.663,1.664,1.665,1.666,1.667,1.668,1.669,1.67,1348.77,7130.98,4103.17,3596.92,4816.44,2433.43,5630.76,7565.75,3928.52,2210.08,213.14,5419.64,9082.06,9663.34,4800.53,4301.32,5624.81,3240.95,2543.9,4233.13
227,1.659,1.658,1.657,1.656,1.655,1.654,1.653,1.652,1.651,1.65,1.66,1.661,1.662,1.663,1.664,1.665,1.666,1.667,1.668,1.669,617.41,2115.14,4278.07,7229.88,5067.56,2984.99,7465.75,5429.79,4047.75,8424.48,2510.66,6118.6,4799.12,6748.27,6852.39,8700.18,3323.88,3694.83,4516.57,2517.41
228,1.659,1.658,1.657,1.656,1.655,1.654,1.653,1.652,1.651,1.65,1.66,1.661,1.662,1.663,1.664,1.665,1.666,1.667,1.668,1.669,1577.72,7834.04,5075.43,3796.66,5585.89,3418.54,6127.31,4528.3,4147.75,8265.85,237.26,5517.2,5248.39,8410.69,8846.98,10222.96,3400.17,3694.83,4616.57,2502.7
229,1.66,1.659,1.658,1.657,1.656,1.655,1.654,1.653,1.652,1.651,1.661,1.662,1.663,1.664,1.665,1.666,1.667,1.668,1.669,1.67,98.39,4955.83,6251.63,7628.08,3224.03,3488.71,3347.72,6127.31,4528.3,4452.98,2831.6,7781.05,10758.8,9182.27,7456.32,7362.58,3694.83,4616.57,2502.7,4002.66
230,1.66,1.659,1.658,1.657,1.656,1.655,1.654,1.653,1.652,1.651,1.661,1.662,1.663,1.664,1.665,1.666,1.667,1.668,1.669,1.67,98.39,3119.68,6251.63,5530.9,6525.66,3486.34,5161.27,5010.61,2621.8,4585.01,2931.42,11485.44,9057.75,10058.72,10383.09,3492.31,3694.83,4616.57,2502.7,4002.66
231,1.661,1.66,1.659,1.658,1.657,1.656,1.655,1.654,1.653,1.652,1.662,1.663,1.664,1.665,1.666,1.667,1.668,1.669,1.67,1.671,1535.78,7241.6,4160.15,4177.18,3626.52,6039.72,3142.29,5779.29,6077.74,4269.68,6.03,7403.04,11962.24,8550.37,5044.08,8741.94,3532.24,2602.7,3986.76,2843.57
232,1.663,1.662,1.661,1.66,1.659,1.658,1.657,1.656,1.655,1.654,1.664,1.665,1.666,1.667,1.668,1.669,1.67,1.671,1.672,1.673,123.77,2297.67,5562.42,4250.03,2339.15,2463.43,2366.76,6075.9,7781.41,4771.2,4264.25,9242.69,11547.29,6850,5726.15,3242.15,4628.51,2347.7,3921.92,439.1
233,1.663,1.662,1.661,1.66,1.659,1.658,1.657,1.656,1.655,1.654,1.664,1.665,1.666,1.667,1.668,1.669,1.67,1.671,1.672,1.673,1343.19,5462.6,5590.61,4344.43,2339.15,2295.84,2203.98,6180.59,7912.94,4771.2,146.69,7484.49,9619.38,9962.83,5901.81,4884.43,3114.34,2347.7,3921.92,439.1
234,1.663,1.662,1.661,1.66,1.659,1.658,1.657,1.656,1.655,1.654,1.664,1.665,1.666,1.667,1.668,1.669,1.67,1.671,1.672,1.673,6.04,2375.68,6534.67,4343.44,2339.15,2475.53,2375.71,7544.39,6583.12,4497.88,2203.91,10581.27,7930.79,11771.44,6440.64,4877.51,3114.34,2347.7,3921.92,439.1
235,1.662,1.661,1.66,1.659,1.658,1.657,1.656,1.655,1.654,1.653,1.663,1.664,1.665,1.666,1.667,1.668,1.669,1.67,1.671,1.672,2083.63,7345.75,4183.26,2640.55,2475.29,2375.36,7384.37,6451.59,4791.37,6656.76,213.14,4772.4,11063.52,8819.43,6408.47,7164.66,4662.55,2699.84,3590.37,3921.92
236,1.662,1.661,1.66,1.659,1.658,1.657,1.656,1.655,1.654,1.653,1.663,1.664,1.665,1.666,1.667,1.668,1.669,1.67,1.671,1.672,1527.97,6680.16,4409.2,2640.55,2475.29,3727.42,5889.12,6583.18,4791.37,6656.76,220.57,6932.78,7459.85,10373.54,4420.73,7164.66,4793.03,2569.5,3590.37,3921.92
237,1.662,1.661,1.66,1.659,1.658,1.657,1.656,1.655,1.654,1.653,1.663,1.664,1.665,1.666,1.667,1.668,1.669,1.67,1.671,1.672,1527.97,6680.16,5050.6,2640.55,2475.29,3898.24,5784.43,6583.18,4791.37,6656.76,220.58,6226.36,6638.38,10459.08,6892.47,7225.99,4793.03,2569.5,3590.37,3921.92
238,1.662,1.661,1.66,1.659,1.658,1.657,1.656,1.655,1.654,1.653,1.663,1.664,1.665,1.666,1.667,1.668,1.669,1.67,1.671,1.672,626.93,4935.01,6254.54,3143.29,4279.79,4328.92,7290.95,3280.82,7159.71,6756.76,222.86,7928.17,7461.06,9883.78,7385.98,7161.56,2811.14,2569.5,3590.37,3921.92
239,1.662,1.661,1.66,1.659,1.658,1.657,1.656,1.655,1.654,1.653,1.663,1.664,1.665,1.666,1.667,1.668,1.669,1.67,1.671,1.672,465.06,5038.5,5568.95,3143.29,4279.79,4512.44,7290.95,3280.82,7159.71,6756.76,222.86,8054.39,5896.93,10927.9,9710.59,7188.01,2870.49,2379.67,3590.37,4111.75
240,1.661,1.66,1.659,1.658,1.657,1.656,1.655,1.654,1.653,1.652,1.662,1.663,1.664,1.665,1.666,1.667,1.668,1.669,1.67,1.671,1816.07,6494.42,4574.53,6245.09,3750.5,6247.61,3280.82,7159.71,6756.76,2496.53,217.11,6487.71,7117.05,9406.52,7244.96,7031.41,7303.91,2970.49,2595.57,3374.47
241,1.662,1.661,1.66,1.659,1.658,1.657,1.656,1.655,1.654,1.653,1.663,1.664,1.665,1.666,1.667,1.668,1.669,1.67,1.671,1.672,561.47,7173.38,3624.01,3788.33,6245.09,3671.73,6086.5,3149.23,7291.44,6756.76,523.42,6334.25,6700.45,11161.79,7593.59,6918.66,3086.39,2595.57,3374.47,4011.75
242,1.663,1.662,1.661,1.66,1.659,1.658,1.657,1.656,1.655,1.654,1.664,1.665,1.666,1.667,1.668,1.669,1.67,1.671,1.672,1.673,587.95,4953.3,6480.94,3186.64,3675.97,6065.64,3512.09,6390.32,3280.82,7270.53,234.56,11875.8,11120.65,8659.39,7974.35,5843.02,2495.57,3574.47,4127.65,249.27
243,1.663,1.662,1.661,1.66,1.659,1.658,1.657,1.656,1.655,1.654,1.664,1.665,1.666,1.667,1.668,1.669,1.67,1.671,1.672,1.673,739.09,7211.81,4530.43,2825.31,3675.97,6084.72,3512.09,6502.68,3149.23,7270.53,214.34,8761.21,10751.46,10599.24,5339.73,7358.04,2625.91,3574.47,4127.65,249.27
244,1.663,1.662,1.661,1.66,1.659,1.658,1.657,1.656,1.655,1.654,1.664,1.665,1.666,1.667,1.668,1.669,1.67,1.671,1.672,1.673,545.85,5094.22,5649.17,3512.16,3675.97,6065.64,3426.43,6502.68,3149.23,7270.53,174.61,9885.56,9691.11,10489.07,7201.67,6414.64,2688.5,3574.47,4127.65,249.27
245,1.663,1.662,1.661,1.66,1.659,1.658,1.657,1.656,1.655,1.654,1.664,1.665,1.666,1.667,1.668,1.669,1.67,1.671,1.672,1.673,104.37,2507.77,5861.28,3512.16,3675.97,6228.46,3584.75,6502.68,3149.23,7270.53,5004.49,8417.43,9521.42,10294.18,6087.76,6419.25,2625.91,3574.47,4127.65,249.27
246,1.662,1.661,1.66,1.659,1.658,1.657,1.656,1.655,1.654,1.653,1.663,1.664,1.665,1.666,1.667,1.668,1.669,1.67,1.671,1.672,628.36,5240.07,5102.08,4482.2,5025.46,3565.66,6206.02,3149.23,7165,6756.76,226.29,6712.2,7717.26,10171.91,8497,6576.02,3922.12,2625.91,3474.47,4127.65
247,1.662,1.661,1.66,1.659,1.658,1.657,1.656,1.655,1.654,1.653,1.663,1.664,1.665,1.666,1.667,1.668,1.669,1.67,1.671,1.672,614.37,7036.72,3948.9,4482.2,4864.66,4929.46,6093.61,3280.82,7165,6756.76,244.22,6942.79,7546.97,8489.76,10484.97,6576.05,4052.6,2495.57,3474.47,4127.65
248,1.663,1.662,1.661,1.66,1.659,1.658,1.657,1.656,1.655,1.654,1.664,1.665,1.666,1.667,1.668,1.669,1.67,1.671,1.672,1.673,724.38,4941.14,5915.99,3185.28,2339.15,4701.84,4771.14,6225.06,3149.23,7569.86,277.41,6417.85,7439.73,12742.07,7216.39,6420.21,2625.91,3574.47,4127.65,249.27
249,1.663,1.662,1.661,1.66,1.659,1.658,1.657,1.656,1.655,1.654,1.664,1.665,1.666,1.667,1.668,1.669,1.67,1.671,1.672,1.673,848.01,4214.77,5543.97,3068.66,2940.65,4701.84,2824.53,4108.84,3418.38,3795.1,391.26,4629,11596.94,11034.08,5373.88,7134.48,2465.37,3574.47,3963.64,133.37
250,1.662,1.661,1.66,1.659,1.658,1.657,1.656,1.655,1.654,1.653,1.663,1.664,1.665,1.666,1.667,1.668,1.669,1.67,1.671,1.672,971.73,6399.87,3147.35,2940.65,4865.04,2973.7,3977.39,3549.91,3795.1,3960.02,371.86,6336.87,9568.82,9218.48,7621.19,5881.57,3363.69,2465.37,3574.47,3963.64
251,1.662,1.661,1.66,1.659,1.658,1.657,1.656,1.655,1.654,1.653,1.663,1.664,1.665,1.666,1.667,1.668,1.669,1.67,1.671,1.672,2115.92,6571.97,3212.57,2940.65,6333.53,5070.88,6674.13,3149.23,7402.38,4060.02,213.14,5688.67,10355.8,8245.2,7621.19,6053.93,2411.42,2397.64,3574.47,3963.64
252,1.66,1.659,1.658,1.657,1.656,1.655,1.654,1.653,1.652,1.651,1.661,1.662,1.663,1.664,1.665,1.666,1.667,1.668,1.669,1.67,708.54,1957.41,6468.34,2227.26,11348.62,2281.74,7346.96,4870.98,2191.3,4354.55,2376.37,6601.84,8846.35,6779.49,6870.96,4984.55,4341.8,2353.18,3605.98,3675.38
253,1.66,1.659,1.658,1.657,1.656,1.655,1.654,1.653,1.652,1.651,1.661,1.662,1.663,1.664,1.665,1.666,1.667,1.668,1.669,1.67,1057.24,3947.27,6796.67,6117.79,5722.73,2781.83,6948.1,3632.88,3752.57,4354.55,120.78,7051.82,8152.13,8426.46,6538.71,6159.6,3285.34,2322.62,3605.98,3575.38
254,1.66,1.659,1.658,1.657,1.656,1.655,1.654,1.653,1.652,1.651,1.661,1.662,1.663,1.664,1.665,1.666,1.667,1.668,1.669,1.67,1219.46,4992.04,6544.98,2147.96,5723.35,2776.98,6948.1,7855.08,3752.57,4354.55,153.46,4882.17,8054.49,9586.66,8496.78,6106.02,6248.44,2122.62,3605.98,3775.38
255,1.661,1.66,1.659,1.658,1.657,1.656,1.655,1.654,1.653,1.652,1.662,1.663,1.664,1.665,1.666,1.667,1.668,1.669,1.67,1.671,1155.15,5343.68,4150.12,5335.75,3352.41,5552.7,2573.31,6948.1,7641.49,3752.57,213.14,7190.39,8736.88,7434.29,6303.88,8086.63,4271.42,3605.98,3775.38,3490.37
256,1.662,1.661,1.66,1.659,1.658,1.657,1.656,1.655,1.654,1.653,1.663,1.664,1.665,1.666,1.667,1.668,1.669,1.67,1.671,1.672,412.95,3312.07,5065.34,4540.02,4047.04,3954.27,5552.7,2869.32,6948.1,7641.49,1045.81,9779.47,8370.58,8265.08,6570.2,4997.58,2823.33,3775.38,3490.37,2525.62
257,1.661,1.66,1.659,1.658,1.657,1.656,1.655,1.654,1.653,1.652,1.662,1.663,1.664,1.665,1.666,1.667,1.668,1.669,1.67,1.671,947.98,6075.47,4484.28,2683.14,5318.07,5879.59,2869.17,8049.63,7450.05,2496.53,392.16,8581.95,6229.05,8860.18,6316.03,6470.06,5080.21,2823.18,3675.38,3590.37
258,1.661,1.66,1.659,1.658,1.657,1.656,1.655,1.654,1.653,1.652,1.662,1.663,1.664,1.665,1.666,1.667,1.668,1.669,1.67,1.671,983.28,3320.17,5707.61,2686.46,5364.96,5749.44,2573.31,4251.36,3742.69,2628.42,651.56,7040.55,9965.69,8062.61,3658.66,9016.14,2122.62,3717.21,4009.62,3490.37
259,1.663,1.662,1.661,1.66,1.659,1.658,1.657,1.656,1.655,1.654,1.664,1.665,1.666,1.667,1.668,1.669,1.67,1.671,1.672,1.673,213.14,1342.07,6668.1,3088.87,3174.17,3309.93,5098.66,10771.89,5270.05,3860.05,2770.31,8576.96,11510.71,9205.75,5436.99,4231.9,3791.28,3590.37,2525.62,304.46
260,1.663,1.662,1.661,1.66,1.659,1.658,1.657,1.656,1.655,1.654,1.664,1.665,1.666,1.667,1.668,1.669,1.67,1.671,1.672,1.673,1207.31,3566.17,6468.1,3410.24,5811.52,4989,1881.66,7410.91,4352.38,3760.05,213.14,7202.47,8567.31,13369.34,5368.76,5554.04,6416.09,2247.7,2625.62,1602.03
261,1.663,1.662,1.661,1.66,1.659,1.658,1.657,1.656,1.655,1.654,1.664,1.665,1.666,1.667,1.668,1.669,1.67,1.671,1.672,1.673,1191.7,6130.8,5350.77,2723.39,5567.54,2292.26,3245.46,9508.09,6744.62,3760.05,222.16,7250.66,9335.8,12365.83,5367.35,7397.36,2630.47,2347.7,3841.89,1502.03
262,1.663,1.662,1.661,1.66,1.659,1.658,1.657,1.656,1.655,1.654,1.664,1.665,1.666,1.667,1.668,1.669,1.67,1.671,1.672,1.673,858.87,5352.67,5928.84,3925.67,5567.54,2469.35,3245.46,8303.64,6744.62,3760.05,586.08,9071.72,8439.88,13122.8,6307.22,5071.69,2644.92,2247.7,3841.89,1386.13
263,1.664,1.663,1.662,1.661,1.66,1.659,1.658,1.657,1.656,1.655,1.665,1.666,1.667,1.668,1.669,1.67,1.671,1.672,1.673,1.674,1140.83,2835.79,5702.37,3200.57,4606.49,6162.65,2066.07,3531.01,9051.81,6143.23,246.37,7185.26,10377.27,10193.36,4570.02,7127.45,2534.45,3835.9,1380.14,3746.49
264,1.663,1.662,1.661,1.66,1.659,1.658,1.657,1.656,1.655,1.654,1.664,1.665,1.666,1.667,1.668,1.669,1.67,1.671,1.672,1.673,114.75,990.58,5613.78,3834.25,6755.6,3006.89,3425.02,9051.81,6261.16,2645.98,2881.71,9218.25,10231.3,9246.14,7562.09,4404.15,2506.68,2487.8,3835.9,1496.04
265,1.663,1.662,1.661,1.66,1.659,1.658,1.657,1.656,1.655,1.654,1.664,1.665,1.666,1.667,1.668,1.669,1.67,1.671,1.672,1.673,166.7,1189.77,6919.88,2845.78,8040,2858.21,3405.57,7595.37,6029.7,2877.58,2434.25,9334.13,9501.17,7938.98,4784.12,6875.32,2795.42,2241.7,4051.8,1496.04
266,1.665,1.664,1.663,1.662,1.661,1.66,1.659,1.658,1.657,1.656,1.666,1.667,1.668,1.669,1.67,1.671,1.672,1.673,1.674,1.675,114.75,2794.35,3406.1,4972.79,3868.28,3414.21,7125.01,4031.01,2174.94,9095.23,610.17,9844.25,7665.12,5302.61,6359.51,4648.8,3835.9,1380.14,3630.59,376.91
267,1.664,1.663,1.662,1.661,1.66,1.659,1.658,1.657,1.656,1.655,1.665,1.666,1.667,1.668,1.669,1.67,1.671,1.672,1.673,1.674,114.75,2863.03,4747.31,3971.15,3710.01,7776.49,4203.17,3265.37,8468.33,5838.55,1033.29,9340.32,9948.56,9498.6,5646.58,6780.94,3657.28,2676.73,1194.33,3746.49
268,1.663,1.662,1.661,1.66,1.659,1.658,1.657,1.656,1.655,1.654,1.664,1.665,1.666,1.667,1.668,1.669,1.67,1.671,1.672,1.673,1181.48,4747.31,4581.95,3614.28,8142.17,4203.17,2491.98,7263.88,5838.55,3080.83,370.37,6674.96,9841.64,10152.77,5327.16,6303.33,5136.43,2534.45,2806.86,1194.33
269,1.662,1.661,1.66,1.659,1.658,1.657,1.656,1.655,1.654,1.653,1.663,1.664,1.665,1.666,1.667,1.668,1.669,1.67,1.671,1.672,577.79,3142.59,5080.67,3139.39,6771.91,3117.65,6120.14,6029.31,2875.97,6979.18,764.87,6155.88,9165.72,7955.17,5359.56,6933.45,4549.77,2219.67,3808.24,3941.74
270,1.662,1.661,1.66,1.659,1.658,1.657,1.656,1.655,1.654,1.653,1.663,1.664,1.665,1.666,1.667,1.668,1.669,1.67,1.671,1.672,1160.74,6674.13,3514.63,6233.79,6771.91,2955.15,6119.83,4952.54,2875.97,5824.33,114.75,5889.11,5099.8,11606.77,6323.4,6102.59,2864.11,2089.33,2465.5,2735.53
271,1.662,1.661,1.66,1.659,1.658,1.657,1.656,1.655,1.654,1.653,1.663,1.664,1.665,1.666,1.667,1.668,1.669,1.67,1.671,1.672,2570.43,5888.13,3690.45,3745.64,6771.91,2955.15,6123.59,4952.54,3180.83,5824.33,213.14,4659.69,7176.23,9320.73,11083.38,3607.86,5196.85,2114.58,2465.5,2735.53
272,1.661,1.66,1.659,1.658,1.657,1.656,1.655,1.654,1.653,1.652,1.662,1.663,1.664,1.665,1.666,1.667,1.668,1.669,1.67,1.671,1458.66,5990.23,4012.17,6771.91,3117.48,4355.3,4952.54,4780.16,5915.03,3070.24,369.88,6054.21,7599.46,9884.84,6263.01,5307.14,3262.63,4197.72,2114.58,2465.5
273,1.66,1.659,1.658,1.657,1.656,1.655,1.654,1.653,1.652,1.651,1.661,1.662,1.663,1.664,1.665,1.666,1.667,1.668,1.669,1.67,952.57,3737.91,5766,9889.28,5027.16,4847.34,5002.42,5806.02,3270.24,2473.9,815.18,6854.51,9278.85,13219.36,5671.87,6857.41,5235.47,2396.75,2521.31,2114.58
274,1.66,1.659,1.658,1.657,1.656,1.655,1.654,1.653,1.652,1.651,1.661,1.662,1.663,1.664,1.665,1.666,1.667,1.668,1.669,1.67,2987.96,4071.82,5767.74,6672.28,5027.16,4661.78,5002.42,6080.49,2864.44,2473.9,98.39,2092.53,6802.5,8177.7,10489.44,5280.87,9168.89,2282,2406.56,1999.83
275,1.661,1.66,1.659,1.658,1.657,1.656,1.655,1.654,1.653,1.652,1.662,1.663,1.664,1.665,1.666,1.667,1.668,1.669,1.67,1.671,937.43,6162.5,3907.59,6304.46,6672.28,5060.36,4661.78,5002.42,6080.49,2864.44,261.42,6719.74,8002.02,8922.7,7127.01,9197.77,3169.27,2406.56,2099.83,2234.85
276,1.661,1.66,1.659,1.658,1.657,1.656,1.655,1.654,1.653,1.652,1.662,1.663,1.664,1.665,1.666,1.667,1.668,1.669,1.67,1.671,1205.27,6790.38,2980.16,4015.45,6672.24,4838.49,4661.78,5002.42,6080.49,2996.33,98.39,6326.48,11838.85,11987.42,4161.5,7432.87,3169.27,2406.56,2099.83,2234.85
277,1.661,1.66,1.659,1.658,1.657,1.656,1.655,1.654,1.653,1.652,1.662,1.663,1.664,1.665,1.666,1.667,1.668,1.669,1.67,1.671,1417.69,5288.53,4121.54,3087.46,9287.38,5440.71,4661.78,5002.42,7543.43,2722.36,98.39,7299.83,11013.04,6725.72,3140.48,10276.85,2465.14,2406.56,3038.38,2234.85
278,1.661,1.66,1.659,1.658,1.657,1.656,1.655,1.654,1.653,1.652,1.662,1.663,1.664,1.665,1.666,1.667,1.668,1.669,1.67,1.671,1316.36,5286.74,3491.93,3087.46,9287.38,5440.71,4661.78,5002.42,7543.43,2722.36,98.39,5442.52,8958.65,7637.56,7133.63,8295.48,3300.77,2406.56,3038.38,2234.85
279,1.661,1.66,1.659,1.658,1.657,1.656,1.655,1.654,1.653,1.652,1.662,1.663,1.664,1.665,1.666,1.667,1.668,1.669,1.67,1.671,1308.98,5283.23,3767.01,3087.46,9301.14,5440.71,4958.68,5002.42,7227.69,2722.36,116.08,6401.68,6387.04,7860.28,11167.66,8301.98,4328.35,2290.66,1999.83,3667.52
280,1.662,1.661,1.66,1.659,1.658,1.657,1.656,1.655,1.654,1.653,1.663,1.664,1.665,1.666,1.667,1.668,1.669,1.67,1.671,1.672,366.08,821.56,5909.19,3125.29,3087.46,9303.48,7342.6,4958.68,3098.23,7227.69,4297.94,7173.48,11346.92,9371.5,5654.22,5979.65,2406.56,1999.83,3551.62,3883.37
281,1.662,1.661,1.66,1.659,1.658,1.657,1.656,1.655,1.654,1.653,1.663,1.664,1.665,1.666,1.667,1.668,1.669,1.67,1.671,1.672,426.12,2954.58,5795.61,2499.21,3484.45,9078.31,7227.85,4856.52,4311.89,6838.64,372.51,8127.96,11346.77,8899.55,4524.22,8122.06,2406.56,1999.83,3551.62,3883.37
282,1.662,1.661,1.66,1.659,1.658,1.657,1.656,1.655,1.654,1.653,1.663,1.664,1.665,1.666,1.667,1.668,1.669,1.67,1.671,1.672,251.33,2526.65,5785.52,2499.21,4093.79,7768.34,5130.67,2159.78,4311.89,3899.64,2156.22,7962.41,10158.17,7157.06,6429.32,7053.72,2579.3,1999.83,3551.62,3883.37
283,1.661,1.66,1.659,1.658,1.657,1.656,1.655,1.654,1.653,1.652,1.662,1.663,1.664,1.665,1.666,1.667,1.668,1.669,1.67,1.671,1227,5396.16,3186.06,7863.59,7955.2,5481.24,2159.78,6271.51,7375.25,2649.86,127.54,5556.76,5927.52,9279.7,7052.35,7084.76,4375.7,2579.3,1999.83,3551.62
284,1.66,1.659,1.658,1.657,1.656,1.655,1.654,1.653,1.652,1.651,1.661,1.662,1.663,1.664,1.665,1.666,1.667,1.668,1.669,1.67,586.63,5069.43,4061.94,11124.6,6260.4,2051.92,6216.08,7364.1,2649.86,3495.73,450.22,4608.45,10158.38,9843.47,6131.28,7167.56,6112.97,2182,2522.46,3130.25
285,1.662,1.661,1.66,1.659,1.658,1.657,1.656,1.655,1.654,1.653,1.663,1.664,1.665,1.666,1.667,1.668,1.669,1.67,1.671,1.672,98.39,866.37,5123.33,4255.32,2345.86,9027.42,8180.28,1862.88,6216.08,7232.35,5341.94,7744.94,11562.54,7889.36,8139.39,4160.93,2290.66,3130.25,3667.52,3883.37
286,1.664,1.663,1.662,1.661,1.66,1.659,1.658,1.657,1.656,1.655,1.665,1.666,1.667,1.668,1.669,1.67,1.671,1.672,1.673,1.674,98.39,861.83,5222.14,4056.42,2538.23,5831.33,2011.32,7508.49,7757.41,3809.7,2465,8446.16,9302.76,10537.3,8291.19,3306.35,3451.62,3867.47,228.53,3220.97
287,1.664,1.663,1.662,1.661,1.66,1.659,1.658,1.657,1.656,1.655,1.665,1.666,1.667,1.668,1.669,1.67,1.671,1.672,1.673,1.674,1062.49,4498.63,4350.24,4493.99,3139.19,6858,2377.31,7798.97,5835.82,3650.46,742.82,7007.7,10256.68,8484.5,4483.67,5183.62,5118.69,3924.57,358.58,3254.54
288,1.664,1.663,1.662,1.661,1.66,1.659,1.658,1.657,1.656,1.655,1.665,1.666,1.667,1.668,1.669,1.67,1.671,1.672,1.673,1.674,1224.57,5692.03,3052.75,6125.44,2997.3,6692.8,2377.31,8948.21,6271.61,3519,98.39,7980.6,9215.47,10294.83,3468.45,6235.24,5179.61,2561.98,358.58,3254.54
289,1.665,1.664,1.663,1.662,1.661,1.66,1.659,1.658,1.657,1.656,1.666,1.667,1.668,1.669,1.67,1.671,1.672,1.673,1.674,1.675,3107.53,5208.56,4104.8,4362.32,5540.96,2622.28,4525.62,4276.91,6035.34,4569.72,98.39,4706.26,8742.88,11437.1,5259.43,4568.61,7568.7,142.68,3470.44,362.16
290,1.667,1.666,1.665,1.664,1.663,1.662,1.661,1.66,1.659,1.658,1.668,1.669,1.67,1.671,1.672,1.673,1.674,1.675,1.676,1.677,1092.47,5819.03,2910.85,4321.7,6887.87,4875.75,3986.06,4449.59,3478.45,3887.61,546.8,7786.71,7892.95,8474.78,7620.82,4135.62,2486.93,391.99,3137.62,2025.14
291,1.667,1.666,1.665,1.664,1.663,1.662,1.661,1.66,1.659,1.658,1.668,1.669,1.67,1.671,1.672,1.673,1.674,1.675,1.676,1.677,6401.13,6729.76,3601.69,2861.67,6887.87,5018.63,4227.63,4553.94,3484.3,3697.26,489.11,2246.18,8556.19,10600.77,7357.12,4464.79,3609.61,262.16,3137.62,2134.7
292,1.668,1.667,1.666,1.665,1.664,1.663,1.662,1.661,1.66,1.659,1.669,1.67,1.671,1.672,1.673,1.674,1.675,1.676,1.677,1.678,804.38,8472.81,4246.43,5220.3,4955.54,5283.79,4968.63,2130.45,4553.94,3484.3,724.29,10909.96,9992.65,7989.26,4586.38,6619.12,9.05,3137.62,2142.35,2107.35
293,1.668,1.667,1.666,1.665,1.664,1.663,1.662,1.661,1.66,1.659,1.669,1.67,1.671,1.672,1.673,1.674,1.675,1.676,1.677,1.678,1174.3,4995.93,3636.01,3116.54,4092.1,5090.86,2271.89,2130.45,7200.76,5712.38,98.39,9146.26,8026.29,9798.82,3546.81,4971.13,547.46,3194.72,2042.35,2207.35
294,1.669,1.668,1.667,1.666,1.665,1.664,1.663,1.662,1.661,1.66,1.67,1.671,1.672,1.673,1.674,1.675,1.676,1.677,1.678,1.679,1034.77,5133.37,4133.89,5941.6,3028.67,2589.75,5040.86,4271.16,4718.14,4338.89,259.03,9961.87,11176.14,7458.41,5437.27,5589.13,2047.1,1808.7,2444.56,1366.41
295,1.668,1.667,1.666,1.665,1.664,1.663,1.662,1.661,1.66,1.659,1.669,1.67,1.671,1.672,1.673,1.674,1.675,1.676,1.677,1.678,520.25,4997.77,3221.75,6728.48,3216.03,5238.59,5634.96,5451.52,3966.06,2132.83,2192.26,8600.39,10439.34,10637.14,5530.56,6803.05,1780.44,1989.09,1808.7,2344.56
296,1.668,1.667,1.666,1.665,1.664,1.663,1.662,1.661,1.66,1.659,1.669,1.67,1.671,1.672,1.673,1.674,1.675,1.676,1.677,1.678,502.51,5057.84,3241.06,6534.5,3135.71,6612.69,4271.16,5451.52,3835.3,2263.73,617.37,7808.33,10513.37,9090.35,6846.32,6164.64,3421.01,1989.09,1808.7,2344.56
297,1.668,1.667,1.666,1.665,1.664,1.663,1.662,1.661,1.66,1.659,1.67,1.671,1.672,1.673,1.674,1.675,1.676,1.677,1.678,1.679,669.92,4997.71,3241.06,7133.84,3135.71,6564.37,4166.92,8148.26,3538.11,2263.73,4933.7,6970.45,9526.98,11783.53,6344.84,4392.75,1989.09,1808.7,2344.56,1366.41
298,1.668,1.667,1.666,1.665,1.664,1.663,1.662,1.661,1.66,1.659,1.67,1.671,1.672,1.673,1.674,1.675,1.676,1.677,1.678,1.679,669.92,4493.44,3815.4,7133.84,3135.71,6564.37,4166.92,8148.26,3538.11,2132.83,6060.54,5849.29,10526,10776.7,6785.89,3743.07,4334.05,1938.16,2344.56,1237.07
299,1.667,1.666,1.665,1.664,1.663,1.662,1.661,1.66,1.659,1.658,1.668,1.669,1.67,1.671,1.672,1.673,1.674,1.675,1.676,1.677,699.17,5114.68,3655.1,7509.67,2621.79,7252.15,2119.65,8607.26,2132.83,3697.17,809.96,6691.01,8373.51,12508.53,6940.91,6794.29,4198.06,901.46,2104.99,1922.26
300,1.666,1.665,1.664,1.663,1.662,1.661,1.66,1.659,1.658,1.657,1.667,1.668,1.669,1.67,1.671,1.672,1.673,1.674,1.675,1.676,529.96,3318.51,4469.26,7395.92,5190.2,4765.37,3848.63,5439.64,3293.04,2133.03,161.76,5994.91,10281.78,9967.17,10215.33,7624.71,3942.6,2592.93,607.24,3104.66
301,1.666,1.665,1.664,1.663,1.662,1.661,1.66,1.659,1.658,1.657,1.667,1.668,1.669,1.67,1.671,1.672,1.673,1.674,1.675,1.676,704.56,5119.75,3182,10294.66,5485.83,4865.66,3848.63,5439.64,3162.09,2264.21,520.03,6304.11,7328.55,10874.26,8548.47,5982.17,6569.07,2592.93,607.24,3234.35
302,1.666,1.665,1.664,1.663,1.662,1.661,1.66,1.659,1.658,1.657,1.667,1.668,1.669,1.67,1.671,1.672,1.673,1.674,1.675,1.676,761.04,4772.91,3182,10294.66,5485.83,4709.43,3848.63,5439.64,3293.19,2133.03,7.63,3990.01,6176.41,11515.05,8547.45,6154.74,6569.07,2592.93,607.24,3234.35
303,1.666,1.665,1.664,1.663,1.662,1.661,1.66,1.659,1.658,1.657,1.667,1.668,1.669,1.67,1.671,1.672,1.673,1.674,1.675,1.676,761.04,5120.07,3250.22,10294.66,5485.83,4709.43,3848.63,5439.64,3597.32,2133.03,638.09,5546.69,6177,11337.24,9345.75,5092.97,2959.07,2592.93,607.24,3234.35
304,1.666,1.665,1.664,1.663,1.662,1.661,1.66,1.659,1.658,1.657,1.667,1.668,1.669,1.67,1.671,1.672,1.673,1.674,1.675,1.676,535.68,1909.34,4558.94,11260.68,5485.82,4871.94,3848.63,5439.64,3193.19,2233.03,2444.48,6163.35,8146.42,12889.72,8394.9,7625.89,3256.93,2300.48,607.24,3234.35
305,1.666,1.665,1.664,1.663,1.662,1.661,1.66,1.659,1.658,1.657,1.667,1.668,1.669,1.67,1.671,1.672,1.673,1.674,1.675,1.676,535.68,1839.34,5223.86,6544.57,6329.53,4871.94,1951.32,5439.64,5092.79,2233.03,2342.53,6681.33,9391.95,10874.68,8394.9,6641.18,2402.15,2300.48,707.24,3104.66
306,1.666,1.665,1.664,1.663,1.662,1.661,1.66,1.659,1.658,1.657,1.667,1.668,1.669,1.67,1.671,1.672,1.673,1.674,1.675,1.676,1826.04,5430.56,2977.24,4486.83,6890.79,4709.43,1951.32,5439.64,5092.79,2233.03,592.02,3989.93,9472.38,13079.13,6809.54,6155.21,6694.91,2300.48,607.24,3104.66
307,1.667,1.666,1.665,1.664,1.663,1.662,1.661,1.66,1.659,1.658,1.669,1.67,1.671,1.672,1.673,1.674,1.675,1.676,1.677,1.678,1671.55,5442.55,2857.73,8710.45,3926.25,6767.73,4553.21,3848.63,6491.87,3393.19,4874.56,10063.13,10539.22,8200.35,6938.3,6112.33,1667.19,3204.66,1908.7,2341
308,1.667,1.666,1.665,1.664,1.663,1.662,1.661,1.66,1.659,1.658,1.669,1.67,1.671,1.672,1.673,1.674,1.675,1.676,1.677,1.678,3220.56,3442.37,2840.98,8710.45,3926.25,6767.73,4553.21,3979.48,6491.87,3565.95,5636.45,6270.97,10709.92,9389.01,4962.29,6112.33,1435.53,3204.66,2038.22,2341
309,1.667,1.666,1.665,1.664,1.663,1.662,1.661,1.66,1.659,1.658,1.669,1.67,1.671,1.672,1.673,1.674,1.675,1.676,1.677,1.678,1459.1,4684.21,2840.98,8756.24,3926.25,6767.73,4553.21,3979.48,6491.87,3565.95,5686.45,6309.62,10110.15,11021.94,7054.87,6112.33,954.17,3204.66,2038.22,2341
310,1.667,1.666,1.665,1.664,1.663,1.662,1.661,1.66,1.659,1.658,1.669,1.67,1.671,1.672,1.673,1.674,1.675,1.676,1.677,1.678,1459.18,5123.75,2840.98,9355.76,3326.55,6767.73,4553.21,3979.48,6491.87,3565.95,3430.12,7647.13,9615.51,13101.31,4364.12,5128.25,1038.53,3204.66,2038.22,2341
311,1.667,1.666,1.665,1.664,1.663,1.662,1.661,1.66,1.659,1.658,1.669,1.67,1.671,1.672,1.673,1.674,1.675,1.676,1.677,1.678,1488.81,5163.82,2837.68,9355.76,3326.56,6767.73,4553.21,3979.48,6491.87,3565.95,4794.62,6690.32,11652.69,9001.25,4531.71,5128.25,1038.53,3204.66,1908.7,2341
312,1.667,1.666,1.665,1.664,1.663,1.662,1.661,1.66,1.659,1.658,1.669,1.67,1.671,1.672,1.673,1.674,1.675,1.676,1.677,1.678,3504.75,5163.82,2840.98,9355.76,3326.56,6767.73,4843.95,3979.48,6200.22,3565.95,3356.97,7621.14,9387.82,9001.25,4531.71,6128.59,607.24,3334.26,1908.7,2341
313,1.664,1.663,1.662,1.661,1.66,1.659,1.658,1.657,1.656,1.655,1.666,1.667,1.668,1.669,1.67,1.671,1.672,1.673,1.674,1.675,896.54,4925.73,2743.92,8382.1,6743.49,5035.22,4961.69,5540.91,2722.79,4154.27,4773.47,5085.69,6567.11,9138.7,5409.66,6870.76,4186.5,4223.59,4758.88,1954.74
314,1.666,1.665,1.664,1.663,1.662,1.661,1.66,1.659,1.658,1.657,1.667,1.668,1.669,1.67,1.671,1.672,1.673,1.674,1.675,1.676,861.47,3446.25,5231.35,3240.04,4856.12,7717.18,6935.15,5173.7,3074.98,6913.58,98.39,3858.89,5923.93,7100.37,9338.77,4186.5,4879.89,4874.78,1954.74,1947.89
315,1.667,1.666,1.665,1.664,1.663,1.662,1.661,1.66,1.659,1.658,1.668,1.669,1.67,1.671,1.672,1.673,1.674,1.675,1.676,1.677,1292.59,5710.78,4043.39,5677.38,2224.34,5418.81,4627.52,5037.84,6341.6,3578.93,98.39,3619.32,6757.9,7030.31,9254.49,6147.63,6323.36,621.11,2047.89,1692.8
316,1.666,1.665,1.664,1.663,1.662,1.661,1.66,1.659,1.658,1.657,1.667,1.668,1.669,1.67,1.671,1.672,1.673,1.674,1.675,1.676,842.6,5007.6,3184.93,4492.86,3682.58,4658.33,8186.45,6501.84,3174.98,5552.14,69.48,7631.49,12249.05,8900.8,4571.19,4364.69,2982.7,4149.63,502.99,3544.09
317,1.667,1.666,1.665,1.664,1.663,1.662,1.661,1.66,1.659,1.658,1.668,1.669,1.67,1.671,1.672,1.673,1.674,1.675,1.676,1.677,1001.02,5804.72,3266.26,5761.95,2815.22,3523.78,4230.56,8055.57,6501.84,3610.03,98.39,6564.17,7528.47,7325.62,7108.92,6710.23,2640.74,502.99,3414.46,1692.8
318,1.667,1.666,1.665,1.664,1.663,1.662,1.661,1.66,1.659,1.658,1.668,1.669,1.67,1.671,1.672,1.673,1.674,1.675,1.676,1.677,1024.83,6474.79,3384.44,2469.38,5278.3,3523.78,4230.56,8186.45,6501.84,3478.93,74.41,4106.78,9184.25,11498.51,5359.77,3090.95,3845.47,502.99,3544.09,1692.8
319,1.668,1.667,1.666,1.665,1.664,1.663,1.662,1.661,1.66,1.659,1.669,1.67,1.671,1.672,1.673,1.674,1.675,1.676,1.677,1.678,964.66,5622.52,5575.85,5445.76,4931.07,2655.83,3356.09,4524.35,8186.45,6310.58,257.76,6501.29,11208.11,10268.14,6357.57,5455.42,795.9,3501.19,1692.8,2310.99
320,1.666,1.665,1.664,1.663,1.662,1.661,1.66,1.659,1.658,1.657,1.667,1.668,1.669,1.67,1.671,1.672,1.673,1.674,1.675,1.676,1304.09,4993.62,3255.8,4107.43,3689.73,4683.33,8055.57,6503.48,3578.93,5452.14,114.98,5601.31,11582.97,8872.94,6670.06,4937.5,5057.83,4163.11,502.99,3471.56
321,1.666,1.665,1.664,1.663,1.662,1.661,1.66,1.659,1.658,1.657,1.667,1.668,1.669,1.67,1.671,1.672,1.673,1.674,1.675,1.676,3296.11,3192.86,3255.8,4107.43,3689.73,4387.48,8186.51,6503.48,3578.93,5452.14,98.39,7422.57,8595.42,9640.7,5686.1,4938.08,2106.99,4163.11,632.76,3471.56
322,1.666,1.665,1.664,1.663,1.662,1.661,1.66,1.659,1.658,1.657,1.667,1.668,1.669,1.67,1.671,1.672,1.673,1.674,1.675,1.676,400.06,3808.03,5132.52,4168.61,7495.79,4540.9,6778.97,6634.5,3074.98,5452.14,1930.91,6578.63,7053.75,12879.19,6507.95,7857.94,2106.99,2565.85,1948.28,3255.66
323,1.666,1.665,1.664,1.663,1.662,1.661,1.66,1.659,1.658,1.657,1.667,1.668,1.669,1.67,1.671,1.672,1.673,1.674,1.675,1.676,555.18,6336.98,3607.18,5785.52,8095.89,1985.8,6178.55,6634.5,3074.98,5765.39,98.39,4200.81,9364.84,13487.71,7500.87,6580.62,2401.06,2565.85,1948.28,3255.66
324,1.666,1.665,1.664,1.663,1.662,1.661,1.66,1.659,1.658,1.657,1.667,1.668,1.669,1.67,1.671,1.672,1.673,1.674,1.675,1.676,560.53,6290.58,3613.19,5791.53,8101.9,1991.81,6184.56,6640.51,3080.99,5771.4,114.98,6796.81,10650.43,11381.4,7506.88,7571.01,2407.07,2571.86,1954.29,3261.67
325,1.667,1.666,1.665,1.664,1.663,1.662,1.661,1.66,1.659,1.658,1.668,1.669,1.67,1.671,1.672,1.673,1.674,1.675,1.676,1.677,107.04,1070.43,5746.84,3609.88,6371.13,8101.9,1994.42,6184.56,6640.51,3585.12,2544.6,9535.14,9957.98,7920.84,6910.94,5900.22,2355.96,1954.29,3477.57,1698.81
326,1.667,1.666,1.665,1.664,1.663,1.662,1.661,1.66,1.659,1.658,1.668,1.669,1.67,1.671,1.672,1.673,1.674,1.675,1.676,1.677,107.04,709.23,6229.68,3609.88,6371.13,8101.9,1994.42,6315.44,6509.49,3585.12,2614.6,9748.2,8653.05,8869.55,7860.08,5900.22,2355.96,1824.52,3607.2,1698.81
327,1.666,1.665,1.664,1.663,1.662,1.661,1.66,1.659,1.658,1.657,1.667,1.668,1.669,1.67,1.671,1.672,1.673,1.674,1.675,1.676,224.39,1082.93,3431.08,4585.64,10514.72,2269.66,6432.44,6626.49,3397.99,5575.15,2103.31,6659.73,11166.96,9365.4,6825.85,6032.17,7082.26,2472.96,1825.62,3667.1
328,1.665,1.664,1.663,1.662,1.661,1.66,1.659,1.658,1.657,1.656,1.666,1.667,1.668,1.669,1.67,1.671,1.672,1.673,1.674,1.675,6.01,1042.63,4883.38,3085.99,8751.03,4728.03,5281.53,5131.05,5661.68,4183.64,4192.38,5082.9,9146.99,8914.3,7377.73,6941.06,5201.02,3295.04,3753.09,2267.73
329,1.663,1.662,1.661,1.66,1.659,1.658,1.657,1.656,1.655,1.654,1.664,1.665,1.666,1.667,1.668,1.669,1.67,1.671,1.672,1.673,1661.54,4645.88,4197.87,12059.44,6636.68,4127.15,5561.68,3779.23,3125.84,5831.07,206.15,5610.67,5732.2,9896.4,5160.31,4455.1,6886.03,2565.5,3107.66,3397.92
330,1.666,1.665,1.664,1.663,1.662,1.661,1.66,1.659,1.658,1.657,1.667,1.668,1.669,1.67,1.671,1.672,1.673,1.674,1.675,1.676,215.39,1298.19,3251.54,3621.57,6097.56,3951.52,10017.37,6199.46,4105.22,6809.54,4609.62,5142.49,9761.79,10458.57,8361.24,5401.5,3297.92,3868.99,2137.96,1955
331,1.666,1.665,1.664,1.663,1.662,1.661,1.66,1.659,1.658,1.657,1.667,1.668,1.669,1.67,1.671,1.672,1.673,1.674,1.675,1.676,215.39,3490.69,5371.36,3262.78,6346.88,4307.84,10043.51,6492.86,6743.87,3503.9,2757.6,7757.57,8289.43,11667.7,5615.19,7453.87,4500.1,2384.86,2137.96,2184.69
332,1.665,1.664,1.663,1.662,1.661,1.66,1.659,1.658,1.657,1.656,1.666,1.667,1.668,1.669,1.67,1.671,1.672,1.673,1.674,1.675,1137.14,5516.18,3262.78,6346.88,4176.98,10174.45,6492.86,6743.87,3503.9,4083.73,215.39,5376.73,11853.49,8992.09,6007.96,5615.19,8860.7,2520.74,2384.86,2137.96
333,1.664,1.663,1.662,1.661,1.66,1.659,1.658,1.657,1.656,1.655,1.665,1.666,1.667,1.668,1.669,1.67,1.671,1.672,1.673,1.674,197.46,1757.64,4875.01,5337.91,8977.76,8547.01,3973.93,3399.22,3879.23,6344.95,2399.43,6629.1,11395.74,11985.5,7163.18,8539.15,3559.22,3011.24,3587.34,3596.62
334,1.663,1.662,1.661,1.66,1.659,1.658,1.657,1.656,1.655,1.654,1.664,1.665,1.666,1.667,1.668,1.669,1.67,1.671,1.672,1.673,117,3019.2,4663.75,6529.76,8037.06,2288.79,2360.14,8761.04,6435.37,3038.9,398.33,5607.88,9231.61,12826.09,10160.71,6000.19,5648.86,2366.48,3011.24,3487.34
335,1.662,1.661,1.66,1.659,1.658,1.657,1.656,1.655,1.654,1.653,1.663,1.664,1.665,1.666,1.667,1.668,1.669,1.67,1.671,1.672,230.42,2942.86,6144.97,4589.83,5599.41,5309.08,7542.36,6335.37,2834.22,3225.91,2338.79,5774.76,7464.57,9707.63,7741.15,8276.63,3722.45,5469.37,2350.58,4239.67
336,1.662,1.661,1.66,1.659,1.658,1.657,1.656,1.655,1.654,1.653,1.663,1.664,1.665,1.666,1.667,1.668,1.669,1.67,1.671,1.672,5411.17,2834.99,4658,3832.17,7135.55,5154.86,7389.73,6335.37,4356.87,3225.91,214.45,3288.3,7078.95,8701.7,9195.16,6698.86,4424.36,3467.37,2350.58,4239.67
337,1.663,1.662,1.661,1.66,1.659,1.658,1.657,1.656,1.655,1.654,1.664,1.665,1.666,1.667,1.668,1.669,1.67,1.671,1.672,1.673,982.62,5438.21,2805.54,4378.71,9296.92,5730.76,4989.49,7389.73,6335.37,4356.87,237.26,5277.02,6222.36,12778.77,5035.06,8043.44,3351.47,2366.48,4239.67,3501.55
338,1.665,1.664,1.663,1.662,1.661,1.66,1.659,1.658,1.657,1.656,1.666,1.667,1.668,1.669,1.67,1.671,1.672,1.673,1.674,1.675,592.87,3419.02,4788.49,3887.59,5873.01,3324.43,6733.2,7284.55,4879.41,7359.95,141.88,9311.38,10035.71,7358.31,5498.78,9615.01,3190.67,3501.55,2500.76,2022.06
339,1.665,1.664,1.663,1.662,1.661,1.66,1.659,1.658,1.657,1.656,1.666,1.667,1.668,1.669,1.67,1.671,1.672,1.673,1.674,1.675,98.39,2729.38,6332.02,4553.68,4766.88,3483.78,6601.99,7284.55,6228.23,7359.95,4704.78,8868.97,9480.79,6929.3,6194.51,8396.58,3366.3,3487.34,2630.67,2022.06
340,1.663,1.662,1.661,1.66,1.659,1.658,1.657,1.656,1.655,1.654,1.664,1.665,1.666,1.667,1.668,1.669,1.67,1.671,1.672,1.673,215.39,1154.84,4029.87,7023.93,3600.53,5408.75,4888.5,7389.73,6651.34,4453.54,3840.27,10073.38,9258.63,9461.17,6017.28,6265.75,3467.37,3665.03,4094.63,3271.44
341,1.663,1.662,1.661,1.66,1.659,1.658,1.657,1.656,1.655,1.654,1.664,1.665,1.666,1.667,1.668,1.669,1.67,1.671,1.672,1.673,215.39,1392.47,5832.8,4455.79,8219.32,5540.04,4888.5,7389.73,6338.36,4453.54,2288.49,9880.62,7671.06,10581.96,7662.3,4620.25,3467.37,3665.03,4224.82,3271.44
342,1.663,1.662,1.661,1.66,1.659,1.658,1.657,1.656,1.655,1.654,1.664,1.665,1.666,1.667,1.668,1.669,1.67,1.671,1.672,1.673,117,1910.81,5256.85,4137.62,8219.32,5540.04,4888.5,7389.73,6338.36,4453.54,2687.24,7140.09,8006.85,9242.66,8075.9,7261.07,3467.37,3665.03,4224.82,3271.44
343,1.663,1.662,1.661,1.66,1.659,1.658,1.657,1.656,1.655,1.654,1.664,1.665,1.666,1.667,1.668,1.669,1.67,1.671,1.672,1.673,215.39,1887.73,5952.89,4012.91,5553.48,5620.04,4888.5,7389.73,6338.36,4453.54,4492.83,6117.9,9934.85,8815.45,9383.62,6365.27,3467.37,3665.03,4224.82,3271.44
344,1.661,1.66,1.659,1.658,1.657,1.656,1.655,1.654,1.653,1.652,1.662,1.663,1.664,1.665,1.666,1.667,1.668,1.669,1.67,1.671,240.85,1860.11,3685.37,6428.33,3679.13,11113.19,3464.02,7362.74,3713.78,3899.43,2526.46,4838.88,8155.08,9166.9,9106.16,4407.89,2993.52,3851.05,4557.6,3465.03
345,1.661,1.66,1.659,1.658,1.657,1.656,1.655,1.654,1.653,1.652,1.662,1.663,1.664,1.665,1.666,1.667,1.668,1.669,1.67,1.671,183.78,3629.87,4746.53,4046.77,6659.33,12894.66,3464.02,5458.55,3713.78,3899.43,2522.65,3193.31,7662.22,10776.21,5712.98,7354.62,3171.18,3866.95,4557.6,3565.03
346,1.661,1.66,1.659,1.658,1.657,1.656,1.655,1.654,1.653,1.652,1.662,1.663,1.664,1.665,1.666,1.667,1.668,1.669,1.67,1.671,903.98,5962.52,4345.5,4801.06,5123.05,12901.1,3464.02,5458.55,3713.78,3899.43,217.09,4430,4247.79,7296.73,8587.64,7774,3171.18,3866.95,4557.6,3565.03
347,1.662,1.661,1.66,1.659,1.658,1.657,1.656,1.655,1.654,1.653,1.663,1.664,1.665,1.666,1.667,1.668,1.669,1.67,1.671,1.672,215.39,1402.86,5852.09,3263.06,6250.23,2672.73,12326.91,3464.02,5458.55,4018.83,2432.95,8262.78,10017.16,13156.6,5118.8,7461.22,3766.95,4557.6,3665.03,3176.37
348,1.661,1.66,1.659,1.658,1.657,1.656,1.655,1.654,1.653,1.652,1.662,1.663,1.664,1.665,1.666,1.667,1.668,1.669,1.67,1.671,1235.11,6686.81,3367.81,7299.87,2672.73,12293.67,3464.02,5458.55,4145.33,3899.43,215.39,5040.61,9739.19,9081.24,11856.72,3159.2,6808.9,3644.22,3869.96,3665.03
349,1.661,1.66,1.659,1.658,1.657,1.656,1.655,1.654,1.653,1.652,1.662,1.663,1.664,1.665,1.666,1.667,1.668,1.669,1.67,1.671,117,2054.14,5395.06,5584.21,5173.05,10596.23,3464.02,7362.74,3840.28,3899.43,2466.92,9915.86,11159.74,9821.64,6786.84,4801.45,2518.86,3744.22,3869.96,3565.03
350,1.661,1.66,1.659,1.658,1.657,1.656,1.655,1.654,1.653,1.652,1.662,1.663,1.664,1.665,1.666,1.667,1.668,1.669,1.67,1.671,117,2064.54,5402.86,4179.42,6577.84,10717.65,3464.02,7362.74,3840.28,3899.43,2428.7,9476.17,11048.24,9299.86,7635.76,5744.55,2518.86,3744.22,3869.96,3565.03
351,1.662,1.661,1.66,1.659,1.658,1.657,1.656,1.655,1.654,1.653,1.663,1.664,1.665,1.666,1.667,1.668,1.669,1.67,1.671,1.672,215.39,3207.88,3292.54,4896.53,4166,6577.84,10547.16,3464.02,7362.74,3840.28,2155.13,6164.44,8715.56,8702.27,5548.41,3528.51,3628.32,3985.86,3565.03,2525.36
352,1.662,1.661,1.66,1.659,1.658,1.657,1.656,1.655,1.654,1.653,1.663,1.664,1.665,1.666,1.667,1.668,1.669,1.67,1.671,1.672,208.97,3298.7,6045.71,2598.31,3369.67,6709.33,10547.16,3464.02,7362.74,3840.28,2580.84,7137.26,9605.79,8697.55,7955.06,6184.04,3628.32,3985.86,3565.03,2525.36
353,1.662,1.661,1.66,1.659,1.658,1.657,1.656,1.655,1.654,1.653,1.663,1.664,1.665,1.666,1.667,1.668,1.669,1.67,1.671,1.672,215.39,1956.35,6225.3,2598.31,3501.02,6577.84,10547.16,3464.02,7362.74,4251.67,2500.87,9922.4,10784.03,7388.37,6950.98,6184.04,2296.97,3985.86,3665.03,2525.36
354,1.662,1.661,1.66,1.659,1.658,1.657,1.656,1.655,1.654,1.653,1.663,1.664,1.665,1.666,1.667,1.668,1.669,1.67,1.671,1.672,122.47,3147.1,6139.55,4554.08,6272.36,4691.24,7982.88,2557.2,7362.74,3959.87,2580.87,11861.4,8789.22,6460.73,6260.61,6820.88,2296.97,3985.86,3665.03,2395.05
355,1.662,1.661,1.66,1.659,1.658,1.657,1.656,1.655,1.654,1.653,1.663,1.664,1.665,1.666,1.667,1.668,1.669,1.67,1.671,1.672,117,3726.22,5560.38,4583.97,7677.15,3286.45,9884.77,2557.2,5458.55,3959.87,2580.87,9716.37,8753.57,9643.37,6006.79,5117.49,2296.97,3985.86,3665.03,2525.3
356,1.663,1.662,1.661,1.66,1.659,1.658,1.657,1.656,1.655,1.654,1.664,1.665,1.666,1.667,1.668,1.669,1.67,1.671,1.672,1.673,1141.99,5527.44,3686.64,3324.73,4209.88,6087.03,3991.39,11448.15,5281.53,4446.74,6.02,5328.25,5601.74,8900.15,7073.29,7203.98,3076.43,3565.03,2525.3,3387.34
