timestamp,bid_price_0,bid_price_1,bid_price_2,bid_price_3,bid_price_4,bid_price_5,bid_price_6,bid_price_7,bid_price_8,bid_price_9,ask_price_0,ask_price_1,ask_price_2,ask_price_3,ask_price_4,ask_price_5,ask_price_6,ask_price_7,ask_price_8,ask_price_9,bid_size_0,bid_size_1,bid_size_2,bid_size_3,bid_size_4,bid_size_5,bid_size_6,bid_size_7,bid_size_8,bid_size_9,ask_size_0,ask_size_1,ask_size_2,ask_size_3,ask_size_4,ask_size_5,ask_size_6,ask_size_7,ask_size_8,ask_size_9
0,1.64,1.639,1.638,1.637,1.636,1.635,1.634,1.633,1.632,1.631,1.641,1.642,1.643,1.644,1.645,1.646,1.647,1.648,1.649,1.65,986.59,6195.32,5594.87,5793.26,4381.72,6511.37,7244.01,4711.63,5485.07,2299.55,108.81,6081.19,11339.61,11010.77,6894.01,9006.29,2335.76,2751.16,2372.59,3193.43
1,1.641,1.64,1.639,1.638,1.637,1.636,1.635,1.634,1.633,1.632,1.642,1.643,1.644,1.645,1.646,1.647,1.648,1.649,1.65,1.651,1075.31,6120.35,5154.16,9966.2,3692.13,4221.46,6345.06,7244.01,4711.63,5485.07,1006.12,7055.1,12750.16,8889.04,7945.18,4655.56,2813.58,2372.59,3193.43,3454.3
2,1.641,1.64,1.639,1.638,1.637,1.636,1.635,1.634,1.633,1.632,1.642,1.643,1.644,1.645,1.646,1.647,1.648,1.649,1.65,1.651,426.96,4590.91,6835.68,6403.05,4308.46,4237.83,6024.64,8539.27,4625.82,5485.07,373.01,6171.69,11656.54,8925.33,10398.9,9799.33,3620.17,2235.01,3293.43,3670.2
3,1.641,1.64,1.639,1.638,1.637,1.636,1.635,1.634,1.633,1.632,1.642,1.643,1.644,1.645,1.646,1.647,1.648,1.649,1.65,1.651,982.86,5827.26,6175.61,7772.44,4337.06,5603.53,4923.71,8539.27,4625.82,5485.07,265.84,8986.99,11617.03,8556.18,7289.05,8798.03,3682.59,2172.59,3293.43,3670.2
4,1.641,1.64,1.639,1.638,1.637,1.636,1.635,1.634,1.633,1.632,1.642,1.643,1.644,1.645,1.646,1.647,1.648,1.649,1.65,1.651,985.32,5824.51,5888.2,5796.47,4337.06,5574.03,4915.25,8403.1,4762.11,5485.07,275.6,9025.99,11577.95,8556.18,7289.05,6827.6,3682.59,2172.59,3293.43,3670.2
5,1.642,1.641,1.64,1.639,1.638,1.637,1.636,1.635,1.634,1.633,1.643,1.644,1.645,1.646,1.647,1.648,1.649,1.65,1.651,1.652,406.99,4896.18,7168.89,7070.54,3497.16,3542.06,6021.54,4908.04,8311.33,4853.88,223.81,7673.46,9301.78,10010.37,8956.39,4933.68,2172.59,3293.43,3670.2,2524.09
6,1.642,1.641,1.64,1.639,1.638,1.637,1.636,1.635,1.634,1.633,1.643,1.644,1.645,1.646,1.647,1.648,1.649,1.65,1.651,1.652,406.99,5113.61,7106.66,6705.68,3509.87,3542.06,6290.27,4639.01,8311.33,4853.88,381.94,7601.4,8175.82,11464.41,8956.39,4828.84,2172.59,3293.43,3670.2,2524.09
7,1.642,1.641,1.64,1.639,1.638,1.637,1.636,1.635,1.634,1.633,1.643,1.644,1.645,1.646,1.647,1.648,1.649,1.65,1.651,1.652,387.74,5847.9,5399.98,7033.95,3509.87,3542.06,5681.08,4639.01,8403.1,4762.11,219.24,8269,8178.86,9701.08,8864.95,5368.19,2234.98,3293.43,3670.2,2524.09
8,1.642,1.641,1.64,1.639,1.638,1.637,1.636,1.635,1.634,1.633,1.643,1.644,1.645,1.646,1.647,1.648,1.649,1.65,1.651,1.652,134.78,6240.12,5093.82,5143.22,3801.1,3732.79,7924.35,5980.87,6884.18,3055.82,2199.4,7084.61,10463.49,8494.08,6582.49,8013.14,2629.93,2049.78,3670.2,2624.09
9,1.642,1.641,1.64,1.639,1.638,1.637,1.636,1.635,1.634,1.633,1.643,1.644,1.645,1.646,1.647,1.648,1.649,1.65,1.651,1.652,296.82,6593.29,5418.62,4549.45,3283.9,3965.08,7924.35,5980.87,6575.6,3055.82,213.14,6951.67,8414.2,9800.44,7044.02,10141.47,3614.7,2112.17,3936.5,2357.7
10,1.642,1.641,1.64,1.639,1.638,1.637,1.636,1.635,1.634,1.633,1.643,1.644,1.645,1.646,1.647,1.648,1.649,1.65,1.651,1.652,437.21,4683.78,6287.38,5018.67,5663.82,4138.43,4448.48,7359.29,6483.83,3011.3,213.14,5164.38,12229.22,10666.01,5689.61,8390.11,4598.83,2316.24,3670.2,2357.7
11,1.642,1.641,1.64,1.639,1.638,1.637,1.636,1.635,1.634,1.633,1.643,1.644,1.645,1.646,1.647,1.648,1.649,1.65,1.651,1.652,635.27,5389.05,5471.88,4981.81,6197.92,3626.9,4717.22,5980.87,6483.83,2654.69,333.22,5408.23,12329.74,12134.39,9023.22,6982.95,4865.45,2049.78,3670.2,2357.7
12,1.642,1.641,1.64,1.639,1.638,1.637,1.636,1.635,1.634,1.633,1.643,1.644,1.645,1.646,1.647,1.648,1.649,1.65,1.651,1.652,376.58,5695.49,4584.23,3519.91,3748.65,5901.43,4220.57,5980.87,8539.37,2654.69,247.47,7237.3,11028.5,9464.34,7367.69,7244.13,3880.68,2149.78,3670.2,2257.7
13,1.642,1.641,1.64,1.639,1.638,1.637,1.636,1.635,1.634,1.633,1.643,1.644,1.645,1.646,1.647,1.648,1.649,1.65,1.651,1.652,579.65,5879.47,4639.02,4127.91,4217.11,5914.15,4220.57,5980.87,8539.37,2654.69,182.59,6135.62,8620.25,11039.81,7388.99,6436.12,2958.96,2049.78,3670.2,2357.7
14,1.644,1.643,1.642,1.641,1.64,1.639,1.638,1.637,1.636,1.635,1.645,1.646,1.647,1.648,1.649,1.65,1.651,1.652,1.653,1.654,681.71,4202.87,6692.12,4917.43,6527.49,2817.13,2427.17,6036.85,5383.72,6448.76,223.91,8597.9,9297.5,10534.71,8779.21,3323.5,3164.67,2357.7,3494.59,3392.89
15,1.644,1.643,1.642,1.641,1.64,1.639,1.638,1.637,1.636,1.635,1.645,1.646,1.647,1.648,1.649,1.65,1.651,1.652,1.653,1.654,518.57,5775.1,4194.57,4733.42,6917.54,2324.99,2427.17,7415.27,4313.5,6448.76,420.37,8093.19,12265.05,9476.48,4524.06,5969.62,4127.08,2420.08,3494.59,3508.79
16,1.644,1.643,1.642,1.641,1.64,1.639,1.638,1.637,1.636,1.635,1.645,1.646,1.647,1.648,1.649,1.65,1.651,1.652,1.653,1.654,478.71,4060.17,5348.05,4804.92,6917.54,2320.71,2439.89,7406.82,4313.5,6448.76,453.03,9563.23,12265.05,8350.32,6188.57,6860.27,3968.98,2357.7,3494.59,3508.79
17,1.645,1.644,1.643,1.642,1.641,1.64,1.639,1.638,1.637,1.636,1.646,1.647,1.648,1.649,1.65,1.651,1.652,1.653,1.654,1.655,436.95,4027.95,5330.66,6046.06,2657.05,7023.38,2022.17,2357.17,8571.67,4313.5,304.93,9048.2,8233.36,8868.22,8005.51,4131.93,2357.7,3494.59,3508.79,2198.23
18,1.645,1.644,1.643,1.642,1.641,1.64,1.639,1.638,1.637,1.636,1.646,1.647,1.648,1.649,1.65,1.651,1.652,1.653,1.654,1.655,436.95,6175.04,5053.62,5910.16,4734.83,10009.62,2162.56,2089.01,7065.43,4313.5,247.23,8798.17,7320.88,10684.74,7022.29,3866.02,2420.08,3611.19,3508.79,2198.23
19,1.647,1.646,1.645,1.644,1.643,1.642,1.641,1.64,1.639,1.638,1.648,1.649,1.65,1.651,1.652,1.653,1.654,1.655,1.656,1.657,463.14,4490.64,7013.78,4574.24,2784.66,3330.19,2536.22,6332.84,5816.66,5703.71,818.42,7352.77,8272.4,11680.11,7714.06,3165.02,2502.67,2215.9,3711.84,3574.99
20,1.647,1.646,1.645,1.644,1.643,1.642,1.641,1.64,1.639,1.638,1.648,1.649,1.65,1.651,1.652,1.653,1.654,1.655,1.656,1.657,2958.92,6879.39,4862.07,3520.7,2160.73,2862.52,2169.94,5728.48,5548.79,5703.71,652.04,7206.45,8183.48,12048.5,6465.63,5946.4,2502.67,2215.9,3711.84,3574.99
21,1.649,1.648,1.647,1.646,1.645,1.644,1.643,1.642,1.641,1.64,1.65,1.651,1.652,1.653,1.654,1.655,1.656,1.657,1.658,1.659,2111.28,4923.26,5262.14,4854.55,2481.18,2488.29,2452.89,2293.44,3485.93,7334.45,725.91,4591.32,10414.68,11115.7,4665.23,8015.51,2800.25,3562.65,1722.74,1984.35
22,1.65,1.649,1.648,1.647,1.646,1.645,1.644,1.643,1.642,1.641,1.651,1.652,1.653,1.654,1.655,1.656,1.657,1.658,1.659,1.66,460,4551.88,6240.21,3829.13,7837.27,2220.83,2735.35,2297.4,3798.99,4877.09,1113.61,10946,9791.7,8505.04,6352,4727.38,2202.96,1722.74,2068.45,1707.64
23,1.652,1.651,1.65,1.649,1.648,1.647,1.646,1.645,1.644,1.643,1.653,1.654,1.655,1.656,1.657,1.658,1.659,1.66,1.661,1.662,650.16,4908.79,5943.54,3393.07,5049.07,2387.09,5648.64,2510.1,3031.78,3395.94,1819.22,9704.47,7633.27,9186.65,6513.25,2879.44,1910.8,1973.01,2166.8,412.31
24,1.652,1.651,1.65,1.649,1.648,1.647,1.646,1.645,1.644,1.643,1.653,1.654,1.655,1.656,1.657,1.658,1.659,1.66,1.661,1.662,3557.65,4654.42,5333.8,3094.42,4744.64,2433.7,5614.44,4112.36,4536.26,3380.12,213.14,4110.71,8642.28,13288.1,5259.55,6847.91,4208.18,1225.24,2108,1794.77
25,1.652,1.651,1.65,1.649,1.648,1.647,1.646,1.645,1.644,1.643,1.653,1.654,1.655,1.656,1.657,1.658,1.659,1.66,1.661,1.662,581.77,4586.55,5613.44,4316.65,4326.92,6121.73,6293.77,3846.34,4523.58,3380.12,507.6,8003.57,8104.51,11257.81,4299.82,7471.18,1848.45,1551.24,2108,1794.77
26,1.653,1.652,1.651,1.65,1.649,1.648,1.647,1.646,1.645,1.644,1.654,1.655,1.656,1.657,1.658,1.659,1.66,1.661,1.662,1.663,221.31,4028.92,6428.88,6464.66,2447.22,4228.63,5144.31,5884.6,3846.34,4523.58,745.3,6599.12,7052.43,8843.2,5357.57,5451.59,1488.86,2108,1794.77,3169.97
27,1.653,1.652,1.651,1.65,1.649,1.648,1.647,1.646,1.645,1.644,1.654,1.655,1.656,1.657,1.658,1.659,1.66,1.661,1.662,1.663,2068.41,5661.25,4823.64,5642.96,2447.22,2150.85,2401.24,5884.48,5224.76,6496.06,507.82,5556.38,10479.82,9600.07,6012.64,5618.37,1551.12,2108,1794.77,3169.97
28,1.653,1.652,1.651,1.65,1.649,1.648,1.647,1.646,1.645,1.644,1.654,1.655,1.656,1.657,1.658,1.659,1.66,1.661,1.662,1.663,2088.44,4147.46,6561.99,5467.64,2447.22,2142.47,2241.49,7262.9,5924.12,4418.28,490.12,7898.7,9880.6,9205.05,5736.23,3169.57,1551.12,2108,1794.77,3169.97
29,1.654,1.653,1.652,1.651,1.65,1.649,1.648,1.647,1.646,1.645,1.655,1.656,1.657,1.658,1.659,1.66,1.661,1.662,1.663,1.664,2116.03,6581.47,4253.5,5681.91,2528.3,2139.93,1955.01,4177.35,9129.01,3860.78,950.14,6194.13,9810.17,9862.86,5801.59,3374.71,2271.21,1794.77,3269.97,1843.11
30,1.653,1.652,1.651,1.65,1.649,1.648,1.647,1.646,1.645,1.644,1.654,1.655,1.656,1.657,1.658,1.659,1.66,1.661,1.662,1.663,2088.96,5929.02,4204.55,3450.95,2307.4,2283.4,4177.35,9229.01,6579.31,6522.33,660.73,5787.4,7269.41,9428.11,9377.12,6599.71,4157.63,2233.59,1794.77,3369.97
31,1.653,1.652,1.651,1.65,1.649,1.648,1.647,1.646,1.645,1.644,1.654,1.655,1.656,1.657,1.658,1.659,1.66,1.661,1.662,1.663,2260.97,5741.58,4354.32,5961.35,2307.38,3503.53,2533.48,9394.75,6706.55,6495.04,330.33,3943.2,7341.12,9848.99,6563.32,6692.46,4157.63,1908,1794.77,3369.97
32,1.654,1.653,1.652,1.651,1.65,1.649,1.648,1.647,1.646,1.645,1.655,1.656,1.657,1.658,1.659,1.66,1.661,1.662,1.663,1.664,98.39,6250.66,4177.34,5328.13,6224.76,2321.59,3333.43,4716.49,3515.99,6706.55,450.99,7088.46,9434.48,10989.34,6428.82,3180.2,1970.36,1794.77,3369.97,1843.11
33,1.651,1.65,1.649,1.648,1.647,1.646,1.645,1.644,1.643,1.642,1.652,1.653,1.654,1.655,1.656,1.657,1.658,1.659,1.66,1.661,699.33,3836,5664.54,6277.88,10841.24,2717.28,2576.34,6188.33,3380.12,3338.11,443.85,4653.94,8963.91,10035.95,9616.8,6757.71,4888.58,2304.42,1190.3,3264.51
34,1.649,1.648,1.647,1.646,1.645,1.644,1.643,1.642,1.641,1.64,1.65,1.651,1.652,1.653,1.654,1.655,1.656,1.657,1.658,1.659,718.73,6785.24,3786.51,7276.3,9392.67,3288.22,3376.42,6315.99,3674.3,2850.33,556.51,6231.67,6947.72,9736.54,6422.16,5811.28,7218.38,3916.14,2319.01,3176.77
35,1.648,1.647,1.646,1.645,1.644,1.643,1.642,1.641,1.64,1.639,1.649,1.65,1.651,1.652,1.653,1.654,1.655,1.656,1.657,1.658,228.31,2938.59,5343.05,6888.11,9149.02,5010.29,6224.68,4078.81,2542.88,4036.83,2300.88,3709.01,5134.24,10820.96,7302.04,6177.27,6167.23,5676.82,3853.83,3212.6
36,1.647,1.646,1.645,1.644,1.643,1.642,1.641,1.64,1.639,1.638,1.648,1.649,1.65,1.651,1.652,1.653,1.654,1.655,1.656,1.657,129.92,4573.34,6333.99,7747.54,10463.23,3184.82,2953.7,5736.21,4136.83,2000.81,2226.6,4070.15,6095.84,7266.61,11444.98,7087.99,5322.68,3791.07,2841.39,3853.83
37,1.647,1.646,1.645,1.644,1.643,1.642,1.641,1.64,1.639,1.638,1.648,1.649,1.65,1.651,1.652,1.653,1.654,1.655,1.656,1.657,411.7,5512.47,7046.19,4868.82,10463.23,3000.94,2953.7,5836.21,4136.83,1900.81,231.35,4693.88,9931.11,9185.95,8103.89,9088.73,5493.16,1982,2937.83,3853.83
38,1.646,1.645,1.644,1.643,1.642,1.641,1.64,1.639,1.638,1.637,1.647,1.648,1.649,1.65,1.651,1.652,1.653,1.654,1.655,1.656,530.79,4311.38,8125.92,6104.17,6853.56,5901.69,6123.77,3750.45,1592.98,2452.12,2120.52,6240.25,8345.23,10932.98,8048.07,6062.57,6256.37,2303.48,3142.03,3818.44
39,1.648,1.647,1.646,1.645,1.644,1.643,1.642,1.641,1.64,1.639,1.649,1.65,1.651,1.652,1.653,1.654,1.655,1.656,1.657,1.658,763.66,6495.01,5530.01,6520.14,3945.58,4087.12,6508.46,5847.87,7300.29,3657.7,1591.73,4084.94,8405.42,13877.26,8923.57,4496.15,2044.34,3918.44,4061.63,1983.46
40,1.646,1.645,1.644,1.643,1.642,1.641,1.64,1.639,1.638,1.637,1.647,1.648,1.649,1.65,1.651,1.652,1.653,1.654,1.655,1.656,255.56,4128.48,6564.26,5870.79,10725.45,6020.68,6088.86,4210.95,1764.93,2352.12,762.15,5832.09,9466.08,11636.05,10716.59,5835.49,4783.85,2471.83,2358.8,3446.37
41,1.644,1.643,1.642,1.641,1.64,1.639,1.638,1.637,1.636,1.635,1.645,1.646,1.647,1.648,1.649,1.65,1.651,1.652,1.653,1.654,339.87,4414.49,7355.4,6412.12,6994.3,7748.62,3637.42,2575.26,3571.63,4812.55,2423.99,7315.32,9205.86,9444.12,6226.46,7783.49,3432.22,2997.74,3956.29,3594.27
42,1.642,1.641,1.64,1.639,1.638,1.637,1.636,1.635,1.634,1.633,1.643,1.644,1.645,1.646,1.647,1.648,1.649,1.65,1.651,1.652,2910.17,7023.38,6150.37,6646.59,3551.24,7362.87,3705.94,2330.95,4634.47,3272.5,114.75,4042.02,6300.55,6911.03,10145.72,6444.16,5194.15,6953.36,3166.66,4133.09
43,1.644,1.643,1.642,1.641,1.64,1.639,1.638,1.637,1.636,1.635,1.645,1.646,1.647,1.648,1.649,1.65,1.651,1.652,1.653,1.654,642.1,5828.92,5176.58,7069.66,2532.37,6123.93,7158.27,4771.64,3571.63,2341.07,617.05,6582.97,7272,11262.79,8468.56,6597.15,2080.43,4133.09,3721.86,2070.88
44,1.644,1.643,1.642,1.641,1.64,1.639,1.638,1.637,1.636,1.635,1.645,1.646,1.647,1.648,1.649,1.65,1.651,1.652,1.653,1.654,615.56,6213.35,5343.13,7966.17,4610.15,6114.61,5779.85,2700.14,3699.6,2341.07,524.3,7471.78,8175.24,11651.09,7789,5177.5,2080.43,4248.99,3721.86,2070.88
45,1.643,1.642,1.641,1.64,1.639,1.638,1.637,1.636,1.635,1.634,1.644,1.645,1.646,1.647,1.648,1.649,1.65,1.651,1.652,1.653,790.71,7314.28,5035.82,5076.55,9159.86,6206.85,2700.14,3699.6,2341.07,4498.22,301.58,4761.21,9459.01,9250.31,7244.84,10267.18,3624.9,2142.72,4133.09,3369.83
46,1.642,1.641,1.64,1.639,1.638,1.637,1.636,1.635,1.634,1.633,1.643,1.644,1.645,1.646,1.647,1.648,1.649,1.65,1.651,1.652,860.65,5563.18,7332.95,6379.02,9427.83,2620.09,2442.39,2232.59,4284.49,3372.5,357.14,6619.33,10323.61,12844.5,8240.21,5173.3,6387.03,2215.58,2396.33,4133.09
47,1.643,1.642,1.641,1.64,1.639,1.638,1.637,1.636,1.635,1.634,1.644,1.645,1.646,1.647,1.648,1.649,1.65,1.651,1.652,1.653,359.84,6352.13,4107.39,4282.58,4994.89,7217.1,3649.59,4385.86,6560.71,6034.94,245.91,6230.27,8488.04,11082.44,8172.04,4296.03,2215.58,2396.33,4133.09,3169.83
48,1.642,1.641,1.64,1.639,1.638,1.637,1.636,1.635,1.634,1.633,1.643,1.644,1.645,1.646,1.647,1.648,1.649,1.65,1.651,1.652,1045.78,7107.58,5326.03,6841.04,6675.2,2452.39,4385.86,6552.37,5963.4,3372.5,304.96,5054.46,7012.57,12273.68,7885.1,7111.29,6947.38,2277.87,2396.33,4133.09
49,1.642,1.641,1.64,1.639,1.638,1.637,1.636,1.635,1.634,1.633,1.643,1.644,1.645,1.646,1.647,1.648,1.649,1.65,1.651,1.652,1216.83,7108.32,5152.84,6943,6263.99,2863.85,4394.2,6552.37,5963.4,3372.5,119.68,5473.36,8840.73,12738.8,6417.88,10081.87,5281.85,2215.58,2396.33,4133.09
50,1.642,1.641,1.64,1.639,1.638,1.637,1.636,1.635,1.634,1.633,1.643,1.644,1.645,1.646,1.647,1.648,1.649,1.65,1.651,1.652,1124.69,6967.38,5400.98,5831.99,5207.12,4972.64,4394.19,6552.37,5539.8,3681.08,813.81,6274.6,9826.14,11732.85,7864.28,6051.79,4297.2,2215.58,3632.1,4133.09
51,1.644,1.643,1.642,1.641,1.64,1.639,1.638,1.637,1.636,1.635,1.645,1.646,1.647,1.648,1.649,1.65,1.651,1.652,1.653,1.654,490.75,3201.99,6860.03,4035.38,6910.59,2574.06,3661.74,5019.65,2584.9,3681.57,1801.79,8036.92,9727.29,8915.98,8587.98,3200.11,2471.32,4133.09,3269.83,2070.88
52,1.645,1.644,1.643,1.642,1.641,1.64,1.639,1.638,1.637,1.636,1.646,1.647,1.648,1.649,1.65,1.651,1.652,1.653,1.654,1.655,114.75,3024.35,5408.11,4667.66,3017.98,6438.51,2496.06,4563.88,7408.3,6823.42,1984.67,7996.47,7831.8,8105,5593.63,4232.44,4360.13,3369.83,1954.98,4138.33
53,1.644,1.643,1.642,1.641,1.64,1.639,1.638,1.637,1.636,1.635,1.645,1.646,1.647,1.648,1.649,1.65,1.651,1.652,1.653,1.654,6.1,778.02,5979.89,4228.11,3259.64,2161.53,4761.81,8705.5,6246.35,3581.38,4319.43,5928.34,6690.4,10987.71,4003.18,6319.38,4524.16,2742.67,3253.93,2070.88
54,1.643,1.642,1.641,1.64,1.639,1.638,1.637,1.636,1.635,1.634,1.644,1.645,1.646,1.647,1.648,1.649,1.65,1.651,1.652,1.653,494.98,5948.48,4897.2,5357.03,2161.53,3193.8,7522.84,8695.69,3568.6,4692.86,27.29,1991.47,7120.98,6508.05,9250.79,9051.49,2786.26,2467.02,3906.23,3053.93
55,1.643,1.642,1.641,1.64,1.639,1.638,1.637,1.636,1.635,1.634,1.644,1.645,1.646,1.647,1.648,1.649,1.65,1.651,1.652,1.653,364.69,5743.75,4203.84,3952.64,3166.64,4739.86,7111.38,8427.2,3837.38,4692.86,562.58,4153.07,5129.23,7331.3,11025.88,4044.69,5723.48,2467.02,3906.23,3053.93
56,1.642,1.641,1.64,1.639,1.638,1.637,1.636,1.635,1.634,1.633,1.643,1.644,1.645,1.646,1.647,1.648,1.649,1.65,1.651,1.652,992.39,5875.52,4073.25,2746.17,4900.94,7295.66,8439.91,3837.38,4692.86,3581.08,430.81,3905.19,7362.87,7534.36,7010.25,9913.15,5010.49,4723.65,2582.92,3906.23
57,1.641,1.64,1.639,1.638,1.637,1.636,1.635,1.634,1.633,1.632,1.642,1.643,1.644,1.645,1.646,1.647,1.648,1.649,1.65,1.651,413.14,3274.9,5007.39,3103.79,4100.82,2546.09,11694.04,5834.87,7977.21,2452.06,2032.53,4921.15,9276.63,7294.92,8468.38,6102.57,2311.98,3515.41,3825.95,3329.03
58,1.641,1.64,1.639,1.638,1.637,1.636,1.635,1.634,1.633,1.632,1.642,1.643,1.644,1.645,1.646,1.647,1.648,1.649,1.65,1.651,213.14,1460.38,4859.03,3414.62,4584.89,2663.46,11970.81,7107.7,7801.97,2452.06,3080.71,6710.48,7580.23,14229.02,6802.68,3665.21,5430.66,2235.96,3825.95,3478.5
59,1.639,1.638,1.637,1.636,1.635,1.634,1.633,1.632,1.631,1.63,1.64,1.641,1.642,1.643,1.644,1.645,1.646,1.647,1.648,1.649,1643.39,4488.71,4673.95,3000.75,6804.29,7203.62,12861.64,2710.49,2270.01,3849.85,86.35,3443.93,8090.89,11237.48,6577.5,3221.93,6602.25,4106.29,2161.22,3537.34
60,1.64,1.639,1.638,1.637,1.636,1.635,1.634,1.633,1.632,1.631,1.641,1.642,1.643,1.644,1.645,1.646,1.647,1.648,1.649,1.65,747.68,3580.2,5726.59,4837.94,5763.95,5042.88,3200.63,11229.67,2356.89,2270.01,125.43,4708.24,8606.2,8953.91,7702.17,5988.33,3110.56,2161.22,3537.34,3825.95
61,1.642,1.641,1.64,1.639,1.638,1.637,1.636,1.635,1.634,1.633,1.643,1.644,1.645,1.646,1.647,1.648,1.649,1.65,1.651,1.652,722.32,6685.59,4215.88,2745.95,4182.47,2359.56,5424.02,6808.7,4719.06,9300.99,86.58,4046.74,8987.04,10460.72,8336.43,4200.45,2445.99,3941.85,3794.4,2761.8
62,1.642,1.641,1.64,1.639,1.638,1.637,1.636,1.635,1.634,1.633,1.643,1.644,1.645,1.646,1.647,1.648,1.649,1.65,1.651,1.652,1140.87,5956.92,4015.88,2749.31,4038.49,2307.1,5580.02,6808.7,5040.37,9570.22,63.91,4958.83,10496.74,9689.19,7616.86,6221.74,2508.27,3941.85,3794.4,2761.8
63,1.641,1.64,1.639,1.638,1.637,1.636,1.635,1.634,1.633,1.632,1.642,1.643,1.644,1.645,1.646,1.647,1.648,1.649,1.65,1.651,1299.66,5944.76,3467.9,3350.69,3219.41,5748.37,6808.7,4747.7,9570.22,2608.64,3084.99,11181.46,9002.92,10168.11,3122.31,4916.25,5693.95,2330.09,3941.85,3794.4
64,1.64,1.639,1.638,1.637,1.636,1.635,1.634,1.633,1.632,1.631,1.641,1.642,1.643,1.644,1.645,1.646,1.647,1.648,1.649,1.65,4976.3,4207.11,4630.18,3508.75,3678.04,7131.82,4547.7,11229.67,2808.64,2539.81,162.3,8595.38,10784.23,11099.47,6298.22,8392.06,5634.07,2339.03,2235.96,3941.85
65,1.64,1.639,1.638,1.637,1.636,1.635,1.634,1.633,1.632,1.631,1.641,1.642,1.643,1.644,1.645,1.646,1.647,1.648,1.649,1.65,399.81,5285.87,3887.17,4201.75,3678.1,7131.82,3949.29,11229.67,3106.61,2539.81,178.66,4239.6,7962.35,8173.39,8947.9,6755.06,4011.42,2045.32,2235.96,3634.67
66,1.64,1.639,1.638,1.637,1.636,1.635,1.634,1.633,1.632,1.631,1.641,1.642,1.643,1.644,1.645,1.646,1.647,1.648,1.649,1.65,1152.43,5812.06,4121.24,3062.39,2980.75,6432.46,3226.24,13307.45,3106.61,2411.46,148.2,7012.57,8662.02,10517.14,7848.3,4896.27,3949.17,2045.32,3535.84,3945.24
67,1.64,1.639,1.638,1.637,1.636,1.635,1.634,1.633,1.632,1.631,1.641,1.642,1.643,1.644,1.645,1.646,1.647,1.648,1.649,1.65,759.39,5834.27,5073.58,2696.62,2988.29,5377.97,2615.93,13307.45,3106.61,2411.46,3195.12,9374.73,7800.59,10065.17,7848.3,5629.12,3026.66,2045.32,3535.84,3945.24
68,1.641,1.64,1.639,1.638,1.637,1.636,1.635,1.634,1.633,1.632,1.642,1.643,1.644,1.645,1.646,1.647,1.648,1.649,1.65,1.651,713.35,6400.7,4185.97,2996.42,3400.65,2116.69,5040.92,2557.91,13633.69,2808.64,2931.69,9431.2,8791.08,8108.77,10433.48,4934.65,2045.32,3535.84,3945.24,3690.84
69,1.642,1.641,1.64,1.639,1.638,1.637,1.636,1.635,1.634,1.633,1.643,1.644,1.645,1.646,1.647,1.648,1.649,1.65,1.651,1.652,1211.26,4471.03,4524.32,2974.81,3772.65,3915.14,1955.11,6967.24,3816.16,11705.01,715.47,6466.54,8660.23,9634.41,10160.66,5330.97,5146.07,4007.49,3794.4,3130.77
70,1.644,1.643,1.642,1.641,1.64,1.639,1.638,1.637,1.636,1.635,1.645,1.646,1.647,1.648,1.649,1.65,1.651,1.652,1.653,1.654,219.73,1585.44,5759.44,3835.64,3294.63,4214.52,3523.29,3376.06,3955.7,4849.99,5564.49,10709.46,8268.59,7491,5441.27,5930.11,3694.4,3130.77,3547.65,2752.76
71,1.643,1.642,1.641,1.64,1.639,1.638,1.637,1.636,1.635,1.634,1.644,1.645,1.646,1.647,1.648,1.649,1.65,1.651,1.652,1.653,993.34,6468.99,4345.21,3294.63,3606.44,4124.34,3376.06,3955.7,4849.99,4068.07,213.14,6944.82,9875.01,8152.13,6878.17,5441.27,5867.86,3694.4,3130.77,3547.65
72,1.644,1.643,1.642,1.641,1.64,1.639,1.638,1.637,1.636,1.635,1.645,1.646,1.647,1.648,1.649,1.65,1.651,1.652,1.653,1.654,123.34,3451.64,4010.48,4345.21,3294.63,3618.17,3964.13,3376.06,3955.7,7235.97,4476.56,9795.63,8824.84,7349.5,5276.41,7928.83,3694.4,3130.77,3547.65,2219.88
73,1.644,1.643,1.642,1.641,1.64,1.639,1.638,1.637,1.636,1.635,1.645,1.646,1.647,1.648,1.649,1.65,1.651,1.652,1.653,1.654,1063.02,5534.53,5208.3,3512.57,2601.63,3526.13,3762.24,5300.03,4987.14,5409.65,289.93,6404.16,8103.23,9094.76,7281.33,6975.55,2329.27,3130.77,3647.65,2219.88
74,1.643,1.642,1.641,1.64,1.639,1.638,1.637,1.636,1.635,1.634,1.644,1.645,1.646,1.647,1.648,1.649,1.65,1.651,1.652,1.653,2821.45,3558.76,3197.97,6690.2,2310.01,7247.03,6094.59,3608.72,4949.99,2938.45,377.14,7352.65,10426.23,10502.13,6940.04,5408.82,4971.4,2529.27,4298.28,3447.65
75,1.641,1.64,1.639,1.638,1.637,1.636,1.635,1.634,1.633,1.632,1.642,1.643,1.644,1.645,1.646,1.647,1.648,1.649,1.65,1.651,1301.38,6451.65,3689.2,4121.83,10996.78,2449.73,4849.99,2552.56,6909.63,2352.06,219.24,4563.33,9852.3,11199.7,9347.4,4846.18,4377.55,4443.61,2651.56,3745.79
76,1.64,1.639,1.638,1.637,1.636,1.635,1.634,1.633,1.632,1.631,1.641,1.642,1.643,1.644,1.645,1.646,1.647,1.648,1.649,1.65,1943.14,5280.98,3904.32,4348.21,6951.92,7249.27,2261.05,8717.43,3246.67,2270.03,126.95,3836.24,7865.72,11607.44,9586.61,7319.88,4809.49,3037.6,2351.86,3678.73
77,1.641,1.64,1.639,1.638,1.637,1.636,1.635,1.634,1.633,1.632,1.642,1.643,1.644,1.645,1.646,1.647,1.648,1.649,1.65,1.651,114.75,3352.41,3897.8,5231.47,3846.79,5607.87,7141.48,2261.05,8701.79,3246.67,3832.33,8164.45,9825.95,9526.3,7943.79,4871.87,3037.6,2351.86,3678.73,3545.79
78,1.641,1.64,1.639,1.638,1.637,1.636,1.635,1.634,1.633,1.632,1.642,1.643,1.644,1.645,1.646,1.647,1.648,1.649,1.65,1.651,323.88,5410.56,4012.94,5844.67,2482.99,6964.14,7560.98,2261.05,8730.44,3246.67,3741.65,7212.62,11263.1,10621.7,8972.79,4824.28,2045.32,2351.86,3678.73,3545.79
79,1.641,1.64,1.639,1.638,1.637,1.636,1.635,1.634,1.633,1.632,1.642,1.643,1.644,1.645,1.646,1.647,1.648,1.649,1.65,1.651,830.26,6698.2,3143.94,5139.08,3846.79,5439.51,7149.02,2571.73,8717.71,2948.13,225.34,4805.63,9333.16,12197.11,6806.63,5857.14,2045.32,2351.86,3678.73,3545.79
80,1.64,1.639,1.638,1.637,1.636,1.635,1.634,1.633,1.632,1.631,1.641,1.642,1.643,1.644,1.645,1.646,1.647,1.648,1.649,1.65,3112.35,4504.54,5257.77,3846.79,6012.14,7161.74,2559.01,9343.38,2678.61,2141.65,213.14,4920.54,9818.64,12407.57,8898.56,6123.47,3827.07,2107.68,2351.86,3678.73
81,1.64,1.639,1.638,1.637,1.636,1.635,1.634,1.633,1.632,1.631,1.641,1.642,1.643,1.644,1.645,1.646,1.647,1.648,1.649,1.65,3589,5744.19,4363.6,3046.38,7391.69,7154.2,2559.01,9074.03,2948.25,2141.65,213.14,4614.12,9012.28,12360.75,8006.12,5358.83,5796.77,2107.68,2351.86,3678.73
82,1.64,1.639,1.638,1.637,1.636,1.635,1.634,1.633,1.632,1.631,1.641,1.642,1.643,1.644,1.645,1.646,1.647,1.648,1.649,1.65,3056.1,6338.52,4363.6,2810.22,7204.98,7553.44,2571.73,9074.03,2948.25,2141.65,98.39,4970.32,6648.08,13287.8,9933.45,5834.89,4843.16,2045.32,2351.86,3678.73
83,1.64,1.639,1.638,1.637,1.636,1.635,1.634,1.633,1.632,1.631,1.641,1.642,1.643,1.644,1.645,1.646,1.647,1.648,1.649,1.65,3014.41,4508.16,4363.6,3188.24,5107.8,7553.44,4668.91,9074.03,2948.25,2141.65,213.14,4417.1,8673.89,10158.61,10918.14,5852.32,4780.8,2107.68,2351.86,3678.73
84,1.642,1.641,1.64,1.639,1.638,1.637,1.636,1.635,1.634,1.633,1.643,1.644,1.645,1.646,1.647,1.648,1.649,1.65,1.651,1.652,213.14,2526.47,6029.7,4161.52,3282.34,3466.06,3574.8,6220.5,7352.93,8974.03,3713.71,12309.63,13403.78,9160.04,4830.94,4332.88,2351.86,3678.73,3545.79,3408.59
85,1.643,1.642,1.641,1.64,1.639,1.638,1.637,1.636,1.635,1.634,1.644,1.645,1.646,1.647,1.648,1.649,1.65,1.651,1.652,1.653,4183.71,4992.4,3742.53,3449.64,2292.49,3092.24,4300.29,3870.25,7735.02,8628.14,10.67,5551.55,8713.94,13580.79,6699.46,6855.08,2945.28,3545.79,3508.59,3269.83
86,1.644,1.643,1.642,1.641,1.64,1.639,1.638,1.637,1.636,1.635,1.645,1.646,1.647,1.648,1.649,1.65,1.651,1.652,1.653,1.654,2516.98,6455.19,3612.81,3518.11,5384.12,3296.55,2880.35,4300.29,4294.53,5296.74,6.09,6468.18,12713.42,9058.3,5860.41,6100.51,2213.47,3408.59,3369.83,2219.88
87,1.644,1.643,1.642,1.641,1.64,1.639,1.638,1.637,1.636,1.635,1.645,1.646,1.647,1.648,1.649,1.65,1.651,1.652,1.653,1.654,213.14,4858.27,4445.8,3377.98,3684.2,5926.56,3054.73,4568.61,5173.83,3664.04,3625.79,11353.99,9040.33,8832.19,8097.11,4933.36,2213.47,3408.59,3369.83,2219.88
88,1.644,1.643,1.642,1.641,1.64,1.639,1.638,1.637,1.636,1.635,1.645,1.646,1.647,1.648,1.649,1.65,1.651,1.652,1.653,1.654,104.86,2539.78,6217.9,4026.38,3603,5926.56,3054.73,4568.61,5073.83,3664.04,3879.33,9375.05,9814.41,8990.12,4453.69,6046.5,2151.12,3408.59,3253.93,2219.88
89,1.644,1.643,1.642,1.641,1.64,1.639,1.638,1.637,1.636,1.635,1.645,1.646,1.647,1.648,1.649,1.65,1.651,1.652,1.653,1.654,6.47,916.55,6330.02,4594.01,2951.79,5967.81,3054.73,4402.78,5073.83,3664.04,3297.73,7716.82,10604.75,8878.34,6903.15,7100.68,2267.02,3508.59,3153.93,2219.88
90,1.643,1.642,1.641,1.64,1.639,1.638,1.637,1.636,1.635,1.634,1.644,1.645,1.646,1.647,1.648,1.649,1.65,1.651,1.652,1.653,694.69,6120.69,4312.61,2951.79,5967.81,3054.73,4402.78,5073.83,3664.04,7903.9,129.22,5093.51,11032.74,10059.6,6268.98,6904.14,6075.08,2367.02,3508.59,3053.93
91,1.642,1.641,1.64,1.639,1.638,1.637,1.636,1.635,1.634,1.633,1.643,1.644,1.645,1.646,1.647,1.648,1.649,1.65,1.651,1.652,822.62,6571.4,4910.07,2998.78,6875.87,2370.87,7352.32,5281.97,5806.72,6901.36,138.34,4921.27,8869.58,9159.96,8011.84,7134.23,5041.81,3972.57,2482.92,4852.96
92,1.642,1.641,1.64,1.639,1.638,1.637,1.636,1.635,1.634,1.633,1.643,1.644,1.645,1.646,1.647,1.648,1.649,1.65,1.651,1.652,6.1,867.22,6678.52,3329.2,3904.58,6193.22,5890.26,5550.87,5793.38,6901.36,3785.23,6855.63,9681.64,11463.85,9084.05,6666.62,3432.08,2751.56,3541.89,4868.86
93,1.64,1.639,1.638,1.637,1.636,1.635,1.634,1.633,1.632,1.631,1.641,1.642,1.643,1.644,1.645,1.646,1.647,1.648,1.649,1.65,1253.4,6220.12,3756.96,3295.55,4492.62,8764.24,5397.96,8730.04,2340.38,2349.8,258.23,3684.12,8326.2,10755.95,10571.31,3818.27,4394.36,2045.32,2105.59,3914.22
94,1.639,1.638,1.637,1.636,1.635,1.634,1.633,1.632,1.631,1.63,1.64,1.641,1.642,1.643,1.644,1.645,1.646,1.647,1.648,1.649,1143.27,4881.37,3610.29,4001.95,4179.19,6555.68,7396.09,5293.66,6246.9,4242.35,121.98,3624,8024.94,12873.57,9470.79,7367.92,4600.8,3286.77,2160.36,3478.54
95,1.64,1.639,1.638,1.637,1.636,1.635,1.634,1.633,1.632,1.631,1.641,1.642,1.643,1.644,1.645,1.646,1.647,1.648,1.649,1.65,582.49,6399.65,3558.73,2467.71,4009.43,4591.15,6143.47,7126.61,5393.66,6516.84,508.12,4221.38,8095.42,15427.82,8869.82,3862.75,2241.02,2160.36,3478.54,4092.04
96,1.64,1.639,1.638,1.637,1.636,1.635,1.634,1.633,1.632,1.631,1.641,1.642,1.643,1.644,1.645,1.646,1.647,1.648,1.649,1.65,451.83,6452.92,3376.73,2467.71,4009.43,4587.71,6143.47,7126.61,5663.3,6152.38,421.09,5772.32,8394.04,15091.93,8148.98,5626.89,2464.61,2044.46,3594.44,4092.04
97,1.641,1.64,1.639,1.638,1.637,1.636,1.635,1.634,1.633,1.632,1.642,1.643,1.644,1.645,1.646,1.647,1.648,1.649,1.65,1.651,213.14,2538.59,4253.72,3353.93,2489.18,3616.55,4425.88,6143.47,7126.61,5972.25,4344.22,9160.88,12038.85,8249.45,9070.8,4375.69,2044.46,3594.44,4092.04,3305.91
98,1.643,1.642,1.641,1.64,1.639,1.638,1.637,1.636,1.635,1.634,1.644,1.645,1.646,1.647,1.648,1.649,1.65,1.651,1.652,1.653,565.65,6092.48,3269.58,3248.92,3440.75,2958.43,1932.67,2246.94,8992.89,7781.23,219.24,7399.81,8829.93,7227.3,9661.79,8084.25,2867.2,3521.81,2877.7,3053.93
99,1.643,1.642,1.641,1.64,1.639,1.638,1.637,1.636,1.635,1.634,1.644,1.645,1.646,1.647,1.648,1.649,1.65,1.651,1.652,1.653,586.32,5994.77,3893.92,2893.14,4627.35,2437.54,1932.67,2246.94,9261.66,7781.23,450.6,8315.22,10622.09,7414.75,8262.91,6885.34,2867.2,3521.81,2877.7,3053.93
100,1.643,1.642,1.641,1.64,1.639,1.638,1.637,1.636,1.635,1.634,1.644,1.645,1.646,1.647,1.648,1.649,1.65,1.651,1.652,1.653,598.31,6053.46,3558.96,3105.01,3947.93,2428.16,1932.67,2246.94,5800.68,7781.23,393.26,7643.87,12036.16,8397.29,8232.02,4876.38,2929.56,3521.81,2877.7,3053.93
101,1.643,1.642,1.641,1.64,1.639,1.638,1.637,1.636,1.635,1.634,1.644,1.645,1.646,1.647,1.648,1.649,1.65,1.651,1.652,1.653,2466.57,6417.9,3676.26,2502.49,3596.99,2264.12,1932.67,3610.74,8206.25,10786.36,175.55,5658.49,8506.26,9787.55,5484.14,7783.83,2867.2,3521.81,2877.7,3053.93
102,1.644,1.643,1.642,1.641,1.64,1.639,1.638,1.637,1.636,1.635,1.645,1.646,1.647,1.648,1.649,1.65,1.651,1.652,1.653,1.654,2278.29,6303.05,3833.78,3786.87,2477.66,3558.77,1897.85,4182.4,4910.69,6279.93,208.81,5426.32,10116.32,10671.98,7041.07,7176.88,2309.3,2877.7,3253.93,2070.88
103,1.645,1.644,1.643,1.642,1.641,1.64,1.639,1.638,1.637,1.636,1.646,1.647,1.648,1.649,1.65,1.651,1.652,1.653,1.654,1.655,219.54,4243.56,4687.52,3833.78,3218.62,2477.66,3460.38,1897.85,4182.4,5487.37,2667.58,12269.92,8628.6,10222.64,5902.31,3692.15,2940.06,3253.93,2070.88,278.88
104,1.645,1.644,1.643,1.642,1.641,1.64,1.639,1.638,1.637,1.636,1.646,1.647,1.648,1.649,1.65,1.651,1.652,1.653,1.654,1.655,2276.61,5815.19,3396.85,4016.19,7369.34,2272.78,2401.53,2193.05,5203.92,5195.54,186.21,4159.27,12657.78,10142.26,7614.15,6169.89,3103.26,3253.93,2070.88,278.88
105,1.645,1.644,1.643,1.642,1.641,1.64,1.639,1.638,1.637,1.636,1.646,1.647,1.648,1.649,1.65,1.651,1.652,1.653,1.654,1.655,4095.28,4347.08,4187,3942.96,6806.69,2195.36,2401.53,2461.08,6567.72,3563.26,132.5,5301.55,10236.29,10260.98,7875.22,7983.56,3040.9,3253.93,2070.88,278.88
106,1.645,1.644,1.643,1.642,1.641,1.64,1.639,1.638,1.637,1.636,1.646,1.647,1.648,1.649,1.65,1.651,1.652,1.653,1.654,1.655,2312.93,5814.39,4187,4138.81,6806.71,2195.36,3765.33,2461.08,5203.92,5760.44,227.75,3577.54,12486.43,8672.2,8856.43,5880.7,4084.43,3253.93,2070.88,278.88
107,1.645,1.644,1.643,1.642,1.641,1.64,1.639,1.638,1.637,1.636,1.646,1.647,1.648,1.649,1.65,1.651,1.652,1.653,1.654,1.655,213.14,4274.04,4655.31,3873.44,3238.55,6624.02,3927.53,2461.08,5203.92,5760.44,3013.85,9575.76,8943.23,8949.94,7172.52,4676.62,3103.21,3253.93,2070.88,278.88
108,1.645,1.644,1.643,1.642,1.641,1.64,1.639,1.638,1.637,1.636,1.646,1.647,1.648,1.649,1.65,1.651,1.652,1.653,1.654,1.655,2305.86,5158.38,3983.46,4030,2988.94,5222.06,5392.41,2461.08,7900.66,5760.44,245.52,4406.38,8021.89,11788.13,7697.7,4676.62,3103.21,3253.93,2070.88,278.88
109,1.645,1.644,1.643,1.642,1.641,1.64,1.639,1.638,1.637,1.636,1.646,1.647,1.648,1.649,1.65,1.651,1.652,1.653,1.654,1.655,2319.23,6041.8,4407.2,3942.11,2315.19,5214.68,5392.41,4558.26,7900.66,3663.26,221.88,4385.14,7895.78,12488.03,6717.8,8769.26,3040.9,3253.93,2070.88,278.88
110,1.645,1.644,1.643,1.642,1.641,1.64,1.639,1.638,1.637,1.636,1.646,1.647,1.648,1.649,1.65,1.651,1.652,1.653,1.654,1.655,2311.78,6162.83,3345.33,3918.19,2307.81,5451.62,5392.41,4558.26,7900.66,3663.26,107.02,5714.11,11029.16,10325.44,7699.3,5729.69,3040.9,3311.03,2070.88,278.88
111,1.646,1.645,1.644,1.643,1.642,1.641,1.64,1.639,1.638,1.637,1.647,1.648,1.649,1.65,1.651,1.652,1.653,1.654,1.655,1.656,157.67,2872.99,6048.1,3460.52,4187.6,2200.89,5214.68,7314.03,4558.26,6284.52,2247.87,9662.88,8285.28,10048.27,8208.77,4213.3,2005.56,2170.88,378.88,3250.98
112,1.647,1.646,1.645,1.644,1.643,1.642,1.641,1.64,1.639,1.638,1.648,1.649,1.65,1.651,1.652,1.653,1.654,1.655,1.656,1.657,2283.46,4457.23,5339.06,4364.5,2794.02,3673.68,2157.85,4680.03,8473.81,5758.19,114.75,4370.21,8168.76,13576.63,7559.17,4685.32,2170.88,602.68,3400.45,2153.9
113,1.648,1.647,1.646,1.645,1.644,1.643,1.642,1.641,1.64,1.639,1.649,1.65,1.651,1.652,1.653,1.654,1.655,1.656,1.657,1.658,104.73,2379.81,5378.85,2806.79,4426.28,2794.02,3513.5,4077.13,4947.49,6591.9,2330.25,9649.06,5534.33,12239.19,6420.93,4561.07,664.99,3500.45,2153.9,3483.83
114,1.648,1.647,1.646,1.645,1.644,1.643,1.642,1.641,1.64,1.639,1.649,1.65,1.651,1.652,1.653,1.654,1.655,1.656,1.657,1.658,2128.04,6206.87,3797.02,3462.32,3283.49,2621.38,2053.47,5674.07,6551.28,4603.05,91.33,5811.08,9525.03,10814.33,8661.07,7516.49,778.59,3400.45,2138,3583.83
115,1.649,1.648,1.647,1.646,1.645,1.644,1.643,1.642,1.641,1.64,1.65,1.651,1.652,1.653,1.654,1.655,1.656,1.657,1.658,1.659,2143.99,6446.95,3422.47,2818.06,2985.13,3009.74,2143.4,2254.19,7037.87,4893.39,1104.74,6353.33,9554.83,8771.41,7313.44,3796.92,2520,1517.44,3487.39,194.31
116,1.649,1.648,1.647,1.646,1.645,1.644,1.643,1.642,1.641,1.64,1.65,1.651,1.652,1.653,1.654,1.655,1.656,1.657,1.658,1.659,333.53,6272.93,3606.14,2818.06,3020.02,2349.14,2143.4,2621.07,7077.97,6890.57,372.31,7086.63,12477.15,8858.84,5855.46,4158.05,2745.06,366.41,3288.72,492.98
117,1.649,1.648,1.647,1.646,1.645,1.644,1.643,1.642,1.641,1.64,1.65,1.651,1.652,1.653,1.654,1.655,1.656,1.657,1.658,1.659,2429.96,6325.08,4289.44,3333.7,5444.98,2181,2143.4,2621.07,7077.97,4459.71,213.14,8250.05,11115,8622.62,5855.46,5136.83,2745.06,466.41,3288.72,392.98
118,1.649,1.648,1.647,1.646,1.645,1.644,1.643,1.642,1.641,1.64,1.65,1.651,1.652,1.653,1.654,1.655,1.656,1.657,1.658,1.659,225.37,6315.41,4309.44,3333.7,6051.22,2945.69,2553.32,3984.87,5714.17,7156.45,375.37,8330.36,10254.34,8503.92,5854.67,6150.67,2745.06,466.41,3288.72,392.98
119,1.649,1.648,1.647,1.646,1.645,1.644,1.643,1.642,1.641,1.64,1.65,1.651,1.652,1.653,1.654,1.655,1.656,1.657,1.658,1.659,2856.29,5364.53,3884,4317.36,2325.82,5906.52,3321.63,3884.87,5406.9,7256.45,213.14,3049.42,11177.12,12333.85,7520.7,3633.16,2745.06,466.41,3288.72,392.98
120,1.65,1.649,1.648,1.647,1.646,1.645,1.644,1.643,1.642,1.641,1.651,1.652,1.653,1.654,1.655,1.656,1.657,1.658,1.659,1.66,2843.35,5310.26,4477.02,3364.59,5039.25,2894.65,2966.66,5690.86,3734.88,3894.89,673.08,5021.12,9353.53,10289.71,5600.63,6841.72,366.41,3288.72,392.98,3657.64
121,1.651,1.65,1.649,1.648,1.647,1.646,1.645,1.644,1.643,1.642,1.652,1.653,1.654,1.655,1.656,1.657,1.658,1.659,1.66,1.661,2859.52,5242,3812.75,4689.94,4275.82,4542.69,4685.5,2985.49,7060.99,3642.85,809.89,3881.53,9586.71,8456.52,8199.42,2517.21,2362.57,174.31,4013.68,148.25
122,1.65,1.649,1.648,1.647,1.646,1.645,1.644,1.643,1.642,1.641,1.651,1.652,1.653,1.654,1.655,1.656,1.657,1.658,1.659,1.66,4653.41,3949.58,4235.26,3212.41,6200.73,3172.98,2985.49,8670.85,3642.85,3469.68,202.2,4112.86,11021.74,9578.21,5199.1,6366.93,3508.64,2362.57,174.31,4013.68
123,1.65,1.649,1.648,1.647,1.646,1.645,1.644,1.643,1.642,1.641,1.651,1.652,1.653,1.654,1.655,1.656,1.657,1.658,1.659,1.66,2809.17,5630.17,4235.26,3292.55,6208.07,3338.55,4349.29,7307.05,3642.85,3469.68,365.7,6032.3,8255.42,10199.9,5199.1,7200.45,2526.2,2362.57,174.31,4013.68
124,1.649,1.648,1.647,1.646,1.645,1.644,1.643,1.642,1.641,1.64,1.65,1.651,1.652,1.653,1.654,1.655,1.656,1.657,1.658,1.659,2990.19,5448.45,5075.23,3430.12,6212.39,4636.89,7307.05,3732.11,3469.68,5086.92,203.14,3728.68,11231.52,11373.82,7151.27,5851.69,5567.48,1834.83,2070.85,1580.06
125,1.649,1.648,1.647,1.646,1.645,1.644,1.643,1.642,1.641,1.64,1.65,1.651,1.652,1.653,1.654,1.655,1.656,1.657,1.658,1.659,2384.01,4758.58,5846.66,3430.12,5594.13,5140.61,6290.88,3732.11,3469.68,5086.92,213.14,2882.63,8591.1,12248.87,8144.27,6984.65,4741.86,561.32,2070.85,1580.06
126,1.65,1.649,1.648,1.647,1.646,1.645,1.644,1.643,1.642,1.641,1.651,1.652,1.653,1.654,1.655,1.656,1.657,1.658,1.659,1.66,3045.4,5797.38,3554.38,3891.93,3775.17,6145.47,3601.54,7449.65,3748.37,3469.68,388.69,4407.96,7672.45,11123.43,5933.86,7289.08,4820.12,2003.7,1647.38,4013.68
127,1.651,1.65,1.649,1.648,1.647,1.646,1.645,1.644,1.643,1.642,1.652,1.653,1.654,1.655,1.656,1.657,1.658,1.659,1.66,1.661,3091.31,5511.33,4147.84,3991.06,3064.8,2921.76,7058,2995.3,5839.6,3748.37,727.47,2119.11,9580.35,11436.96,6513.23,4374.86,2302.46,1647.38,4013.68,148.25
128,1.652,1.651,1.65,1.649,1.648,1.647,1.646,1.645,1.644,1.643,1.653,1.654,1.655,1.656,1.657,1.658,1.659,1.66,1.661,1.662,444.01,4486.99,5389.63,3746.47,3039.34,2232.82,2614.05,6781.65,4425.99,8536.34,468.6,6654.15,9083.46,10585.9,8644.44,6029.78,821.16,3815.01,148.25,2333.09
129,1.649,1.648,1.647,1.646,1.645,1.644,1.643,1.642,1.641,1.64,1.65,1.651,1.652,1.653,1.654,1.655,1.656,1.657,1.658,1.659,2680.57,5103.74,4177.74,4939.08,7104.25,3261.05,6157.52,3427.57,6166.42,3033.21,213.14,3311.98,11222.07,9327.18,4880.08,7467.59,4523.39,2167.34,2665.8,1649.86
130,1.65,1.649,1.648,1.647,1.646,1.645,1.644,1.643,1.642,1.641,1.651,1.652,1.653,1.654,1.655,1.656,1.657,1.658,1.659,1.66,377.03,6098.53,3760.03,3420.12,6226.53,6873.61,5169.21,4193.7,3427.57,6166.42,437.76,6107.97,7633.85,8958.67,8575.8,5500.8,2167.34,2533.83,1649.86,3699.11
131,1.648,1.647,1.646,1.645,1.644,1.643,1.642,1.641,1.64,1.639,1.649,1.65,1.651,1.652,1.653,1.654,1.655,1.656,1.657,1.658,139.92,3914.27,6002.79,7897.15,6511.45,7073.72,2426.71,5859.15,3327.95,6881.63,195.95,4005.71,7774.28,9978.6,10100.53,6899.36,3324.01,2272.91,2230.87,3640.63
132,1.648,1.647,1.646,1.645,1.644,1.643,1.642,1.641,1.64,1.639,1.649,1.65,1.651,1.652,1.653,1.654,1.655,1.656,1.657,1.658,3020.47,5211.42,4068.01,6534.07,7269.01,7253.71,2426.71,5859.15,3327.95,6881.63,213.14,3884.43,5950.97,10022.11,8819.19,7818.7,3264.01,2272.91,2230.87,3640.63
133,1.646,1.645,1.644,1.643,1.642,1.641,1.64,1.639,1.638,1.637,1.647,1.648,1.649,1.65,1.651,1.652,1.653,1.654,1.655,1.656,228.34,3432.48,6118.59,7924.06,7971.72,3098.44,2887.91,13289.72,3639.63,3276.66,510.25,6209.76,6956.4,11703.32,8639.65,5498.62,5274.85,2506.58,3361.33,3361.27
134,1.646,1.645,1.644,1.643,1.642,1.641,1.64,1.639,1.638,1.637,1.647,1.648,1.649,1.65,1.651,1.652,1.653,1.654,1.655,1.656,1371.02,5295.36,4114.79,7924.06,7971.72,2942.4,2859.55,13644.94,3425.91,3276.66,114.75,6113.35,6959.64,11520.61,9256.5,5538.89,5274.85,2506.58,3361.33,3361.27
135,1.646,1.645,1.644,1.643,1.642,1.641,1.64,1.639,1.638,1.637,1.647,1.648,1.649,1.65,1.651,1.652,1.653,1.654,1.655,1.656,1351.35,3651.34,5975.7,7924.06,7971.72,2942.4,2859.55,13652.92,3425.91,3276.66,303.11,6123.38,6959.71,12148.67,9285.33,5546.54,4145.85,2506.58,3361.33,3482.23
136,1.645,1.644,1.643,1.642,1.641,1.64,1.639,1.638,1.637,1.636,1.646,1.647,1.648,1.649,1.65,1.651,1.652,1.653,1.654,1.655,215.2,2607.37,5607.51,3949.02,6776.26,5035.37,9362.87,3425.91,3276.66,4035.34,2380.08,6731.13,7174.22,11215.81,7205.1,7161.74,4310.9,2005.56,3744.55,3378.01
137,1.644,1.643,1.642,1.641,1.64,1.639,1.638,1.637,1.636,1.635,1.645,1.646,1.647,1.648,1.649,1.65,1.651,1.652,1.653,1.654,1091.65,5718.85,3827.36,8670.6,8875.72,7416.11,5366.52,2968.83,4327.35,3916.45,309.58,6327.27,7526.89,10690.45,9488.15,6094.77,3808.79,3135.78,2138.42,3744.55
138,1.644,1.643,1.642,1.641,1.64,1.639,1.638,1.637,1.636,1.635,1.645,1.646,1.647,1.648,1.649,1.65,1.651,1.652,1.653,1.654,688.18,6319.05,3827.36,9070.03,7857.34,8036.88,5366.52,2968.83,4327.35,4010.87,213.14,5982.55,6542.52,11235.07,8840.18,5108.98,3710.4,3135.78,2138.42,3744.55
139,1.644,1.643,1.642,1.641,1.64,1.639,1.638,1.637,1.636,1.635,1.645,1.646,1.647,1.648,1.649,1.65,1.651,1.652,1.653,1.654,674.31,4127.66,5653.84,9070.32,6643.32,9278.8,5366.52,2968.83,4327.35,4010.87,170.75,5469.31,6565.94,10716.77,6142.67,7818.06,2729.03,2155.01,2005.56,3877.33
140,1.644,1.643,1.642,1.641,1.64,1.639,1.638,1.637,1.636,1.635,1.645,1.646,1.647,1.648,1.649,1.65,1.651,1.652,1.653,1.654,595.32,5951.03,3827.36,9070.27,6515.64,9273.71,5494.37,2968.83,4327.35,4010.87,138.39,6637.6,10180.95,10377.05,7137.16,7646.8,2729.03,2155.01,2005.56,3877.33
141,1.645,1.644,1.643,1.642,1.641,1.64,1.639,1.638,1.637,1.636,1.646,1.647,1.648,1.649,1.65,1.651,1.652,1.653,1.654,1.655,2385.26,6545.08,4304.16,3646.67,9309.84,6549.01,7572.76,3262.78,5665.57,4036.27,120.84,6693.7,10459.01,11186.28,8332.11,4939.59,2055.01,3380.49,4093.23,2056.33
142,1.645,1.644,1.643,1.642,1.641,1.64,1.639,1.638,1.637,1.636,1.646,1.647,1.648,1.649,1.65,1.651,1.652,1.653,1.654,1.655,2445.26,6545.08,4304.16,3646.67,9309.84,6682.86,7451.43,3134.93,5665.57,4036.27,120.84,5118.66,13054.27,10152.99,10248.08,4939.59,2055.01,3380.49,4093.23,2056.33
143,1.646,1.645,1.644,1.643,1.642,1.641,1.64,1.639,1.638,1.637,1.647,1.648,1.649,1.65,1.651,1.652,1.653,1.654,1.655,1.656,219.23,4865.34,5745.32,3183.25,6227.91,2179.58,6511.83,7451.43,4849.72,6173.58,336.31,10467.18,10077.04,9546.01,9867.22,3917.71,2366.67,4193.23,2056.33,3598.13
144,1.646,1.645,1.644,1.643,1.642,1.641,1.64,1.639,1.638,1.637,1.647,1.648,1.649,1.65,1.651,1.652,1.653,1.654,1.655,1.656,580.39,5273.74,5979.06,3184.19,6258.95,2007.07,4548.38,9548.61,4541.71,6173.58,239.98,9599.49,10649.94,8633.86,10092.05,4476.45,2005.56,4060.45,2056.33,3598.13
145,1.647,1.646,1.645,1.644,1.643,1.642,1.641,1.64,1.639,1.638,1.648,1.649,1.65,1.651,1.652,1.653,1.654,1.655,1.656,1.657,2586.76,6424.6,3782.24,8893.84,2498.74,3866.86,1840.57,4840.08,10794.66,4553.21,120.83,5353.96,13534.55,10725.15,6356.5,6792.79,2506.58,2172.23,3798.13,1896.06
