timestamp,bid_price_0,bid_price_1,bid_price_2,bid_price_3,bid_price_4,bid_price_5,bid_price_6,bid_price_7,bid_price_8,bid_price_9,ask_price_0,ask_price_1,ask_price_2,ask_price_3,ask_price_4,ask_price_5,ask_price_6,ask_price_7,ask_price_8,ask_price_9,bid_size_0,bid_size_1,bid_size_2,bid_size_3,bid_size_4,bid_size_5,bid_size_6,bid_size_7,bid_size_8,bid_size_9,ask_size_0,ask_size_1,ask_size_2,ask_size_3,ask_size_4,ask_size_5,ask_size_6,ask_size_7,ask_size_8,ask_size_9
0,0.145,0.144,0.143,0.142,0.141,0.14,0.139,0.138,0.137,0.136,0.146,0.147,0.148,0.149,0.15,0.151,0.152,0.153,0.154,0.155,102230.6,349490.3,291453.2,99111.3,151753.6,87520.9,43394.9,2762.5,6667,23178.7,220821,211775.7,83112.9,76544.7,67213,46834.6,24328.9,44506,28336,24961.1
1,0.145,0.144,0.143,0.142,0.141,0.14,0.139,0.138,0.137,0.136,0.146,0.147,0.148,0.149,0.15,0.151,0.152,0.153,0.154,0.155,123876.5,346685.2,273670.2,115919.3,136569.3,108139.4,43394.9,17946.8,6667,7994.4,221126.7,211775.7,83112.9,76544.7,67213,46834.6,24328.9,44506,28336,24961.1
2,0.145,0.144,0.143,0.142,0.141,0.14,0.139,0.138,0.137,0.136,0.146,0.147,0.148,0.149,0.15,0.151,0.152,0.153,0.154,0.155,121887.7,349481.9,273866,117543,136569.3,108139.4,43394.9,17946.8,6667,7994.4,221134.2,218565.2,83112.9,76544.7,67213,46834.6,24328.9,44506,28336,24961.1
3,0.145,0.144,0.143,0.142,0.141,0.14,0.139,0.138,0.137,0.136,0.146,0.147,0.148,0.149,0.15,0.151,0.152,0.153,0.154,0.155,123735.7,321847.8,273866.6,117543,136569.3,95282.8,43394.9,17946.8,6667,7994.4,221752.8,218565.2,83112.9,76544.7,67213,46834.6,24328.9,44506,28336,24961.1
4,0.145,0.144,0.143,0.142,0.141,0.14,0.139,0.138,0.137,0.136,0.146,0.147,0.148,0.149,0.15,0.151,0.152,0.153,0.154,0.155,287813.6,221714.3,306633,99111.3,136569.3,74664.3,43394.9,17946.8,6667,7994.4,219463.6,218565.3,83112.9,76544.7,67213,46834.6,24328.9,44506,28336,24961.1
5,0.145,0.144,0.143,0.142,0.141,0.14,0.139,0.138,0.137,0.136,0.146,0.147,0.148,0.149,0.15,0.151,0.152,0.153,0.154,0.155,156609,321764.3,289836.9,100735,151753.6,74664.3,43394.9,2762.5,6667,23178.7,234573.1,218565.3,83112.9,76544.7,67213,46834.6,24328.9,44506,28336,24961.1
6,0.145,0.144,0.143,0.142,0.141,0.14,0.139,0.138,0.137,0.136,0.146,0.147,0.148,0.149,0.15,0.151,0.152,0.153,0.154,0.155,120708.9,321449.8,272253.5,103982.4,151753.6,95282.8,43394.9,2762.5,6667,23178.7,234993.4,218565.3,83112.9,76544.7,67213,46834.6,24328.9,44506,28336,24961.1
7,0.145,0.144,0.143,0.142,0.141,0.14,0.139,0.138,0.137,0.136,0.146,0.147,0.148,0.149,0.15,0.151,0.152,0.153,0.154,0.155,120450.4,321636.1,272253.5,103982.4,151753.6,95282.8,43394.9,2762.5,6667,23178.7,234915.3,211775.7,83112.9,76544.7,67213,46834.6,24328.9,44506,28336,24961.1
8,0.145,0.144,0.143,0.142,0.141,0.14,0.139,0.138,0.137,0.136,0.146,0.147,0.148,0.149,0.15,0.151,0.152,0.153,0.154,0.155,123459.4,321129.1,272888.8,103982.4,151753.6,95282.8,43394.9,2762.5,6667,23178.7,235167.5,218565.4,83112.9,76544.7,67213,46834.6,24328.9,44506,28336,24961.1
9,0.145,0.144,0.143,0.142,0.141,0.14,0.139,0.138,0.137,0.136,0.146,0.147,0.148,0.149,0.15,0.151,0.152,0.153,0.154,0.155,121164.4,321129.1,272254.9,103982.4,151753.6,95354.2,43394.9,2762.5,6667,23178.7,236604,218565.4,83112.9,76544.7,67213,46801.4,24328.9,44506,28336,24961.1
10,0.145,0.144,0.143,0.142,0.141,0.14,0.139,0.138,0.137,0.136,0.146,0.147,0.148,0.149,0.15,0.151,0.152,0.153,0.154,0.155,120906,321129.3,272886.9,103982.4,151753.6,95354.2,43394.9,2762.5,6667,23178.7,236990,218565.4,83112.9,76544.7,67213,46801.4,24328.9,44506,28336,24961.1
11,0.145,0.144,0.143,0.142,0.141,0.14,0.139,0.138,0.137,0.136,0.146,0.147,0.148,0.149,0.15,0.151,0.152,0.153,0.154,0.155,120333,321115.5,272254.9,119166.7,136569.3,95354.2,43394.9,17946.8,6667,7994.4,236735.3,218565.6,83112.9,76544.7,67213,46834.6,24328.9,44506,28336,24961.1
12,0.145,0.144,0.143,0.142,0.141,0.14,0.139,0.138,0.137,0.136,0.146,0.147,0.148,0.149,0.15,0.151,0.152,0.153,0.154,0.155,145492.8,317774.4,275844.3,119166.7,136569.3,95354.2,43394.9,17946.8,6667,7994.4,233538,221365.6,83112.9,76544.7,67213,46834.6,24328.9,44506,28336,24961.1
13,0.145,0.144,0.143,0.142,0.141,0.14,0.139,0.138,0.137,0.136,0.146,0.147,0.148,0.149,0.15,0.151,0.152,0.153,0.154,0.155,119816.1,324817.5,272253.9,119166.7,136569.3,95354.2,43394.9,17946.8,6667,7994.4,228973.9,221365.6,83112.9,76544.7,67213,46834.6,24328.9,44506,28336,24961.1
14,0.145,0.144,0.143,0.142,0.141,0.14,0.139,0.138,0.137,0.136,0.146,0.147,0.148,0.149,0.15,0.151,0.152,0.153,0.154,0.155,118412.8,317263.3,272253.9,119166.7,136569.3,95354.2,43394.9,17946.8,6667,7994.4,233171.9,222934.1,81555,76544.7,67213,46834.6,24328.9,44506,28336,24961.1
15,0.144,0.143,0.142,0.141,0.14,0.139,0.138,0.137,0.136,0.135,0.145,0.146,0.147,0.148,0.149,0.15,0.151,0.152,0.153,0.154,275396,336913.9,123014.1,166723,106176.1,58156.9,2762.5,23174.4,7994.4,6153.1,32900,291305.6,230482.1,70281.8,58178.7,54845.6,32426.1,24294.3,44574.8,28336
16,0.144,0.143,0.142,0.141,0.14,0.139,0.138,0.137,0.136,0.135,0.145,0.146,0.147,0.148,0.149,0.15,0.151,0.152,0.153,0.154,231040.2,349203.5,126780,150215.6,122683.5,58156.9,2762.5,6667,24501.8,6153.1,199423.6,256441.5,121423.8,68723.9,73709.8,47288.3,24452.3,24294.3,44574.8,28336
17,0.144,0.143,0.142,0.141,0.14,0.139,0.138,0.137,0.136,0.135,0.145,0.146,0.147,0.148,0.149,0.15,0.151,0.152,0.153,0.154,244423.7,331487.4,169597.7,151850.8,122683.5,58156.9,2762.5,6667,24501.8,6372.5,212530.4,256313.1,121423.8,68723.9,77372,43626.1,24452.3,24294.3,44574.8,28336
18,0.144,0.143,0.142,0.141,0.14,0.139,0.138,0.137,0.136,0.135,0.145,0.146,0.147,0.148,0.149,0.15,0.151,0.152,0.153,0.154,239546.1,341225.2,169597.7,151850.8,122683.5,58156.9,2762.5,6667,24501.8,6372.5,226643,256313.1,121423.8,68723.9,73709.8,47288.3,24452.3,24294.3,44574.8,28336
19,0.144,0.143,0.142,0.141,0.14,0.139,0.138,0.137,0.136,0.135,0.145,0.146,0.147,0.148,0.149,0.15,0.151,0.152,0.153,0.154,231801.5,348434.7,167974,153486,122683.5,58156.9,2762.5,6667,24501.8,6372.5,207456.4,263150.4,121423.8,68723.9,73709.8,47321.7,24419.1,24294.3,44574.8,28336
20,0.145,0.144,0.143,0.142,0.141,0.14,0.139,0.138,0.137,0.136,0.146,0.147,0.148,0.149,0.15,0.151,0.152,0.153,0.154,0.155,17416,349187.2,306540.9,132672.8,168358.2,106176.1,43394.9,2762.5,6667,7994.4,240613.6,225077.8,73387.2,76039.8,67393.6,47282.7,24294.3,44574.8,28336,24927.2
21,0.145,0.144,0.143,0.142,0.141,0.14,0.139,0.138,0.137,0.136,0.146,0.147,0.148,0.149,0.15,0.151,0.152,0.153,0.154,0.155,17416,347553.4,317529.2,132672.8,166723,106176.1,43394.9,2762.5,6667,7994.4,239482,225097.7,74945.1,76039.8,67393.6,47282.7,24294.3,44574.8,28336,24927.2
22,0.145,0.144,0.143,0.142,0.141,0.14,0.139,0.138,0.137,0.136,0.146,0.147,0.148,0.149,0.15,0.151,0.152,0.153,0.154,0.155,68455,342506.7,315893.8,127801.7,153076.7,106176.1,43394.9,2762.5,6667,7994.4,234537,218307.3,74945.1,76039.8,67393.6,47282.7,24294.3,44574.8,28336,24927.2
23,0.145,0.144,0.143,0.142,0.141,0.14,0.139,0.138,0.137,0.136,0.146,0.147,0.148,0.149,0.15,0.151,0.152,0.153,0.154,0.155,206864.1,353378.2,250186.3,97487.6,136569.3,102065,43394.9,2762.5,6667,7994.4,230170.8,284177.9,73387.2,77587.2,67393.6,47282.7,24294.3,44574.8,28336,24927.2
24,0.145,0.144,0.143,0.142,0.141,0.14,0.139,0.138,0.137,0.136,0.146,0.147,0.148,0.149,0.15,0.151,0.152,0.153,0.154,0.155,207257.7,357782.9,233663,113995,136569.3,85557.6,43394.9,19269.9,6667,7994.4,229941.8,277387.8,73387.2,77587.2,67393.6,47282.7,24294.3,44574.8,28336,24927.2
25,0.145,0.144,0.143,0.142,0.141,0.14,0.139,0.138,0.137,0.136,0.146,0.147,0.148,0.149,0.15,0.151,0.152,0.153,0.154,0.155,220409.1,351460,228619.9,113995,136569.3,85557.6,43394.9,19269.9,6667,7994.4,231520.2,275545.7,73660.8,77587.2,67393.6,47282.7,24294.3,44574.8,28336,24927.2
26,0.145,0.144,0.143,0.142,0.141,0.14,0.139,0.138,0.137,0.136,0.146,0.147,0.148,0.149,0.15,0.151,0.152,0.153,0.154,0.155,220247.9,355441.1,229637.3,113995,136569.3,85557.6,43394.9,19269.9,6667,7994.4,236021.3,275716.4,73660.8,77587.2,67393.6,47282.7,24294.3,44574.8,28336,24927.2
27,0.145,0.144,0.143,0.142,0.141,0.14,0.139,0.138,0.137,0.136,0.146,0.147,0.148,0.149,0.15,0.151,0.152,0.153,0.154,0.155,252177.4,328930,246137.6,97487.6,136569.3,85557.6,43394.9,2762.5,6667,7994.4,78344.7,372335.4,73660.8,77587.2,67393.6,47282.7,24294.3,44574.8,28336,24927.2
28,0.146,0.145,0.144,0.143,0.142,0.141,0.14,0.139,0.138,0.137,0.147,0.148,0.149,0.15,0.151,0.152,0.153,0.154,0.155,0.156,12377.4,373371.5,285102.8,176282.1,97487.6,153112.2,63531.1,43394.9,2836.9,6630.5,345745.5,217451.9,76039.8,67176.8,58535.4,43932.7,44574.8,28336,24290.7,30880.1
29,0.146,0.145,0.144,0.143,0.142,0.141,0.14,0.139,0.138,0.137,0.147,0.148,0.149,0.15,0.151,0.152,0.153,0.154,0.155,0.156,12377.4,358754.6,291136.8,163380.2,97487.6,153112.2,63531.1,43394.9,2836.9,6630.5,345174,216548.7,77587.2,67176.8,58535.4,43932.7,44574.8,28336,24290.7,30880.1
30,0.146,0.145,0.144,0.143,0.142,0.141,0.14,0.139,0.138,0.137,0.147,0.148,0.149,0.15,0.151,0.152,0.153,0.154,0.155,0.156,201804.4,284602.8,202635.7,126911.2,84776.4,115986.3,63531.1,59902.3,2836.9,6630.5,336988.9,221331.4,73578.4,61535.9,39308.9,63126,44608,28336,24290.7,30880.1
31,0.146,0.145,0.144,0.143,0.142,0.141,0.14,0.139,0.138,0.137,0.147,0.148,0.149,0.15,0.151,0.152,0.153,0.154,0.155,0.156,212508.5,378810.3,213101.1,123686.4,84776.4,115986.3,63531.1,59902.3,2836.9,6630.5,320266.6,213526.5,74562.7,67166.9,58502.2,43932.7,44608,28336,24290.7,30880.1
32,0.146,0.145,0.144,0.143,0.142,0.141,0.14,0.139,0.138,0.137,0.147,0.148,0.149,0.15,0.151,0.152,0.153,0.154,0.155,0.156,193794.4,282872.3,301235.4,123686.4,84776.4,115986.3,63531.1,59902.3,2836.9,6630.5,319731.7,223588.5,74562.7,67166.9,58502.2,43932.7,44608,28336,24290.7,30880.1
33,0.146,0.145,0.144,0.143,0.142,0.141,0.14,0.139,0.138,0.137,0.147,0.148,0.149,0.15,0.151,0.152,0.153,0.154,0.155,0.156,82614.6,361160.9,283773,125890.3,84776.4,136464.1,64643.3,59902.3,2836.9,6630.5,320406.7,228619.5,74562.7,67166.9,58502.2,43932.7,44608,28336,24290.7,30880.1
34,0.146,0.145,0.144,0.143,0.142,0.141,0.14,0.139,0.138,0.137,0.147,0.148,0.149,0.15,0.151,0.152,0.153,0.154,0.155,0.156,42409.9,365759.5,297878.5,127502.7,84776.4,136464.1,64643.3,43394.9,2836.9,6630.5,320823.8,236919.8,73015.3,67166.9,58502.2,43932.7,44608,28336,24290.7,30880.1
35,0.146,0.145,0.144,0.143,0.142,0.141,0.14,0.139,0.138,0.137,0.147,0.148,0.149,0.15,0.151,0.152,0.153,0.154,0.155,0.156,79091.8,378903,299844.1,129115.1,84776.4,136464.1,81150.7,43394.9,2836.9,6630.5,323002.7,230331,73015.3,67166.9,58502.2,43932.7,44608,28336,24290.7,30880.1
36,0.146,0.145,0.144,0.143,0.142,0.141,0.14,0.139,0.138,0.137,0.147,0.148,0.149,0.15,0.151,0.152,0.153,0.154,0.155,0.156,78833.3,378903,295580.4,129115.1,84776.4,136464.1,81150.7,43394.9,2836.9,6630.5,323975.9,235362,73015.3,67166.9,58502.2,43965.6,44574.8,28336,24290.7,30880.1
37,0.146,0.145,0.144,0.143,0.142,0.141,0.14,0.139,0.138,0.137,0.147,0.148,0.149,0.15,0.151,0.152,0.153,0.154,0.155,0.156,44229.2,354978.7,284878.2,129115.1,84776.4,136464.1,64643.3,43394.9,2836.9,6630.5,323604.4,220269,74562.7,65629.8,58502.2,43965.6,44574.8,28336,24290.7,30880.1
38,0.146,0.145,0.144,0.143,0.142,0.141,0.14,0.139,0.138,0.137,0.147,0.148,0.149,0.15,0.151,0.152,0.153,0.154,0.155,0.156,8168.8,343409.8,284878.2,129115.1,84776.4,136464.1,64643.3,59902.3,2836.9,6630.5,323673,220269.3,74562.7,64256.9,58502.2,43965.6,44574.8,28336,24290.7,30880.1
39,0.146,0.145,0.144,0.143,0.142,0.141,0.14,0.139,0.138,0.137,0.147,0.148,0.149,0.15,0.151,0.152,0.153,0.154,0.155,0.156,29267.3,351363.1,295400.4,109382.9,104531.2,136464.1,64643.3,43394.9,19382.4,6630.5,321195.1,205171.7,74562.7,64256.9,48285.3,64782.5,44574.8,28336,24290.7,30880.1
40,0.146,0.145,0.144,0.143,0.142,0.141,0.14,0.139,0.138,0.137,0.147,0.148,0.149,0.15,0.151,0.152,0.153,0.154,0.155,0.156,29008.9,356736,297477.7,112607.7,101283.8,136464.1,64643.3,43394.9,19382.4,6630.5,321320.7,206729.6,73015.3,64256.9,67478.6,45589.2,44574.8,28336,24290.7,30880.1
41,0.146,0.145,0.144,0.143,0.142,0.141,0.14,0.139,0.138,0.137,0.147,0.148,0.149,0.15,0.151,0.152,0.153,0.154,0.155,0.156,26130.2,356736,297481.3,127502.7,86400.1,136464.1,81150.7,43394.9,2875,6630.5,316513.7,206729.8,73015.3,64256.9,67478.6,45589.2,44574.8,28336,24290.7,30880.1
42,0.146,0.145,0.144,0.143,0.142,0.141,0.14,0.139,0.138,0.137,0.147,0.148,0.149,0.15,0.151,0.152,0.153,0.154,0.155,0.156,26940.3,356053.7,298495.1,125890.3,88023.8,136464.1,64643.3,43394.9,2875,6630.5,315970.5,206729.8,73015.3,64256.9,67478.6,45589.2,44574.8,28336,24290.7,30880.1
43,0.146,0.145,0.144,0.143,0.142,0.141,0.14,0.139,0.138,0.137,0.147,0.148,0.149,0.15,0.151,0.152,0.153,0.154,0.155,0.156,12019.6,352570.7,265648.2,109382.9,88023.8,152971.5,64643.3,43394.9,2875,6630.5,316010.5,206729.8,73015.3,64256.9,67478.6,45589.2,44574.8,28336,24290.7,30880.1
44,0.145,0.144,0.143,0.142,0.141,0.14,0.139,0.138,0.137,0.136,0.146,0.147,0.148,0.149,0.15,0.151,0.152,0.153,0.154,0.155,296130.4,343693.5,142670,127317.1,136464.1,76936,43394.9,2875,6630.5,7917,28044.6,350334.4,209639.1,71561.5,67360.2,44632.8,24327.2,44574.8,28336,24927.2
45,0.145,0.144,0.143,0.142,0.141,0.14,0.139,0.138,0.137,0.136,0.146,0.147,0.148,0.149,0.15,0.151,0.152,0.153,0.154,0.155,289403.3,343692.7,142670,127317.1,136464.1,76936,43394.9,19382.4,6630.5,7917,29709.9,348765.9,209639.1,71561.5,67360.2,44666,24294.3,44574.8,28336,24927.2
46,0.145,0.144,0.143,0.142,0.141,0.14,0.139,0.138,0.137,0.136,0.146,0.147,0.148,0.149,0.15,0.151,0.152,0.153,0.154,0.155,279330.4,357568.2,139445.2,130564.5,136464.1,76936,43394.9,19382.4,6630.5,7917,150154.7,322990.5,116453,71561.5,67360.2,44666,24294.3,44574.8,28336,24927.2
47,0.145,0.144,0.143,0.142,0.141,0.14,0.139,0.138,0.137,0.136,0.146,0.147,0.148,0.149,0.15,0.151,0.152,0.153,0.154,0.155,284404.1,315090.1,158928.2,132188.2,136464.1,76936,43394.9,19382.4,6630.5,7917,177086.8,325597.4,113846.1,71561.5,67360.2,44666,24294.3,44574.8,28336,24927.2
48,0.145,0.144,0.143,0.142,0.141,0.14,0.139,0.138,0.137,0.136,0.146,0.147,0.148,0.149,0.15,0.151,0.152,0.153,0.154,0.155,268872.2,322019.5,180948.9,133811.9,136464.1,76936,43394.9,19382.4,6630.5,7917,186296.7,316694.8,106863.7,71561.5,67360.2,44666,24294.3,44574.8,28336,24927.2
49,0.145,0.144,0.143,0.142,0.141,0.14,0.139,0.138,0.137,0.136,0.146,0.147,0.148,0.149,0.15,0.151,0.152,0.153,0.154,0.155,198712.2,265351.1,255687.7,103955.6,152971.5,97554.5,43394.9,2875,23137.9,7917,187663.1,317504.3,105305.8,71561.5,67360.2,44666,24294.3,44574.8,28336,24927.2
50,0.145,0.144,0.143,0.142,0.141,0.14,0.139,0.138,0.137,0.136,0.146,0.147,0.148,0.149,0.15,0.151,0.152,0.153,0.154,0.155,230170.7,355345.4,167300.1,102331.9,152971.5,76936,43394.9,2875,23137.9,7917,187103.1,317504.3,105305.8,71561.5,67360.2,44666,24294.3,44574.8,28336,24927.2
51,0.145,0.144,0.143,0.142,0.141,0.14,0.139,0.138,0.137,0.136,0.146,0.147,0.148,0.149,0.15,0.151,0.152,0.153,0.154,0.155,205068,265350.1,257300.1,102331.9,152971.5,76936,43394.9,2875,23137.9,7917,186669.9,317504.3,105305.8,71561.5,67360.2,44666,24294.3,44574.8,28336,24927.2
52,0.145,0.144,0.143,0.142,0.141,0.14,0.139,0.138,0.137,0.136,0.146,0.147,0.148,0.149,0.15,0.151,0.152,0.153,0.154,0.155,79297,356179.8,255687.7,103955.6,152971.5,97554.5,43394.9,2875,23137.9,7917,186344.8,317504.3,105305.8,71561.5,48166.9,63859.3,24294.3,44574.8,28336,24927.2
53,0.145,0.144,0.143,0.142,0.141,0.14,0.139,0.138,0.137,0.136,0.146,0.147,0.148,0.149,0.15,0.151,0.152,0.153,0.154,0.155,79038.6,354105.7,257780.6,103955.6,152971.5,97554.5,43394.9,2875,23137.9,7917,186563.5,317504.3,105305.8,71561.5,67360.2,44666,24294.3,44574.8,28336,24927.2
54,0.145,0.144,0.143,0.142,0.141,0.14,0.139,0.138,0.137,0.136,0.146,0.147,0.148,0.149,0.15,0.151,0.152,0.153,0.154,0.155,100171.9,356439.7,257780.6,103955.6,152971.5,76936,43394.9,2875,23137.9,7917,186968.5,324294.1,105305.8,71561.5,67360.2,44666,24294.3,44574.8,28336,24927.2
55,0.145,0.144,0.143,0.142,0.141,0.14,0.139,0.138,0.137,0.136,0.146,0.147,0.148,0.149,0.15,0.151,0.152,0.153,0.154,0.155,78607.8,350827.4,257780.6,103955.6,152971.5,97554.5,43394.9,2875,23137.9,7917,185581.7,324333.7,105346.6,71561.5,48166.9,63859.3,24294.3,44574.8,28336,24927.2
56,0.145,0.144,0.143,0.142,0.141,0.14,0.139,0.138,0.137,0.136,0.146,0.147,0.148,0.149,0.15,0.151,0.152,0.153,0.154,0.155,71610.3,346669.1,257780.6,103955.6,136464.1,114061.9,43394.9,2875,6630.5,7917,193256.8,326124.1,103556.2,71561.5,67360.2,44666,24294.3,44574.8,28336,24927.2
57,0.145,0.144,0.143,0.142,0.141,0.14,0.139,0.138,0.137,0.136,0.146,0.147,0.148,0.149,0.15,0.151,0.152,0.153,0.154,0.155,71351.8,345907.6,248048.4,103955.6,136464.1,114061.9,43394.9,2875,6630.5,7917,193257.3,315873.7,104895.2,78285.7,67360.2,44666,24294.3,44574.8,28336,24927.2
58,0.145,0.144,0.143,0.142,0.141,0.14,0.139,0.138,0.137,0.136,0.146,0.147,0.148,0.149,0.15,0.151,0.152,0.153,0.154,0.155,79026.4,358407.7,248048.4,103955.6,136464.1,114061.9,43394.9,2875,6630.5,7917,193946.9,315873.7,104895.2,78285.7,67360.2,44666,24294.3,44574.8,28336,24927.2
59,0.145,0.144,0.143,0.142,0.141,0.14,0.139,0.138,0.137,0.136,0.146,0.147,0.148,0.149,0.15,0.151,0.152,0.153,0.154,0.155,68675.2,282939.6,245955.5,103955.6,136464.1,114061.9,43394.9,2875,6630.5,7917,193239.5,296496.7,104854.4,71542.1,67360.2,44666,24294.3,44574.8,28336,24927.2
60,0.144,0.143,0.142,0.141,0.14,0.139,0.138,0.137,0.136,0.135,0.145,0.146,0.147,0.148,0.149,0.15,0.151,0.152,0.153,0.154,306474.6,329817.7,104126.8,149438.5,125566.2,55901.9,2875,6630.5,7917,23097.7,12768.8,184150.7,307938.1,89046,58178.7,54845.6,32426.1,24294.3,44574.8,28336
61,0.144,0.143,0.142,0.141,0.14,0.139,0.138,0.137,0.136,0.135,0.145,0.146,0.147,0.148,0.149,0.15,0.151,0.152,0.153,0.154,319543.7,317712.2,104126.8,151073.7,109058.8,72409.3,2875,6630.5,7917,6590.3,22937.3,217658.3,257934.2,88875.8,77372,43626.1,24452.3,24294.3,44574.8,28336
62,0.145,0.144,0.143,0.142,0.141,0.14,0.139,0.138,0.137,0.136,0.146,0.147,0.148,0.149,0.15,0.151,0.152,0.153,0.154,0.155,26586.6,329025.9,303094.1,105750.5,152936,97590.3,43394.9,2875,6630.5,24424.4,222693.9,268088.4,87488.1,58178.7,53180.2,59545.7,24327.2,44574.8,28336,24927.2
63,0.145,0.144,0.143,0.142,0.141,0.14,0.139,0.138,0.137,0.136,0.146,0.147,0.148,0.149,0.15,0.151,0.152,0.153,0.154,0.155,16533,317631.8,301698.6,104126.8,144927.2,97590.3,43394.9,19382.4,6630.5,7917,217461.2,269300,100094.8,58178.7,69735.9,44077.3,24327.2,37959.5,28336,24927.2
64,0.144,0.143,0.142,0.141,0.14,0.139,0.138,0.137,0.136,0.135,0.145,0.146,0.147,0.148,0.149,0.15,0.151,0.152,0.153,0.154,285018.3,313995.3,104126.8,150750.3,109054.8,70846,2875,6630.5,7917,23097.7,18757,224974.5,274878.6,100094.8,58178.7,57370.3,29833.4,24327.2,37959.5,28972.5
65,0.144,0.143,0.142,0.141,0.14,0.139,0.138,0.137,0.136,0.135,0.145,0.146,0.147,0.148,0.149,0.15,0.151,0.152,0.153,0.154,300694.1,322836.1,103206,165429.2,109054.8,53656.4,2875,6630.5,7917,6590.3,26143.3,241009.8,273290.2,100094.8,58178.7,57370.3,29833.4,24327.2,37993.9,28972.5
66,0.145,0.144,0.143,0.142,0.141,0.14,0.139,0.138,0.137,0.136,0.146,0.147,0.148,0.149,0.15,0.151,0.152,0.153,0.154,0.155,16724.4,308367.1,315232.1,108308.9,152936,97590.3,53656.4,2875,6630.5,24424.4,233202.8,276090.2,100094.8,64487.4,68676.9,43337.5,24327.2,38028.3,28972.5,24222.9
67,0.145,0.144,0.143,0.142,0.141,0.14,0.139,0.138,0.137,0.136,0.146,0.147,0.148,0.149,0.15,0.151,0.152,0.153,0.154,0.155,29780.5,368049.5,307519.2,106685.2,154571.2,97590.3,53656.4,2875,6630.5,24424.4,242602,298182.5,119344.3,84987.5,68676.9,43337.5,24327.2,38028.3,28972.5,24222.9
68,0.144,0.143,0.142,0.141,0.14,0.139,0.138,0.137,0.136,0.135,0.146,0.147,0.148,0.149,0.15,0.151,0.152,0.153,0.154,0.155,359194.6,326058.2,106685.2,149263.5,124504,53656.4,2875,6630.5,7917,23097.7,341449.5,292869,120902.2,104180.8,53881.9,24384.3,24327.2,38028.3,28972.5,24222.9
69,0.144,0.143,0.142,0.141,0.14,0.139,0.138,0.137,0.136,0.135,0.146,0.147,0.148,0.149,0.15,0.151,0.152,0.153,0.154,0.155,378745.9,327282.9,104126.8,151448.3,124504,53656.4,2875,6630.5,7917,23097.7,362511.3,302459.5,120902.2,77802.6,48008.5,39195.2,24327.2,38028.3,28972.5,24222.9
70,0.144,0.143,0.142,0.141,0.14,0.139,0.138,0.137,0.136,0.135,0.145,0.146,0.147,0.148,0.149,0.15,0.151,0.152,0.153,0.154,253974.4,361770.7,148153.9,169590.9,107996.6,53656.4,2875,6630.5,24424.4,6590.3,20011.5,274203.3,301228,119344.3,83680.7,43626.1,24384.3,24327.2,38028.3,28972.5
71,0.144,0.143,0.142,0.141,0.14,0.139,0.138,0.137,0.136,0.135,0.145,0.146,0.147,0.148,0.149,0.15,0.151,0.152,0.153,0.154,240576.7,368304.8,148153.9,153083.5,124504,53656.4,2875,6630.5,7917,6590.3,144501.6,251392.2,208446.1,113008.3,77372,43659.5,24384.3,24294.3,38028.3,28972.5
72,0.144,0.143,0.142,0.141,0.14,0.139,0.138,0.137,0.136,0.135,0.145,0.146,0.147,0.148,0.149,0.15,0.151,0.152,0.153,0.154,238792.6,373405.7,146530.2,154718.7,124504,53656.4,2875,6630.5,7917,23097.7,185637.7,258229.7,190874.3,78478.9,77372,43659.5,24384.3,24294.3,38028.3,28972.5
73,0.144,0.143,0.142,0.141,0.14,0.139,0.138,0.137,0.136,0.135,0.145,0.146,0.147,0.148,0.149,0.15,0.151,0.152,0.153,0.154,234457.6,371816.9,146530.2,154718.7,124504,53656.4,2875,6630.5,7917,22891.3,194969.8,246650.5,190874.3,78478.9,77372,43659.5,24384.3,24294.3,38028.3,28972.5
74,0.144,0.143,0.142,0.141,0.14,0.139,0.138,0.137,0.136,0.135,0.145,0.146,0.147,0.148,0.149,0.15,0.151,0.152,0.153,0.154,255765.6,364024.3,149777.9,151448.3,124504,53656.4,2875,6630.5,24424.4,6350.1,81503.6,340231.2,189305.8,80036.8,77372,43659.5,24384.3,24294.3,38028.3,28972.5
75,0.144,0.143,0.142,0.141,0.14,0.139,0.138,0.137,0.136,0.135,0.145,0.146,0.147,0.148,0.149,0.15,0.151,0.152,0.153,0.154,248224.4,382567.4,149777.9,149813.1,125973.9,53656.4,2875,6630.5,7917,24327.4,55450.2,351166.3,189305.8,80036.8,77372,43659.5,24384.3,24294.3,38028.3,28972.5
76,0.144,0.143,0.142,0.141,0.14,0.139,0.138,0.137,0.136,0.135,0.145,0.146,0.147,0.148,0.149,0.15,0.151,0.152,0.153,0.154,239029.8,384394.7,150118,149813.1,125973.9,53656.4,2875,6630.5,7917,24327.4,169596.1,247100.6,190510.4,83882.8,77372,43659.5,24384.3,24294.3,38028.3,28972.5
77,0.144,0.143,0.142,0.141,0.14,0.139,0.138,0.137,0.136,0.135,0.145,0.146,0.147,0.148,0.149,0.15,0.151,0.152,0.153,0.154,236890.2,384394.7,150118,149813.1,125973.9,53656.4,2875,6630.5,7917,24341.7,180419.5,247100.6,190510.4,83882.8,77372,43659.5,24384.3,24294.3,38028.3,28972.5
78,0.144,0.143,0.142,0.141,0.14,0.139,0.138,0.137,0.136,0.135,0.145,0.146,0.147,0.148,0.149,0.15,0.151,0.152,0.153,0.154,235420.3,384395.7,150118,149813.1,125973.9,53656.4,2875,6630.5,7917,24341.7,180426.1,240263.4,190510.4,83882.8,77372,43659.5,24384.3,24294.3,38028.3,28972.5
79,0.144,0.143,0.142,0.141,0.14,0.139,0.138,0.137,0.136,0.135,0.145,0.146,0.147,0.148,0.149,0.15,0.151,0.152,0.153,0.154,232932.9,384395.6,150118,149813.1,125973.9,53656.4,2875,6630.5,7917,24341.7,194328.2,239129.2,190510.4,83882.8,77372,43626.1,24384.3,24294.3,38028.3,28972.5
80,0.144,0.143,0.142,0.141,0.14,0.139,0.138,0.137,0.136,0.135,0.145,0.146,0.147,0.148,0.149,0.15,0.151,0.152,0.153,0.154,231341.6,384395.7,150118,149813.1,125973.9,53656.4,2875,6630.5,7917,24348.6,201927.1,247100.8,190510.4,83882.8,77372,43659.5,24384.3,24294.3,38028.3,28972.5
81,0.144,0.143,0.142,0.141,0.14,0.139,0.138,0.137,0.136,0.135,0.145,0.146,0.147,0.148,0.149,0.15,0.151,0.152,0.153,0.154,230855.9,384395.9,150118,149813.1,125973.9,53656.4,2875,6630.5,7917,24348.6,201703.5,247100.8,190510.4,83882.8,77372,43659.5,24384.3,24294.3,38028.3,28972.5
82,0.144,0.143,0.142,0.141,0.14,0.139,0.138,0.137,0.136,0.135,0.145,0.146,0.147,0.148,0.149,0.15,0.151,0.152,0.153,0.154,217140.9,353782.8,183380.8,149813.1,125973.9,53656.4,2875,6630.5,7917,24348.6,201804.6,247594,190460.9,83439,77372,43659.5,24384.3,24294.3,38028.3,28972.5
83,0.144,0.143,0.142,0.141,0.14,0.139,0.138,0.137,0.136,0.135,0.145,0.146,0.147,0.148,0.149,0.15,0.151,0.152,0.153,0.154,219340.4,353782.8,185939.8,149813.1,125973.9,53656.4,2875,6630.5,7917,24348.6,202253.4,247594,190460.9,83439,77372,43659.5,24384.3,24294.3,38028.3,28972.5
84,0.144,0.143,0.142,0.141,0.14,0.139,0.138,0.137,0.136,0.135,0.145,0.146,0.147,0.148,0.149,0.15,0.151,0.152,0.153,0.154,219584.3,353965.3,185939.9,149813.1,125973.9,53656.4,2875,6630.5,7917,24348.6,236586.1,247594,190460.9,83439,77372,43659.5,24384.3,24294.3,38028.3,28972.5
85,0.144,0.143,0.142,0.141,0.14,0.139,0.138,0.137,0.136,0.135,0.145,0.146,0.147,0.148,0.149,0.15,0.151,0.152,0.153,0.154,229527.1,335313.3,187563.7,149813.1,125973.9,53656.4,2875,6630.5,7917,24348.6,238541.2,239622.5,190460.9,83439,77372,43659.5,24384.3,24294.3,38028.3,28972.5
86,0.144,0.143,0.142,0.141,0.14,0.139,0.138,0.137,0.136,0.135,0.145,0.146,0.147,0.148,0.149,0.15,0.151,0.152,0.153,0.154,219067.4,354089,187563.7,149813.1,125973.9,53656.4,2875,6630.5,7917,24341.7,238503.1,239622.5,190460.9,83439,77372,43659.5,24384.3,24294.3,38028.3,28972.5
87,0.144,0.143,0.142,0.141,0.14,0.139,0.138,0.137,0.136,0.135,0.145,0.146,0.147,0.148,0.149,0.15,0.151,0.152,0.153,0.154,218895.1,352352.2,187563.7,149813.1,125973.9,53656.4,2875,6630.5,7917,24341.7,238475.4,239622.5,190460.9,83439,77372,43659.5,24384.3,24294.3,38028.3,28972.5
88,0.144,0.143,0.142,0.141,0.14,0.139,0.138,0.137,0.136,0.135,0.145,0.146,0.147,0.148,0.149,0.15,0.151,0.152,0.153,0.154,223123.1,352352.2,187563.7,149813.1,125973.9,53656.4,2875,6630.5,7917,24341.7,238587.6,239622.5,190460.9,83439,77372,43626.1,24384.3,24294.3,38028.3,28972.5
89,0.144,0.143,0.142,0.141,0.14,0.139,0.138,0.137,0.136,0.135,0.145,0.146,0.147,0.148,0.149,0.15,0.151,0.152,0.153,0.154,220612,352352.5,187563.7,149813.1,125973.9,53656.4,2875,6630.5,7917,24334.8,238561,246460.1,190460.9,83439,77372,43659.5,24384.3,24294.3,38028.3,28972.5
90,0.144,0.143,0.142,0.141,0.14,0.139,0.138,0.137,0.136,0.135,0.145,0.146,0.147,0.148,0.149,0.15,0.151,0.152,0.153,0.154,222397.7,383151.4,163747,149813.1,125973.9,53656.4,2875,6630.5,7917,24334.8,238741.8,246460.1,190460.9,83439,77372,43659.5,24384.3,24294.3,38028.3,28972.5
91,0.144,0.143,0.142,0.141,0.14,0.139,0.138,0.137,0.136,0.135,0.145,0.146,0.147,0.148,0.149,0.15,0.151,0.152,0.153,0.154,226952.9,378050.9,163747,149813.1,125973.9,53656.4,2875,6630.5,7917,6357.5,238448.3,246460.1,190460.9,83439,77372,43659.5,24384.3,24294.3,38028.3,28972.5
92,0.144,0.143,0.142,0.141,0.14,0.139,0.138,0.137,0.136,0.135,0.145,0.146,0.147,0.148,0.149,0.15,0.151,0.152,0.153,0.154,231795.1,389644.1,146894.9,149813.1,125973.9,53656.4,2875,6630.5,7917,24334.8,238443.9,239622.5,190460.9,83439,77372,43659.5,24384.3,24294.3,38028.3,28972.5
93,0.144,0.143,0.142,0.141,0.14,0.139,0.138,0.137,0.136,0.135,0.145,0.146,0.147,0.148,0.149,0.15,0.151,0.152,0.153,0.154,221335.3,393007.9,145866.8,149813.1,125973.9,53656.4,2875,6630.5,7917,24334.8,238684,246460.5,190460.9,83439,77372,43659.5,24384.3,24294.3,38028.3,28972.5
94,0.144,0.143,0.142,0.141,0.14,0.139,0.138,0.137,0.136,0.135,0.145,0.146,0.147,0.148,0.149,0.15,0.151,0.152,0.153,0.154,222738.6,393007.9,145866.8,149813.1,125973.9,53656.4,2875,6630.5,7917,24334.8,239142.7,246460.5,190460.9,83439,77372,43659.5,24384.3,24294.3,38028.3,28972.5
95,0.144,0.143,0.142,0.141,0.14,0.139,0.138,0.137,0.136,0.135,0.145,0.146,0.147,0.148,0.149,0.15,0.151,0.152,0.153,0.154,222480.1,399846.7,145866.8,149813.1,125973.9,53656.4,2875,6630.5,7917,24182.6,230259.1,246460.5,190460.9,83439,77372,43659.5,24384.3,24294.3,38028.3,28972.5
96,0.144,0.143,0.142,0.141,0.14,0.139,0.138,0.137,0.136,0.135,0.145,0.146,0.147,0.148,0.149,0.15,0.151,0.152,0.153,0.154,222847.4,399846.9,145866.8,149813.1,125973.9,53656.4,2875,6630.5,7917,24182.6,230546.4,239622.5,190460.9,83439,77372,43659.5,24384.3,24294.3,38028.3,28972.5
97,0.144,0.143,0.142,0.141,0.14,0.139,0.138,0.137,0.136,0.135,0.145,0.146,0.147,0.148,0.149,0.15,0.151,0.152,0.153,0.154,225020.2,399846.9,145866.8,149813.1,125973.9,53656.4,2875,6630.5,7917,24182.6,229842.2,239622.5,190460.9,83439,77372,43626.1,24384.3,24294.3,38028.3,28972.5
98,0.144,0.143,0.142,0.141,0.14,0.139,0.138,0.137,0.136,0.135,0.145,0.146,0.147,0.148,0.149,0.15,0.151,0.152,0.153,0.154,217094,303009.1,235866.8,149813.1,125973.9,53656.4,2875,6630.5,7917,24182.6,229973,239622.5,190460.9,83439,77372,43626.1,24384.3,24294.3,38028.3,28972.5
99,0.144,0.143,0.142,0.141,0.14,0.139,0.138,0.137,0.136,0.135,0.145,0.146,0.147,0.148,0.149,0.15,0.151,0.152,0.153,0.154,69409.4,390608.7,233555.1,154718.7,107996.6,74417.6,20852.3,6630.5,7917,6205.3,235748.6,246460.9,192029.4,81881.1,77372,43659.5,24384.3,24294.3,38028.3,28972.5
100,0.144,0.143,0.142,0.141,0.14,0.139,0.138,0.137,0.136,0.135,0.145,0.146,0.147,0.148,0.149,0.15,0.151,0.152,0.153,0.154,40342,372250.9,258989.2,153083.5,107996.6,74417.6,20852.3,6630.5,7917,6205.3,237006.7,239622.5,192029.4,81881.1,77372,43659.5,24384.3,24294.3,38028.3,28972.5
101,0.144,0.143,0.142,0.141,0.14,0.139,0.138,0.137,0.136,0.135,0.145,0.146,0.147,0.148,0.149,0.15,0.151,0.152,0.153,0.154,62307.4,416699.2,353270.3,153083.5,114374.1,86730.6,20816,6592.1,7992.5,6205.3,245156.7,245990.9,182708.9,82009.7,76134.2,43806,24384.3,24294.3,38028.3,28972.5
102,0.144,0.143,0.142,0.141,0.14,0.139,0.138,0.137,0.136,0.135,0.145,0.146,0.147,0.148,0.149,0.15,0.151,0.152,0.153,0.154,63252.4,409648.5,353270.3,153083.5,107960.8,86730.6,20816,6592.1,7992.5,6205.3,252340.5,244770.9,181140.4,83567.6,76134.2,43806,24384.3,24294.3,38028.3,28972.5
103,0.144,0.143,0.142,0.141,0.14,0.139,0.138,0.137,0.136,0.135,0.145,0.146,0.147,0.148,0.149,0.15,0.151,0.152,0.153,0.154,22895.6,411258.8,351646.6,153083.5,107960.8,86730.6,20816,6592.1,7992.5,6205.3,246189.4,245905.1,182708.9,82009.7,76134.2,43806,24384.3,24294.3,38028.3,28972.5
104,0.144,0.143,0.142,0.141,0.14,0.139,0.138,0.137,0.136,0.135,0.145,0.146,0.147,0.148,0.149,0.15,0.151,0.152,0.153,0.154,23789.8,404322.8,333386.3,151448.3,107960.8,86730.6,20816,6592.1,7992.5,6205.3,246119.2,244770.9,182274.6,83567.6,76134.2,43806,24384.3,24294.3,38028.3,28972.5
105,0.144,0.143,0.142,0.141,0.14,0.139,0.138,0.137,0.136,0.135,0.145,0.146,0.147,0.148,0.149,0.15,0.151,0.152,0.153,0.154,114929.1,395207.3,319474.6,149813.1,107960.8,65969.4,20816,6592.1,7992.5,6205.3,245873.6,245905.4,181140.4,83567.6,76134.2,43806,24384.3,24294.3,38028.3,28972.5
106,0.144,0.143,0.142,0.141,0.14,0.139,0.138,0.137,0.136,0.135,0.145,0.146,0.147,0.148,0.149,0.15,0.151,0.152,0.153,0.154,114670.7,395207.3,318771.7,149813.1,107960.8,65969.4,20816,6592.1,7992.5,6205.3,246077.1,245905.4,181140.4,83567.6,76134.2,43806,24384.3,24294.3,38028.3,28972.5
107,0.144,0.143,0.142,0.141,0.14,0.139,0.138,0.137,0.136,0.135,0.145,0.146,0.147,0.148,0.149,0.15,0.151,0.152,0.153,0.154,114498.3,395416.7,318771.7,149813.1,107960.8,65969.4,20816,6592.1,7992.5,6205.3,245861.7,245905.4,181140.4,83567.6,76134.2,43806,24384.3,24294.3,38028.3,28972.5
108,0.144,0.143,0.142,0.141,0.14,0.139,0.138,0.137,0.136,0.135,0.145,0.146,0.147,0.148,0.149,0.15,0.151,0.152,0.153,0.154,112671.9,400517.6,318771.7,149813.1,107960.8,65969.4,20816,6592.1,7992.5,6205.3,242707.5,239066.5,181140.4,83567.6,76134.2,43806,24384.3,24294.3,38028.3,28972.5
109,0.144,0.143,0.142,0.141,0.14,0.139,0.138,0.137,0.136,0.135,0.145,0.146,0.147,0.148,0.149,0.15,0.151,0.152,0.153,0.154,213445.6,299483.8,318771.7,149813.1,107960.8,65969.4,20816,6592.1,7992.5,6205.3,242767.2,239066.5,181140.4,83567.6,76134.2,43806,24384.3,24294.3,38028.3,28972.5
110,0.144,0.143,0.142,0.141,0.14,0.139,0.138,0.137,0.136,0.135,0.145,0.146,0.147,0.148,0.149,0.15,0.151,0.152,0.153,0.154,218272.9,304584.5,319474.6,149813.1,107960.8,65969.4,20816,6592.1,7992.5,6205.3,242803.7,239066.5,181140.4,83567.6,76134.2,43806,24384.3,24294.3,38028.3,28972.5
111,0.144,0.143,0.142,0.141,0.14,0.139,0.138,0.137,0.136,0.135,0.145,0.146,0.147,0.148,0.149,0.15,0.151,0.152,0.153,0.154,257537.3,324710.4,229474.6,149813.1,107960.8,65969.4,20816,6592.1,7992.5,6205.3,241509.9,244771.6,181140.4,83567.6,76134.2,43806,24384.3,24294.3,38028.3,28972.5
112,0.144,0.143,0.142,0.141,0.14,0.139,0.138,0.137,0.136,0.135,0.145,0.146,0.147,0.148,0.149,0.15,0.151,0.152,0.153,0.154,250439.5,334090.6,226212.3,149813.1,107960.8,65969.4,20816,6592.1,7992.5,6205.3,242737.5,245905.8,175284,76785.7,76134.2,43806,24384.3,24294.3,38028.3,28972.5
113,0.144,0.143,0.142,0.141,0.14,0.139,0.138,0.137,0.136,0.135,0.145,0.146,0.147,0.148,0.149,0.15,0.151,0.152,0.153,0.154,246326.2,331549.2,229474.6,149813.1,107960.8,65969.4,20816,6592.1,7992.5,6205.3,242962.9,245905.8,175284,76785.7,76134.2,43806,24384.3,24294.3,38028.3,28972.5
114,0.144,0.143,0.142,0.141,0.14,0.139,0.138,0.137,0.136,0.135,0.145,0.146,0.147,0.148,0.149,0.15,0.151,0.152,0.153,0.154,252993.4,334090.8,226915.2,149813.1,107960.8,65969.4,20816,6592.1,7992.5,6205.3,242795.6,245906,175284,76785.7,76134.2,43806,24384.3,24294.3,38028.3,28972.5
115,0.144,0.143,0.142,0.141,0.14,0.139,0.138,0.137,0.136,0.135,0.145,0.146,0.147,0.148,0.149,0.15,0.151,0.152,0.153,0.154,252734.9,333064.4,219850.8,149813.1,125938.1,65969.4,2838.7,6592.1,7992.5,6205.3,242788,245906,175284,76785.7,76134.2,43806,24384.3,24294.3,38028.3,28972.5
116,0.144,0.143,0.142,0.141,0.14,0.139,0.138,0.137,0.136,0.135,0.145,0.146,0.147,0.148,0.149,0.15,0.151,0.152,0.153,0.154,235435.8,336571.5,219850.8,149813.1,126938.1,65969.4,2838.7,6592.1,7992.5,6205.3,242983.7,239066.5,175284,76785.7,76134.2,43806,24384.3,24294.3,38028.3,28972.5
117,0.144,0.143,0.142,0.141,0.14,0.139,0.138,0.137,0.136,0.135,0.145,0.146,0.147,0.148,0.149,0.15,0.151,0.152,0.153,0.154,235177.3,346636.4,215900.5,149813.1,126938.1,65969.4,2838.7,6592.1,25969.8,6205.3,242913,239066.5,175284,76785.7,76134.2,43806,24384.3,24294.3,38028.3,28972.5
118,0.144,0.143,0.142,0.141,0.14,0.139,0.138,0.137,0.136,0.135,0.145,0.146,0.147,0.148,0.149,0.15,0.151,0.152,0.153,0.154,240019.4,334304.1,218748,158062.3,126938.1,65969.4,2838.7,6592.1,25969.8,6205.3,242804.1,237092.3,176688.3,83567.6,76134.2,43806,24384.3,24294.3,38028.3,28972.5
119,0.144,0.143,0.142,0.141,0.14,0.139,0.138,0.137,0.136,0.135,0.145,0.146,0.147,0.148,0.149,0.15,0.151,0.152,0.153,0.154,239760.9,337333.2,221995.4,158062.3,126938.1,65969.4,2838.7,6592.1,25969.8,6205.3,242798.4,243932,176688.3,76783.7,76134.2,43806,24384.3,24294.3,38028.3,28336
120,0.144,0.143,0.142,0.141,0.14,0.139,0.138,0.137,0.136,0.135,0.145,0.146,0.147,0.148,0.149,0.15,0.151,0.152,0.153,0.154,234488,342433.4,221995.4,158062.3,126938.1,65969.4,2838.7,6592.1,25969.8,6205.3,242886.5,243932,176688.3,76783.7,76134.2,43806,24384.3,24294.3,38028.3,28336
121,0.144,0.143,0.142,0.141,0.14,0.139,0.138,0.137,0.136,0.135,0.145,0.146,0.147,0.148,0.149,0.15,0.151,0.152,0.153,0.154,270139.7,326514.1,213682.2,158062.3,108960.8,83946.7,2838.7,6592.1,7992.5,6205.3,91639.3,326792.1,176988.5,75225.8,74019.4,47468.2,24384.3,24294.3,38028.3,28336
122,0.144,0.143,0.142,0.141,0.14,0.139,0.138,0.137,0.136,0.135,0.145,0.146,0.147,0.148,0.149,0.15,0.151,0.152,0.153,0.154,254467.2,343036.1,213682.2,158062.3,108960.8,83946.7,2838.7,6592.1,7992.5,6205.3,114078.3,325384.3,149296.5,75225.8,74019.4,47468.2,24384.3,24294.3,38028.3,28336
123,0.144,0.143,0.142,0.141,0.14,0.139,0.138,0.137,0.136,0.135,0.145,0.146,0.147,0.148,0.149,0.15,0.151,0.152,0.153,0.154,258451.7,358612.6,189880,158062.3,126938.1,65969.4,2838.7,6592.1,25969.8,6205.3,115934.3,325384.3,149296.5,75225.8,74019.4,47468.2,24384.3,24294.3,38028.3,28336
124,0.144,0.143,0.142,0.141,0.14,0.139,0.138,0.137,0.136,0.135,0.145,0.146,0.147,0.148,0.149,0.15,0.151,0.152,0.153,0.154,257535,358612.9,189880,158062.3,126938.1,65969.4,2838.7,6592.1,25969.8,6205.3,126754.7,333358.4,148162.3,75225.8,74019.4,47434.8,24384.3,24294.3,38028.3,28336
125,0.144,0.143,0.142,0.141,0.14,0.139,0.138,0.137,0.136,0.135,0.145,0.146,0.147,0.148,0.149,0.15,0.151,0.152,0.153,0.154,262590,358719.5,209481,158062.3,109060.8,65969.4,2838.7,6592.1,7992.5,6205.3,102575.2,243358.6,238162.3,76783.7,72472,47434.8,24384.3,24294.3,38028.3,28336
126,0.145,0.144,0.143,0.142,0.141,0.14,0.139,0.138,0.137,0.136,0.146,0.147,0.148,0.149,0.15,0.151,0.152,0.153,0.154,0.155,27480.7,330472,305763.4,162373,167790.4,98690.3,43394.9,2838.7,6628.6,25933,226508.5,279482.4,77002.9,74356.2,67437,47061.8,24294.3,38028.3,28336,24859.4
127,0.145,0.144,0.143,0.142,0.141,0.14,0.139,0.138,0.137,0.136,0.146,0.147,0.148,0.149,0.15,0.151,0.152,0.153,0.154,0.155,28445.7,342808.5,300139.2,150353.7,167221.7,98690.3,43394.9,2838.7,6628.6,25933,232192.9,279208.8,78410.7,74356.2,67437,47095,24294.3,38028.3,28336,24859.4
128,0.145,0.144,0.143,0.142,0.141,0.14,0.139,0.138,0.137,0.136,0.146,0.147,0.148,0.149,0.15,0.151,0.152,0.153,0.154,0.155,24223.7,335820.5,297113.9,150353.7,167311.8,98690.3,43394.9,2838.7,6628.6,25933,229134.7,279208.8,78410.7,74356.2,67437,47095,24294.3,38028.3,28336,24859.4
129,0.145,0.144,0.143,0.142,0.141,0.14,0.139,0.138,0.137,0.136,0.146,0.147,0.148,0.149,0.15,0.151,0.152,0.153,0.154,0.155,17815.4,342832.6,283111.9,153601.1,167311.8,98690.3,43394.9,2838.7,6628.6,25933,229260.5,279209,78410.7,75903.6,65899.9,47095,24294.3,38028.3,28336,24859.4
130,0.144,0.143,0.142,0.141,0.14,0.139,0.138,0.137,0.136,0.135,0.145,0.146,0.147,0.148,0.149,0.15,0.151,0.152,0.153,0.154,298992.8,338547.6,178135.4,149334.5,126949.8,57405.7,2838.7,6628.6,7955.7,24182.6,30124.3,285828.6,265518.2,68629.6,58488.3,53621.8,32391.3,24294.3,38028.3,28336
131,0.144,0.143,0.142,0.141,0.14,0.139,0.138,0.137,0.136,0.135,0.145,0.146,0.147,0.148,0.149,0.15,0.151,0.152,0.153,0.154,270183.4,351256.2,181633.4,149334.5,108972.5,57405.7,2838.7,24605.9,7955.7,6205.3,163778.1,260842.3,173172.4,70187.5,72472,46064.5,24417.5,24294.3,38028.3,28336
132,0.144,0.143,0.142,0.141,0.14,0.139,0.138,0.137,0.136,0.135,0.145,0.146,0.147,0.148,0.149,0.15,0.151,0.152,0.153,0.154,261916.1,349219.1,186504.5,149334.5,108972.5,57405.7,2838.7,24605.9,7955.7,6205.3,178588.6,267812.8,166249.1,70187.5,72472,46064.5,24417.5,24294.3,38028.3,28336
133,0.144,0.143,0.142,0.141,0.14,0.139,0.138,0.137,0.136,0.135,0.145,0.146,0.147,0.148,0.149,0.15,0.151,0.152,0.153,0.154,249636.6,354319.7,186504.5,149334.5,108972.5,57405.7,2838.7,24605.9,7955.7,6205.3,178590.7,265386.4,166249.1,70187.5,72472,46064.5,24417.5,24294.3,38028.3,28336
134,0.144,0.143,0.142,0.141,0.14,0.139,0.138,0.137,0.136,0.135,0.145,0.146,0.147,0.148,0.149,0.15,0.151,0.152,0.153,0.154,246045.6,364522.9,187207.4,149334.5,108972.5,57405.7,2838.7,24605.9,7955.7,5862.9,181104.1,265386.4,166249.1,70187.5,72472,46064.5,24417.5,24294.3,38028.3,28336
135,0.144,0.143,0.142,0.141,0.14,0.139,0.138,0.137,0.136,0.135,0.145,0.146,0.147,0.148,0.149,0.15,0.151,0.152,0.153,0.154,245787.1,364523.5,187207.4,149334.5,108972.5,57405.7,2838.7,24605.9,7955.7,5862.9,182095.6,265386.4,166249.1,70187.5,72472,46097.9,24384.3,24294.3,38028.3,28336
136,0.144,0.143,0.142,0.141,0.14,0.139,0.138,0.137,0.136,0.135,0.145,0.146,0.147,0.148,0.149,0.15,0.151,0.152,0.153,0.154,245781,364524,187207.4,149334.5,108972.5,57405.7,2838.7,24605.9,7955.7,5862.9,185433.3,260816.4,166249.1,70187.5,72472,46097.9,24384.3,24294.3,38028.3,28336
137,0.144,0.143,0.142,0.141,0.14,0.139,0.138,0.137,0.136,0.135,0.145,0.146,0.147,0.148,0.149,0.15,0.151,0.152,0.153,0.154,243091.2,364524.1,187207.4,149334.5,108972.5,57405.7,2838.7,24605.9,7955.7,5698,185999.2,260816.4,166249.1,70187.5,72472,46097.9,24384.3,24294.3,38028.3,28336
138,0.144,0.143,0.142,0.141,0.14,0.139,0.138,0.137,0.136,0.135,0.145,0.146,0.147,0.148,0.149,0.15,0.151,0.152,0.153,0.154,220483.2,296123.6,256929.6,154240.1,108972.5,75583.1,2838.7,6628.6,7955.7,5698,186140.5,260816.4,166249.1,70187.5,72472,46097.9,24384.3,24294.3,38028.3,28336
139,0.144,0.143,0.142,0.141,0.14,0.139,0.138,0.137,0.136,0.135,0.145,0.146,0.147,0.148,0.149,0.15,0.151,0.152,0.153,0.154,234065.6,296123.6,258553.3,152604.9,108972.5,75583.1,2838.7,6628.6,7955.7,5698,186308,253975.7,166249.1,70187.5,72472,46097.9,24384.3,24294.3,38028.3,28336
140,0.144,0.143,0.142,0.141,0.14,0.139,0.138,0.137,0.136,0.135,0.145,0.146,0.147,0.148,0.149,0.15,0.151,0.152,0.153,0.154,250516.2,361892.3,171644.7,154240.1,108972.5,75583.1,2838.7,6628.6,7955.7,5698,186037.9,253975.7,166249.1,70187.5,56940.9,53655.2,32358.1,24294.3,38028.3,28336
141,0.144,0.143,0.142,0.141,0.14,0.139,0.138,0.137,0.136,0.135,0.145,0.146,0.147,0.148,0.149,0.15,0.151,0.152,0.153,0.154,212599.9,285233.4,260941.8,154240.1,108972.5,75583.1,2838.7,6628.6,7955.7,5698,186541.7,253975.7,166249.1,70187.5,72472,46097.9,24384.3,24294.3,38028.3,28336
142,0.144,0.143,0.142,0.141,0.14,0.139,0.138,0.137,0.136,0.135,0.145,0.146,0.147,0.148,0.149,0.15,0.151,0.152,0.153,0.154,212114.9,285233.6,261644.7,154240.1,108972.5,75583.1,2838.7,6628.6,7955.7,5698,186631.3,253975.7,167817.6,68629.6,72472,46097.9,24384.3,24294.3,38028.3,28336
143,0.144,0.143,0.142,0.141,0.14,0.139,0.138,0.137,0.136,0.135,0.145,0.146,0.147,0.148,0.149,0.15,0.151,0.152,0.153,0.154,107001.8,377907.7,260021,155875.3,108972.5,75583.1,2838.7,6628.6,7955.7,5698,186524.2,260816.9,167817.6,68629.6,72472,46097.9,24384.3,24294.3,38028.3,28336
144,0.144,0.143,0.142,0.141,0.14,0.139,0.138,0.137,0.136,0.135,0.145,0.146,0.147,0.148,0.149,0.15,0.151,0.152,0.153,0.154,239630,280826.6,260021,155875.3,108972.5,75583.1,2838.7,6628.6,7955.7,5698,186529,260816.9,166249.1,70187.5,72472,46097.9,24384.3,24294.3,38028.3,28336
145,0.144,0.143,0.142,0.141,0.14,0.139,0.138,0.137,0.136,0.135,0.145,0.146,0.147,0.148,0.149,0.15,0.151,0.152,0.153,0.154,225180.3,285235.4,261644.7,154240.1,109115.2,57405.7,21016.1,6628.6,7955.7,5698,184596.5,260816.9,167817.6,68629.6,72472,46097.9,24384.3,24294.3,38028.3,28336
146,0.144,0.143,0.142,0.141,0.14,0.139,0.138,0.137,0.136,0.135,0.145,0.146,0.147,0.148,0.149,0.15,0.151,0.152,0.153,0.154,71952.2,377260.3,260941.8,154240.1,109115.2,78166.9,21016.1,6628.6,7955.7,5698,191110.5,255647.1,166146.2,68629.6,72472,46097.9,24384.3,24294.3,38028.3,28336
147,0.144,0.143,0.142,0.141,0.14,0.139,0.138,0.137,0.136,0.135,0.145,0.146,0.147,0.148,0.149,0.15,0.151,0.152,0.153,0.154,71087.9,393539.6,243673.2,155875.3,109115.2,78166.9,21016.1,6628.6,7955.7,5698,191413.3,261813.7,163712.2,74320.3,72472,46097.9,24384.3,24294.3,38028.3,28336
148,0.144,0.143,0.142,0.141,0.14,0.139,0.138,0.137,0.136,0.135,0.145,0.146,0.147,0.148,0.149,0.15,0.151,0.152,0.153,0.154,70829.5,393516.3,243673.2,155875.3,109115.2,78166.9,21016.1,6628.6,7955.7,5698,191036.1,261813.7,163712.2,74320.3,72472,46097.9,24384.3,24294.3,38028.3,28336
149,0.144,0.143,0.142,0.141,0.14,0.139,0.138,0.137,0.136,0.135,0.145,0.146,0.147,0.148,0.149,0.15,0.151,0.152,0.153,0.154,28371.3,395455.6,245926.7,155875.3,109115.2,78166.9,2838.7,6628.6,26133.1,5698,191961.9,261813.7,163712.2,74320.3,72472,46097.9,24384.3,24294.3,38028.3,28336
150,0.144,0.143,0.142,0.141,0.14,0.139,0.138,0.137,0.136,0.135,0.145,0.146,0.147,0.148,0.149,0.15,0.151,0.152,0.153,0.154,13217.3,411021.1,332003.7,157510.5,122576,78202.9,2838.7,6628.6,7955.7,5698,203602,252270.7,162169.6,73687.1,71267.2,46776.7,24384.3,24294.3,38028.3,28336
151,0.144,0.143,0.142,0.141,0.14,0.139,0.138,0.137,0.136,0.135,0.145,0.146,0.147,0.148,0.149,0.15,0.151,0.152,0.153,0.154,14162.3,418985.2,332398.9,155875.3,122576,78202.9,2838.7,6628.6,7955.7,5698,202953,252270.7,162169.6,73687.1,71267.2,46776.7,24384.3,24294.3,38028.3,28336
152,0.144,0.143,0.142,0.141,0.14,0.139,0.138,0.137,0.136,0.135,0.145,0.146,0.147,0.148,0.149,0.15,0.151,0.152,0.153,0.154,12751.1,420142.5,331696,155875.3,122576,78202.9,2838.7,6628.6,7955.7,5698,197930.1,252270.7,162169.6,73687.1,71267.2,46776.7,24384.3,24294.3,38028.3,28336
153,0.144,0.143,0.142,0.141,0.14,0.139,0.138,0.137,0.136,0.135,0.145,0.146,0.147,0.148,0.149,0.15,0.151,0.152,0.153,0.154,26954.8,412054.4,311170.9,155875.3,109079.4,78202.9,2838.7,24806,7955.7,5698,198190.7,245429,162169.6,73687.1,71267.2,46776.7,24384.3,24294.3,38028.3,28336
154,0.144,0.143,0.142,0.141,0.14,0.139,0.138,0.137,0.136,0.135,0.145,0.146,0.147,0.148,0.149,0.15,0.151,0.152,0.153,0.154,12219.3,401202.9,311170.9,155875.3,122613.7,78202.9,2838.7,24806,7955.7,5698,198762.3,252270.9,162169.6,73687.1,71267.2,46776.7,24384.3,24294.3,38028.3,28336
155,0.143,0.142,0.141,0.14,0.139,0.138,0.137,0.136,0.135,0.134,0.144,0.145,0.146,0.147,0.148,0.149,0.15,0.151,0.152,0.153,304569.8,393899.3,179733.8,122613.7,78202.9,16796.1,6628.6,7955.7,23875.4,1034,167787.9,195402.4,124749.9,162169.6,67944.9,51228.5,29742.4,24384.3,24294.3,38028.3
156,0.143,0.142,0.141,0.14,0.139,0.138,0.137,0.136,0.135,0.134,0.144,0.145,0.146,0.147,0.148,0.149,0.15,0.151,0.152,0.153,327263,389371.1,179373.5,125907.5,78202.9,16796.1,6628.6,7955.7,23875.4,1034,169696.3,190808,124920.1,132385.3,67944.9,51228.5,29742.4,24384.3,24294.3,38028.3
157,0.143,0.142,0.141,0.14,0.139,0.138,0.137,0.136,0.135,0.134,0.144,0.145,0.146,0.147,0.148,0.149,0.15,0.151,0.152,0.153,339826.6,376328,182643.9,122613.7,78202.9,16796.1,6628.6,7955.7,5698,1034,34234.2,292783.9,152921.4,132385.3,67944.9,51228.5,29742.4,24384.3,24294.3,38028.3
158,0.143,0.142,0.141,0.14,0.139,0.138,0.137,0.136,0.135,0.134,0.144,0.145,0.146,0.147,0.148,0.149,0.15,0.151,0.152,0.153,311298.9,404779.4,182643.9,122613.7,78202.9,16796.1,6628.6,7955.7,23875.4,1013.8,164874.1,197697.7,118078.2,132385.3,67944.9,51228.5,29742.4,24384.3,24294.3,38028.3
159,0.143,0.142,0.141,0.14,0.139,0.138,0.137,0.136,0.135,0.134,0.144,0.145,0.146,0.147,0.148,0.149,0.15,0.151,0.152,0.153,310040.5,411669.4,178665.6,125907.5,78202.9,16796.1,24806,7955.7,5698,1013.8,73915.1,285978.7,118078.2,132385.3,67944.9,51228.5,29742.4,24384.3,24294.3,38028.3
160,0.143,0.142,0.141,0.14,0.139,0.138,0.137,0.136,0.135,0.134,0.144,0.145,0.146,0.147,0.148,0.149,0.15,0.151,0.152,0.153,275657.7,405034.7,179373.5,125907.5,78202.9,16796.1,6628.6,26133.1,5698,1013.8,207964.2,184788,110850.4,132385.3,67944.9,51262.1,29709,24384.3,24294.3,38028.3
161,0.143,0.142,0.141,0.14,0.139,0.138,0.137,0.136,0.135,0.134,0.144,0.145,0.146,0.147,0.148,0.149,0.15,0.151,0.152,0.153,272612.7,405034.7,177738.3,127554.4,78202.9,16796.1,6628.6,26133.1,5698,1221.8,207964.2,184788.2,110850.4,132385.3,67944.9,51262.1,29709,24384.3,24294.3,38028.3
162,0.143,0.142,0.141,0.14,0.139,0.138,0.137,0.136,0.135,0.134,0.144,0.145,0.146,0.147,0.148,0.149,0.15,0.151,0.152,0.153,274128,391992.1,177738.3,127554.4,78202.9,16796.1,6628.6,26133.1,5698,1221.8,219885.8,184788.4,110850.4,132385.3,67944.9,51262.1,29709,24384.3,24294.3,38028.3
163,0.143,0.142,0.141,0.14,0.139,0.138,0.137,0.136,0.135,0.134,0.144,0.145,0.146,0.147,0.148,0.149,0.15,0.151,0.152,0.153,273869.6,391992.2,177738.3,127554.4,78202.9,16796.1,6628.6,26133.1,5698,1221.8,220112.8,184788.5,110850.4,132385.3,52413.8,64268.5,32233.7,24384.3,24294.3,38028.3
164,0.143,0.142,0.141,0.14,0.139,0.138,0.137,0.136,0.135,0.134,0.144,0.145,0.146,0.147,0.148,0.149,0.15,0.151,0.152,0.153,265369.7,405035.3,177738.3,127554.4,78202.9,16796.1,6628.6,26133.1,5698,1244.3,226174.7,182102.7,110720.4,132385.3,67944.9,51262.1,29709,24384.3,24294.3,38028.3
165,0.143,0.142,0.141,0.14,0.139,0.138,0.137,0.136,0.135,0.134,0.144,0.145,0.146,0.147,0.148,0.149,0.15,0.151,0.152,0.153,261107.9,408898.3,185827,127554.4,78407.8,16796.1,6628.6,26133.1,5698,1244.3,211291.5,182102.7,110720.4,132385.3,67944.9,51262.1,29709,24384.3,24294.3,38028.3
166,0.143,0.142,0.141,0.14,0.139,0.138,0.137,0.136,0.135,0.134,0.144,0.145,0.146,0.147,0.148,0.149,0.15,0.151,0.152,0.153,251492.6,392521.9,170599.4,104979.5,64397,2838.7,6628.6,26133.1,5698,1244.3,215906.6,179541.5,75497.8,106929.8,43900.6,40600.2,29709,24384.3,24294.3,38028.3
167,0.143,0.142,0.141,0.14,0.139,0.138,0.137,0.136,0.135,0.134,0.144,0.145,0.146,0.147,0.148,0.149,0.15,0.151,0.152,0.153,246126.6,392521.9,168256.3,106626.4,64397,2838.7,6628.6,26133.1,5698,1300,215995.1,208041.8,97967.9,129399.9,66370.7,58136.1,24259.9,24384.3,24294.3,38028.3
168,0.143,0.142,0.141,0.14,0.139,0.138,0.137,0.136,0.135,0.134,0.144,0.145,0.146,0.147,0.148,0.149,0.15,0.151,0.152,0.153,230090.9,427170.9,177744.4,129096.5,86867.1,15841.4,6628.6,26133.1,5698,1300,215861,208041.8,97967.9,129399.9,66370.7,58136.1,24259.9,24384.3,24294.3,38028.3
169,0.143,0.142,0.141,0.14,0.139,0.138,0.137,0.136,0.135,0.134,0.144,0.145,0.146,0.147,0.148,0.149,0.15,0.151,0.152,0.153,232874.3,431034.4,177744.4,129096.5,86867.1,15841.4,6628.6,26133.1,5698,1300,215774,201151.6,97967.9,129399.9,66370.7,58136.1,24259.9,24384.3,24294.3,38028.3
170,0.143,0.142,0.141,0.14,0.139,0.138,0.137,0.136,0.135,0.134,0.144,0.145,0.146,0.147,0.148,0.149,0.15,0.151,0.152,0.153,214916,348344.8,267744.4,127449.6,88525.9,15841.4,6628.6,26133.1,5698,1314,217165.3,201151.6,97967.9,129399.9,66370.7,58136.1,24259.9,24384.3,24294.3,38028.3
171,0.143,0.142,0.141,0.14,0.139,0.138,0.137,0.136,0.135,0.134,0.144,0.145,0.146,0.147,0.148,0.149,0.15,0.151,0.152,0.153,215544.8,326894.7,284785.8,127449.6,88525.9,15841.4,6628.6,7955.7,23875.4,1314,216904,201151.6,97967.9,129399.9,66370.7,58136.1,24259.9,24384.3,24294.3,38028.3
172,0.143,0.142,0.141,0.14,0.139,0.138,0.137,0.136,0.135,0.134,0.144,0.145,0.146,0.147,0.148,0.149,0.15,0.151,0.152,0.153,224424.7,407228.1,194785.8,127449.6,88525.9,15841.4,6628.6,7955.7,23875.4,1314,216749.4,208042.4,97967.9,129399.9,66370.7,58136.1,24259.9,24384.3,24294.3,38028.3
173,0.143,0.142,0.141,0.14,0.139,0.138,0.137,0.136,0.135,0.134,0.144,0.145,0.146,0.147,0.148,0.149,0.15,0.151,0.152,0.153,245681.7,396956,194785.8,127449.6,88525.9,15841.4,6628.6,7955.7,23875.4,1258.2,206319.4,201151.6,97967.9,129399.9,66370.7,58136.1,24259.9,24384.3,24294.3,38028.3
174,0.143,0.142,0.141,0.14,0.139,0.138,0.137,0.136,0.135,0.134,0.144,0.145,0.146,0.147,0.148,0.149,0.15,0.151,0.152,0.153,238384.4,403844.7,194785.8,127449.6,88525.9,15841.4,6628.6,7955.7,23875.4,1258.2,213083.9,176000.5,97967.9,129399.9,66370.7,52687,29709,24384.3,24294.3,38028.3
175,0.143,0.142,0.141,0.14,0.139,0.138,0.137,0.136,0.135,0.134,0.144,0.145,0.146,0.147,0.148,0.149,0.15,0.151,0.152,0.153,218165.7,419110.1,194785.8,127449.6,88525.9,15841.4,6628.6,7955.7,23875.4,1258.2,229808.5,182891.6,97967.9,129399.9,66370.7,58136.1,24259.9,24384.3,24294.3,38028.3
176,0.143,0.142,0.141,0.14,0.139,0.138,0.137,0.136,0.135,0.134,0.144,0.145,0.146,0.147,0.148,0.149,0.15,0.151,0.152,0.153,217907.1,412372.5,194826.6,127449.6,88525.9,15841.4,6628.6,7955.7,23875.4,1104.9,229610.7,210238.1,97967.9,129399.9,66370.7,58136.1,24259.9,24384.3,24294.3,38028.3
177,0.143,0.142,0.141,0.14,0.139,0.138,0.137,0.136,0.135,0.134,0.144,0.145,0.146,0.147,0.148,0.149,0.15,0.151,0.152,0.153,214677,326842.7,284826.6,127449.6,88525.9,15841.4,6628.6,7955.7,23875.4,1104.9,229912.5,210238.1,97967.9,129399.9,66370.7,58102.5,24259.9,24384.3,24294.3,38028.3
178,0.143,0.142,0.141,0.14,0.139,0.138,0.137,0.136,0.135,0.134,0.144,0.145,0.146,0.147,0.148,0.149,0.15,0.151,0.152,0.153,224458.6,405129.3,194826.6,127449.6,88525.9,15841.4,6628.6,7955.7,23875.4,1104.9,229815.1,210238.1,97967.9,129399.9,50839.6,65693.4,32233.7,24384.3,24294.3,38028.3
179,0.143,0.142,0.141,0.14,0.139,0.138,0.137,0.136,0.135,0.134,0.144,0.145,0.146,0.147,0.148,0.149,0.15,0.151,0.152,0.153,222105.7,412360.6,194826.6,129096.5,86867.1,15841.4,6628.6,7955.7,23875.4,1104.9,229118.9,203346.9,97967.9,129399.9,66370.7,58136.1,24259.9,24384.3,24294.3,38028.3
180,0.143,0.142,0.141,0.14,0.139,0.138,0.137,0.136,0.135,0.134,0.144,0.145,0.146,0.147,0.148,0.149,0.15,0.151,0.152,0.153,224027.8,410251.9,194785.8,129096.5,86867.1,15841.4,6628.6,7955.7,23875.4,1104.9,229954.9,203346.9,97967.9,129399.9,66370.7,58136.1,24259.9,24384.3,24294.3,38028.3
181,0.143,0.142,0.141,0.14,0.139,0.138,0.137,0.136,0.135,0.134,0.144,0.145,0.146,0.147,0.148,0.149,0.15,0.151,0.152,0.153,204457,326829.6,284826.4,129096.5,86867.1,15841.4,6628.6,7955.7,23875.4,1104.9,229542.4,203346.9,97967.9,129399.9,66370.7,58136.1,24259.9,24384.3,24294.3,38028.3
182,0.143,0.142,0.141,0.14,0.139,0.138,0.137,0.136,0.135,0.134,0.144,0.145,0.146,0.147,0.148,0.149,0.15,0.151,0.152,0.153,220370.9,412367.8,194826.4,127449.6,88525.9,15841.4,6628.6,7955.7,23875.4,1104.9,229342.6,210238.6,97967.9,129399.9,66370.7,58136.1,24259.9,24384.3,24294.3,38028.3
183,0.143,0.142,0.141,0.14,0.139,0.138,0.137,0.136,0.135,0.134,0.144,0.145,0.146,0.147,0.148,0.149,0.15,0.151,0.152,0.153,232140.3,407231.9,194826.4,129096.5,86867.1,15841.4,6628.6,7955.7,23875.4,1104.9,229378.4,210238.8,97967.9,129399.9,66370.7,58136.1,24259.9,24384.3,24294.3,38028.3
184,0.143,0.142,0.141,0.14,0.139,0.138,0.137,0.136,0.135,0.134,0.144,0.145,0.146,0.147,0.148,0.149,0.15,0.151,0.152,0.153,224990,414123.3,194826.4,129096.5,86867.1,15841.4,6628.6,7955.7,23875.4,1104.9,229226.3,210238.8,96388.7,130968.4,66370.7,58136.1,24259.9,24384.3,24294.3,38028.3
185,0.143,0.142,0.141,0.14,0.139,0.138,0.137,0.136,0.135,0.134,0.144,0.145,0.146,0.147,0.148,0.149,0.15,0.151,0.152,0.153,226895.3,391605.5,172315.7,106626.4,64397,2838.7,6628.6,7955.7,23875.4,1104.9,205767.2,181738.5,73918.6,105957.1,43900.6,46049.3,24259.9,24384.3,24294.3,38028.3
186,0.143,0.142,0.141,0.14,0.139,0.138,0.137,0.136,0.135,0.134,0.144,0.145,0.146,0.147,0.148,0.149,0.15,0.151,0.152,0.153,233791.1,409789.8,194785.8,129096.5,86867.1,15676,6628.6,7955.7,23875.4,1104.9,214387,202875.5,96388.7,134640.8,50839.6,65699.1,32233.7,24384.3,24294.3,38028.3
187,0.143,0.142,0.141,0.14,0.139,0.138,0.137,0.136,0.135,0.134,0.144,0.145,0.146,0.147,0.148,0.149,0.15,0.151,0.152,0.153,231524.1,412319.8,194785.8,129096.5,86867.1,15676,6628.6,7955.7,23875.4,1104.9,214575.1,202875.5,96388.7,134640.8,66370.7,58141.8,24259.9,24384.3,24294.3,38028.3
188,0.143,0.142,0.141,0.14,0.139,0.138,0.137,0.136,0.135,0.134,0.144,0.145,0.146,0.147,0.148,0.149,0.15,0.151,0.152,0.153,236904.2,419210.9,196421,127449.6,86867.1,15676,6628.6,7955.7,23875.4,1104.9,206337.4,202875.5,96388.7,134640.8,66370.7,58141.8,24259.9,24384.3,24294.3,38028.3
189,0.143,0.142,0.141,0.14,0.139,0.138,0.137,0.136,0.135,0.134,0.144,0.145,0.146,0.147,0.148,0.149,0.15,0.151,0.152,0.153,242283.3,414074.5,196421,127449.6,86867.1,15676,6628.6,7955.7,23875.4,1104.9,201861.2,202875.5,96388.7,134640.8,66370.7,52692.7,29709,24384.3,24294.3,38028.3
190,0.143,0.142,0.141,0.14,0.139,0.138,0.137,0.136,0.135,0.134,0.144,0.145,0.146,0.147,0.148,0.149,0.15,0.151,0.152,0.153,229824.7,414687.8,198056.2,125802.7,86867.1,15676,6628.6,7955.7,23875.4,1104.9,213165.6,202875.5,96388.7,134640.8,66370.7,52692.7,29709,24384.3,24294.3,38028.3
191,0.143,0.142,0.141,0.14,0.139,0.138,0.137,0.136,0.135,0.134,0.144,0.145,0.146,0.147,0.148,0.149,0.15,0.151,0.152,0.153,226675.4,419203.3,201326.6,122508.9,86867.1,15676,6628.6,7955.7,23875.4,1104.9,202907.5,202875.5,96388.7,134640.8,66370.7,52692.7,29709,24384.3,24294.3,38028.3
192,0.143,0.142,0.141,0.14,0.139,0.138,0.137,0.136,0.135,0.134,0.144,0.145,0.146,0.147,0.148,0.149,0.15,0.151,0.152,0.153,253951.9,397555.7,197915.3,122508.9,86867.1,15676,2598.1,26133.1,5698,1104.9,183763.6,202745.5,96518.7,134640.8,50839.6,65699.1,32233.7,24384.3,24294.3,38028.3
193,0.143,0.142,0.141,0.14,0.139,0.138,0.137,0.136,0.135,0.134,0.144,0.145,0.146,0.147,0.148,0.149,0.15,0.151,0.152,0.153,215203.9,412311.8,197915.3,122508.9,86867.1,15676,2598.1,26133.1,5698,1104.9,188303.1,202875.5,96388.7,134640.8,66370.7,58141.8,24259.9,24384.3,24294.3,38028.3
194,0.143,0.142,0.141,0.14,0.139,0.138,0.137,0.136,0.135,0.134,0.144,0.145,0.146,0.147,0.148,0.149,0.15,0.151,0.152,0.153,235008.7,410069.9,197915.3,122508.9,86867.1,15676,2598.1,26133.1,5698,1104.9,196371.2,202875.5,96388.7,134640.8,66370.7,58141.8,24259.9,24384.3,24294.3,38028.3
195,0.143,0.142,0.141,0.14,0.139,0.138,0.137,0.136,0.135,0.134,0.144,0.145,0.146,0.147,0.148,0.149,0.15,0.151,0.152,0.153,233038.2,407980.2,197915.3,121429.6,86662.2,15676,2598.1,26133.1,5698,784.4,173243.3,204009.7,96388.7,131647.8,66370.7,58141.8,24259.9,24384.3,24294.3,38028.3
196,0.143,0.142,0.141,0.14,0.139,0.138,0.137,0.136,0.135,0.134,0.144,0.145,0.146,0.147,0.148,0.149,0.15,0.151,0.152,0.153,239024.9,420694.5,194505.4,121429.6,86662.2,15676,2598.1,26133.1,5698,784.4,172677,204009.7,96388.7,131647.8,66370.7,58141.8,24259.9,24384.3,24294.3,38028.3
197,0.143,0.142,0.141,0.14,0.139,0.138,0.137,0.136,0.135,0.134,0.144,0.145,0.146,0.147,0.148,0.149,0.15,0.151,0.152,0.153,237364.1,420694.7,194505.4,121429.6,86662.2,15676,2598.1,26133.1,5698,624.2,172371,204009.7,96388.7,130518.6,66370.7,58141.8,24259.9,24384.3,24294.3,38028.3
198,0.143,0.142,0.141,0.14,0.139,0.138,0.137,0.136,0.135,0.134,0.144,0.145,0.146,0.147,0.148,0.149,0.15,0.151,0.152,0.153,235589.8,413802.8,194505.4,121429.6,86662.2,15676,2598.1,26133.1,5698,624.2,176352.8,204009.7,96388.7,130518.6,50839.6,65699.1,32233.7,24384.3,24294.3,38028.3
199,0.143,0.142,0.141,0.14,0.139,0.138,0.137,0.136,0.135,0.134,0.144,0.145,0.146,0.147,0.148,0.149,0.15,0.151,0.152,0.153,244538.7,420694.2,194505.4,121429.6,86662.2,15676,2598.1,26133.1,5698,624.2,165969.1,204009.7,96388.7,130518.6,66370.7,58141.8,24259.9,24384.3,24294.3,38028.3
200,0.143,0.142,0.141,0.14,0.139,0.138,0.137,0.136,0.135,0.134,0.144,0.145,0.146,0.147,0.148,0.149,0.15,0.151,0.152,0.153,248904.4,415558,194505.4,121429.6,86662.2,15676,2598.1,26133.1,5698,624.2,166412,210901.2,96388.7,130518.6,66370.7,58141.8,24259.9,24384.3,24294.3,38028.3
201,0.143,0.142,0.141,0.14,0.139,0.138,0.137,0.136,0.135,0.134,0.144,0.145,0.146,0.147,0.148,0.149,0.15,0.151,0.152,0.153,248573.7,418910.6,191235,121429.6,86662.2,15676,2598.1,26133.1,5698,624.2,167024.4,210901.2,96388.7,130518.6,66370.7,58141.8,24259.9,24384.3,24294.3,38028.3
202,0.143,0.142,0.141,0.14,0.139,0.138,0.137,0.136,0.135,0.134,0.144,0.145,0.146,0.147,0.148,0.149,0.15,0.151,0.152,0.153,272629.1,413774.7,191235,121429.6,86662.2,15676,2598.1,26133.1,5698,624.2,37561.6,265529.1,97522.9,128950.1,67928.6,52692.7,29709,24384.3,24294.3,38028.3
203,0.143,0.142,0.141,0.14,0.139,0.138,0.137,0.136,0.135,0.134,0.144,0.145,0.146,0.147,0.148,0.149,0.15,0.151,0.152,0.153,261626.5,404110.4,191235,121429.6,86662.2,15676,2598.1,7955.7,22679.2,624.2,156448.7,175529.1,97522.9,130518.6,66370.7,52692.7,29709,24384.3,24294.3,38028.3
204,0.143,0.142,0.141,0.14,0.139,0.138,0.137,0.136,0.135,0.134,0.144,0.145,0.146,0.147,0.148,0.149,0.15,0.151,0.152,0.153,261467.2,424046.3,191235,121429.6,86662.2,15676,2598.1,7955.7,22679.2,624.2,156190,175529.1,97522.9,130518.6,66370.7,52692.7,29709,24384.3,24294.3,38028.3
205,0.143,0.142,0.141,0.14,0.139,0.138,0.137,0.136,0.135,0.134,0.144,0.145,0.146,0.147,0.148,0.149,0.15,0.151,0.152,0.153,260810.2,382276.5,192870.2,121429.6,86662.2,15676,2598.1,7955.7,22679.2,624.2,178299.2,176663.3,93395.7,130518.6,50839.6,65699.1,32233.7,24384.3,24294.3,38028.3
206,0.143,0.142,0.141,0.14,0.139,0.138,0.137,0.136,0.135,0.134,0.144,0.145,0.146,0.147,0.148,0.149,0.15,0.151,0.152,0.153,258543.2,413902.5,195540.7,121429.6,86662.2,15676,2598.1,7955.7,22679.2,624.2,177691.1,183554,93395.7,130518.6,66370.7,52692.7,29709,24384.3,24294.3,38028.3
207,0.143,0.142,0.141,0.14,0.139,0.138,0.137,0.136,0.135,0.134,0.144,0.145,0.146,0.147,0.148,0.149,0.15,0.151,0.152,0.153,248662.8,412278.3,197175.9,121429.6,86662.2,15676,2598.1,7955.7,22679.2,624.2,186092.9,182419.5,93395.7,130518.6,66370.7,52692.7,29709,24384.3,24294.3,38028.3
208,0.143,0.142,0.141,0.14,0.139,0.138,0.137,0.136,0.135,0.134,0.144,0.145,0.146,0.147,0.148,0.149,0.15,0.151,0.152,0.153,238026.9,417819.7,197175.9,121429.6,86662.2,15676,2598.1,7955.7,22679.2,624.2,189762,208844.8,93395.7,130518.6,66370.7,52692.7,29709,24384.3,24294.3,38028.3
209,0.143,0.142,0.141,0.14,0.139,0.138,0.137,0.136,0.135,0.134,0.144,0.145,0.146,0.147,0.148,0.149,0.15,0.151,0.152,0.153,234712,415548.8,197175.9,121429.6,86662.2,15676,2598.1,7955.7,22679.2,624.2,189656,208844.8,93395.7,130518.6,66370.7,52692.7,29709,24384.3,24294.3,38028.3
210,0.143,0.142,0.141,0.14,0.139,0.138,0.137,0.136,0.135,0.134,0.144,0.145,0.146,0.147,0.148,0.149,0.15,0.151,0.152,0.153,240682.6,413928,197175.9,121429.6,86662.2,15676,2598.1,7955.7,22679.2,624.2,196874.4,201954.4,93395.7,130518.6,66370.7,52692.7,29709,24384.3,24294.3,38028.3
211,0.143,0.142,0.141,0.14,0.139,0.138,0.137,0.136,0.135,0.134,0.144,0.145,0.146,0.147,0.148,0.149,0.15,0.151,0.152,0.153,259031.9,403653.3,197175.9,121429.6,86662.2,15676,2598.1,7955.7,22679.2,624.2,185346.3,206761.3,93588.8,130518.6,66370.7,52692.7,29709,24384.3,24294.3,38028.3
212,0.143,0.142,0.141,0.14,0.139,0.138,0.137,0.136,0.135,0.134,0.144,0.145,0.146,0.147,0.148,0.149,0.15,0.151,0.152,0.153,258162.8,408948.5,193905.5,121429.6,86662.2,15676,2598.1,7955.7,22679.2,624.2,178687,207895.5,93588.8,130518.6,66370.7,52692.7,29709,24384.3,24294.3,38028.3
213,0.143,0.142,0.141,0.14,0.139,0.138,0.137,0.136,0.135,0.134,0.144,0.145,0.146,0.147,0.148,0.149,0.15,0.151,0.152,0.153,264299.4,397532.2,192270.3,121429.6,86662.2,15676,2598.1,7955.7,22679.2,624.2,42573.8,297895.5,115134.5,128950.1,52397.5,65699.1,32233.7,24384.3,24294.3,38028.3
214,0.143,0.142,0.141,0.14,0.139,0.138,0.137,0.136,0.135,0.134,0.144,0.145,0.146,0.147,0.148,0.149,0.15,0.151,0.152,0.153,241901.2,415387,190635.1,121429.6,86662.2,15676,2598.1,7955.7,22679.2,624.2,40105.3,303650.7,116268.7,128950.1,67928.6,52692.7,29709,24384.3,24294.3,38028.3
215,0.143,0.142,0.141,0.14,0.139,0.138,0.137,0.136,0.135,0.134,0.144,0.145,0.146,0.147,0.148,0.149,0.15,0.151,0.152,0.153,241560.7,340388.6,171702.8,121429.6,86662.2,15676,2598.1,7955.7,22679.2,624.2,159136.4,194600.1,67933.9,110679.9,67928.6,52692.7,29709,24384.3,24294.3,38028.3
216,0.143,0.142,0.141,0.14,0.139,0.138,0.137,0.136,0.135,0.134,0.144,0.145,0.146,0.147,0.148,0.149,0.15,0.151,0.152,0.153,240011.4,361062.2,173338,121429.6,86662.2,15676,2598.1,7955.7,22679.2,624.2,176448.9,195734.3,66799.7,112248.4,66370.7,52692.7,29709,24384.3,24294.3,38028.3
217,0.143,0.142,0.141,0.14,0.139,0.138,0.137,0.136,0.135,0.134,0.144,0.145,0.146,0.147,0.148,0.149,0.15,0.151,0.152,0.153,236860.4,360531.4,174973.2,121429.6,86662.2,15676,2598.1,7955.7,22679.2,624.2,177363.2,188844.9,66799.7,112248.4,66370.7,52692.7,29709,24384.3,24294.3,38028.3
218,0.143,0.142,0.141,0.14,0.139,0.138,0.137,0.136,0.135,0.134,0.144,0.145,0.146,0.147,0.148,0.149,0.15,0.151,0.152,0.153,228232.2,358263.1,176608.4,121429.6,86662.2,15676,2598.1,7955.7,22679.2,624.2,189405.5,194792.8,66606.6,112248.4,66370.7,52692.7,29709,24384.3,24294.3,38028.3
219,0.143,0.142,0.141,0.14,0.139,0.138,0.137,0.136,0.135,0.134,0.144,0.145,0.146,0.147,0.148,0.149,0.15,0.151,0.152,0.153,230642.1,267966.7,266608.4,121429.6,86662.2,15676,2598.1,7955.7,22679.2,624.2,188906.3,194792.8,66606.6,112248.4,66370.7,52692.7,29709,24384.3,24294.3,38028.3
220,0.143,0.142,0.141,0.14,0.139,0.138,0.137,0.136,0.135,0.134,0.144,0.145,0.146,0.147,0.148,0.149,0.15,0.151,0.152,0.153,231394.3,267966.7,266608.4,121429.6,86662.2,15676,2598.1,7955.7,22679.2,624.2,188731.8,194792.8,66606.6,112248.4,66370.7,52692.7,29709,24384.3,24294.3,38028.3
221,0.143,0.142,0.141,0.14,0.139,0.138,0.137,0.136,0.135,0.134,0.144,0.145,0.146,0.147,0.148,0.149,0.15,0.151,0.152,0.153,242318.6,354446.2,176608.4,121429.6,86662.2,15676,2598.1,7955.7,22679.2,624.2,185537,187903.8,66606.6,112248.4,66370.7,52692.7,29709,24384.3,24294.3,38028.3
222,0.143,0.142,0.141,0.14,0.139,0.138,0.137,0.136,0.135,0.134,0.144,0.145,0.146,0.147,0.148,0.149,0.15,0.151,0.152,0.153,243994.8,342421.1,176608.4,121429.6,86662.2,15676,2598.1,7955.7,22679.2,624.2,169687.4,194598.7,66799.7,110679.9,67928.6,52692.7,29709,24384.3,24294.3,38028.3
223,0.143,0.142,0.141,0.14,0.139,0.138,0.137,0.136,0.135,0.134,0.144,0.145,0.146,0.147,0.148,0.149,0.15,0.151,0.152,0.153,257762.5,352553.8,173338,121429.6,86662.2,15676,2598.1,7955.7,22679.2,624.2,37896.5,287292.8,91953,110679.9,67928.6,52692.7,29709,24384.3,24294.3,38028.3
224,0.143,0.142,0.141,0.14,0.139,0.138,0.137,0.136,0.135,0.134,0.144,0.145,0.146,0.147,0.148,0.149,0.15,0.151,0.152,0.153,244889.4,367474.7,171702.8,121429.6,86662.2,15676,2598.1,7955.7,22679.2,624.2,159951.9,195732.8,66799.7,110679.9,52397.5,65699.1,32233.7,24384.3,24294.3,38028.3
225,0.143,0.142,0.141,0.14,0.139,0.138,0.137,0.136,0.135,0.134,0.144,0.145,0.146,0.147,0.148,0.149,0.15,0.151,0.152,0.153,291114.6,362695.5,171702.8,121429.6,86662.2,15676,2598.1,7955.7,22679.2,624.2,164272.3,195732.8,66799.7,110679.9,67928.6,52692.7,29709,24384.3,24294.3,38028.3
226,0.143,0.142,0.141,0.14,0.139,0.138,0.137,0.136,0.135,0.134,0.144,0.145,0.146,0.147,0.148,0.149,0.15,0.151,0.152,0.153,290427.2,360153,174973.2,121429.6,86662.2,15676,2598.1,7955.7,22679.2,624.2,174800.5,188844.9,66799.7,110679.9,67928.6,52692.7,29709,24384.3,24294.3,38028.3
227,0.143,0.142,0.141,0.14,0.139,0.138,0.137,0.136,0.135,0.134,0.144,0.145,0.146,0.147,0.148,0.149,0.15,0.151,0.152,0.153,285775.6,359668,173338,121429.6,86662.2,15676,2598.1,7955.7,22679.2,624.2,174310.1,188844.9,66799.7,110679.9,67928.6,52692.7,29709,24384.3,24294.3,38028.3
228,0.143,0.142,0.141,0.14,0.139,0.138,0.137,0.136,0.135,0.134,0.144,0.145,0.146,0.147,0.148,0.149,0.15,0.151,0.152,0.153,291836.3,363401.1,171702.8,121429.6,86662.2,15676,2598.1,7955.7,22679.2,624.2,174016.7,188844.9,66799.7,110679.9,67928.6,52692.7,29709,24384.3,24294.3,38028.3
229,0.143,0.142,0.141,0.14,0.139,0.138,0.137,0.136,0.135,0.134,0.144,0.145,0.146,0.147,0.148,0.149,0.15,0.151,0.152,0.153,291631.2,370288.7,171702.8,121429.6,86662.2,15676,2598.1,7955.7,22679.2,624.2,173785.7,194598.3,67933.9,110679.9,67928.6,52692.7,29709,24384.3,24294.3,38028.3
230,0.143,0.142,0.141,0.14,0.139,0.138,0.137,0.136,0.135,0.134,0.144,0.145,0.146,0.147,0.148,0.149,0.15,0.151,0.152,0.153,284453.6,363401.7,171702.8,121429.6,86662.2,15676,2598.1,7955.7,22679.2,624.2,177531.2,194598.3,67933.9,110679.9,52397.5,62036.9,35895.9,24384.3,24294.3,38028.3
231,0.143,0.142,0.141,0.14,0.139,0.138,0.137,0.136,0.135,0.134,0.144,0.145,0.146,0.147,0.148,0.149,0.15,0.151,0.152,0.153,291164.6,370289.1,171702.8,121429.6,86662.2,15676,2598.1,7955.7,22679.2,624.2,172582.9,195732.5,66799.7,110679.9,67928.6,52692.7,29709,24384.3,24294.3,38028.3
232,0.143,0.142,0.141,0.14,0.139,0.138,0.137,0.136,0.135,0.134,0.144,0.145,0.146,0.147,0.148,0.149,0.15,0.151,0.152,0.153,294806.1,369099.9,170067.6,121429.6,86662.2,15676,2598.1,7955.7,5698,624.2,178050.5,162419.6,66799.7,110679.9,58566.8,62054.5,29709,24384.3,24294.3,38028.3
233,0.143,0.142,0.141,0.14,0.139,0.138,0.137,0.136,0.135,0.134,0.144,0.145,0.146,0.147,0.148,0.149,0.15,0.151,0.152,0.153,288703.5,349159.6,170067.6,121429.6,86662.2,15676,2598.1,7955.7,5698,17605.4,181686.9,168172.9,67933.9,110679.9,52397.5,62036.9,35895.9,24384.3,24294.3,38028.3
234,0.143,0.142,0.141,0.14,0.139,0.138,0.137,0.136,0.135,0.134,0.144,0.145,0.146,0.147,0.148,0.149,0.15,0.151,0.152,0.153,280483.4,361138,170067.6,121429.6,86662.2,15676,2598.1,7955.7,5698,17605.4,188956.7,190966.5,67933.9,110679.9,52397.5,68223.8,29709,24384.3,24294.3,38028.3
235,0.143,0.142,0.141,0.14,0.139,0.138,0.137,0.136,0.135,0.134,0.144,0.145,0.146,0.147,0.148,0.149,0.15,0.151,0.152,0.153,283543.6,272700,263750.6,121429.6,86662.2,36581.9,2598.1,7955.7,5698,17605.4,190080.8,190966.5,67933.9,110679.9,67928.6,52692.7,29709,24384.3,24294.3,38028.3
236,0.143,0.142,0.141,0.14,0.139,0.138,0.137,0.136,0.135,0.134,0.144,0.145,0.146,0.147,0.148,0.149,0.15,0.151,0.152,0.153,286481.2,272853.3,261702.8,124573.9,86662.2,36581.9,23504,7955.7,5698,17605.4,189576.8,190966.3,67933.9,110679.9,67928.6,52692.7,29709,24384.3,24294.3,38028.3
237,0.143,0.142,0.141,0.14,0.139,0.138,0.137,0.136,0.135,0.134,0.144,0.145,0.146,0.147,0.148,0.149,0.15,0.151,0.152,0.153,305928.6,272853.3,261702.8,124573.9,86662.2,36581.9,2598.1,7955.7,5698,17605.4,185952.8,184079,67933.9,110679.9,67928.6,52659.1,29709,24384.3,24294.3,38028.3
238,0.143,0.142,0.141,0.14,0.139,0.138,0.137,0.136,0.135,0.134,0.144,0.145,0.146,0.147,0.148,0.149,0.15,0.151,0.152,0.153,315402.1,355426.7,171702.8,121429.6,86662.2,36581.9,2598.1,7955.7,5698,17605.4,187641.3,184079,67933.9,110679.9,52397.5,62036.9,35895.9,24384.3,24294.3,38028.3
239,0.143,0.142,0.141,0.14,0.139,0.138,0.137,0.136,0.135,0.134,0.144,0.145,0.146,0.147,0.148,0.149,0.15,0.151,0.152,0.153,309704,366086.9,173338,121429.6,86662.2,36581.9,2598.1,7955.7,22679.2,624.2,187399.8,185213.2,66799.7,110679.9,67928.6,52692.7,29709,24384.3,24294.3,38028.3
240,0.143,0.142,0.141,0.14,0.139,0.138,0.137,0.136,0.135,0.134,0.144,0.145,0.146,0.147,0.148,0.149,0.15,0.151,0.152,0.153,147548.7,357716.6,264973.2,121429.6,86662.2,36581.9,23504,7955.7,22679.2,624.2,194078,192100.6,66799.7,112248.4,66370.7,52692.7,29709,24384.3,24294.3,38028.3
241,0.143,0.142,0.141,0.14,0.139,0.138,0.137,0.136,0.135,0.134,0.144,0.145,0.146,0.147,0.148,0.149,0.15,0.151,0.152,0.153,145420.9,366798.2,261702.8,121429.6,86662.2,36581.9,23504,7955.7,22679.2,624.2,193845.7,192100.6,66799.7,112248.4,66370.7,52692.7,29709,24384.3,24294.3,38028.3
242,0.143,0.142,0.141,0.14,0.139,0.138,0.137,0.136,0.135,0.134,0.144,0.145,0.146,0.147,0.148,0.149,0.15,0.151,0.152,0.153,145162.4,366799.8,261702.8,121429.6,86662.2,36581.9,23504,7955.7,22679.2,624.2,190600.4,192100.6,66799.7,112248.4,66370.7,52692.7,29709,24384.3,24294.3,38028.3
243,0.143,0.142,0.141,0.14,0.139,0.138,0.137,0.136,0.135,0.134,0.144,0.145,0.146,0.147,0.148,0.149,0.15,0.151,0.152,0.153,142821.5,329372.6,264973.2,121429.6,86662.2,36581.9,23504,7955.7,22679.2,624.2,191390.6,190965.6,67933.9,112248.4,66370.7,52692.7,29709,24384.3,24294.3,38028.3
244,0.143,0.142,0.141,0.14,0.139,0.138,0.137,0.136,0.135,0.134,0.144,0.145,0.146,0.147,0.148,0.149,0.15,0.151,0.152,0.153,143302.3,336258.9,264973.2,121429.6,86662.2,36581.9,23504,7955.7,22679.2,624.2,197262.1,182412.6,66891.7,112248.4,66370.7,52692.7,29709,24384.3,24294.3,38028.3
245,0.143,0.142,0.141,0.14,0.139,0.138,0.137,0.136,0.135,0.134,0.144,0.145,0.146,0.147,0.148,0.149,0.15,0.151,0.152,0.153,140824.6,334614.6,266608.4,121429.6,86662.2,36581.9,23504,7955.7,22679.2,624.2,197138.4,182412.6,66891.7,112248.4,66370.7,52692.7,29709,24384.3,24294.3,38028.3
246,0.143,0.142,0.141,0.14,0.139,0.138,0.137,0.136,0.135,0.134,0.144,0.145,0.146,0.147,0.148,0.149,0.15,0.151,0.152,0.153,145936.6,334194.3,266608.4,121429.6,86662.2,36581.9,23504,7955.7,22679.2,624.2,196930.7,189491.5,66698.6,112248.4,66370.7,52692.7,29709,24384.3,24294.3,38028.3
247,0.143,0.142,0.141,0.14,0.139,0.138,0.137,0.136,0.135,0.134,0.144,0.145,0.146,0.147,0.148,0.149,0.15,0.151,0.152,0.153,145863.4,336236.8,264973.2,121429.6,86662.2,36581.9,23504,7955.7,22679.2,624.2,197838.8,189491.5,66698.6,112248.4,66370.7,54694.2,29709,24384.3,24294.3,38028.3
248,0.143,0.142,0.141,0.14,0.139,0.138,0.137,0.136,0.135,0.134,0.144,0.145,0.146,0.147,0.148,0.149,0.15,0.151,0.152,0.153,155041.1,329477,266608.4,121429.6,86662.2,36581.9,23504,7955.7,22679.2,624.2,198715,189491.1,66698.6,112248.4,66370.7,54694.2,29709,24384.3,24294.3,38028.3
249,0.143,0.142,0.141,0.14,0.139,0.138,0.137,0.136,0.135,0.134,0.144,0.145,0.146,0.147,0.148,0.149,0.15,0.151,0.152,0.153,142287.4,322751.8,278674.2,121429.6,86662.2,36581.9,23504,7955.7,22679.2,624.2,199651.3,188356.9,66698.6,112248.4,66370.7,54694.2,29709,24384.3,24294.3,38028.3
250,0.143,0.142,0.141,0.14,0.139,0.138,0.137,0.136,0.135,0.134,0.144,0.145,0.146,0.147,0.148,0.149,0.15,0.151,0.152,0.153,155142.4,322749.8,278674.2,121429.6,86662.2,36581.9,23504,7955.7,22679.2,624.2,197417.1,181471.5,66698.6,112248.4,66370.7,52692.7,29709,24384.3,24294.3,38028.3
251,0.143,0.142,0.141,0.14,0.139,0.138,0.137,0.136,0.135,0.134,0.144,0.145,0.146,0.147,0.148,0.149,0.15,0.151,0.152,0.153,141705.4,322801.1,278674.2,121429.6,86662.2,36581.9,23504,7955.7,22679.2,624.2,197252.7,181471.5,66698.6,112248.4,66370.7,54694.2,29709,24384.3,24294.3,38028.3
252,0.143,0.142,0.141,0.14,0.139,0.138,0.137,0.136,0.135,0.134,0.144,0.145,0.146,0.147,0.148,0.149,0.15,0.151,0.152,0.153,149778.1,315916.5,280957.8,121429.6,86662.2,36581.9,23504,7955.7,22679.2,624.2,197878.2,181471.5,66698.6,112248.4,66370.7,54694.2,29709,24384.3,24294.3,38028.3
253,0.143,0.142,0.141,0.14,0.139,0.138,0.137,0.136,0.135,0.134,0.144,0.145,0.146,0.147,0.148,0.149,0.15,0.151,0.152,0.153,140800.8,315915.7,278674.2,121429.6,86662.2,36581.9,23504,7955.7,22679.2,624.2,195914.6,188355.3,66698.6,112248.4,66370.7,54694.2,29709,24384.3,24294.3,38028.3
254,0.143,0.142,0.141,0.14,0.139,0.138,0.137,0.136,0.135,0.134,0.144,0.145,0.146,0.147,0.148,0.149,0.15,0.151,0.152,0.153,146152.2,317509.8,273768.6,126370.3,86662.2,36581.9,23504,7955.7,22679.2,624.2,197752.3,188355.3,66698.6,112248.4,66370.7,52692.7,29709,24384.3,24294.3,38028.3
255,0.143,0.142,0.141,0.14,0.139,0.138,0.137,0.136,0.135,0.134,0.144,0.145,0.146,0.147,0.148,0.149,0.15,0.151,0.152,0.153,140757.7,322645.9,272133.4,128017.2,86662.2,36581.9,23504,7955.7,22679.2,624.2,197668,188355.3,68277.8,110679.9,66370.7,52692.7,29709,24384.3,24294.3,38028.3
256,0.143,0.142,0.141,0.14,0.139,0.138,0.137,0.136,0.135,0.134,0.144,0.145,0.146,0.147,0.148,0.149,0.15,0.151,0.152,0.153,154351.2,317509.1,272133.4,128017.2,86662.2,36581.9,23504,7955.7,22679.2,624.2,197874.2,181471.5,68277.8,110679.9,66370.7,52692.7,29709,24384.3,24294.3,38028.3
257,0.143,0.142,0.141,0.14,0.139,0.138,0.137,0.136,0.135,0.134,0.144,0.145,0.146,0.147,0.148,0.149,0.15,0.151,0.152,0.153,140240.7,315760.9,274417.4,128017.2,86662.2,36581.9,23504,7955.7,22679.2,624.2,197874.5,181471.5,68277.8,110679.9,66370.7,52692.7,29709,24384.3,24294.3,38028.3
258,0.143,0.142,0.141,0.14,0.139,0.138,0.137,0.136,0.135,0.134,0.144,0.145,0.146,0.147,0.148,0.149,0.15,0.151,0.152,0.153,139140.6,315760.4,272133.4,128017.2,86662.2,36581.9,23504,7955.7,22679.2,624.2,198388.9,181471.5,68277.8,110679.9,66370.7,52692.7,29709,24384.3,24294.3,38028.3
259,0.143,0.142,0.141,0.14,0.139,0.138,0.137,0.136,0.135,0.134,0.144,0.145,0.146,0.147,0.148,0.149,0.15,0.151,0.152,0.153,138968.3,315760.9,272133.4,128017.2,86662.2,36581.9,23504,7955.7,22679.2,624.2,198372.1,188353.8,68277.8,110679.9,66370.7,52692.7,29709,24384.3,24294.3,38028.3
260,0.143,0.142,0.141,0.14,0.139,0.138,0.137,0.136,0.135,0.134,0.144,0.145,0.146,0.147,0.148,0.149,0.15,0.151,0.152,0.153,166699.7,312370.9,272133.4,128017.2,86662.2,36581.9,23504,7955.7,22679.2,624.2,198163.3,188353.6,68277.8,110679.9,66370.7,52692.7,29709,24384.3,24294.3,38028.3
261,0.143,0.142,0.141,0.14,0.139,0.138,0.137,0.136,0.135,0.134,0.144,0.145,0.146,0.147,0.148,0.149,0.15,0.151,0.152,0.153,143955.7,312369.7,272133.4,128017.2,86662.2,36581.9,23504,7955.7,22679.2,624.2,197380.5,188353.6,68277.8,110679.9,66370.7,52692.7,29709,24384.3,24294.3,38028.3
262,0.143,0.142,0.141,0.14,0.139,0.138,0.137,0.136,0.135,0.134,0.144,0.145,0.146,0.147,0.148,0.149,0.15,0.151,0.152,0.153,138087.3,305487,272133.4,128017.2,86662.2,36581.9,23504,7955.7,22679.2,624.2,197648.6,188353.6,68277.8,110679.9,66370.7,52692.7,29709,24384.3,24294.3,38028.3
263,0.143,0.142,0.141,0.14,0.139,0.138,0.137,0.136,0.135,0.134,0.144,0.145,0.146,0.147,0.148,0.149,0.15,0.151,0.152,0.153,137828.9,315759.1,276157.3,128017.2,86662.2,36581.9,23504,7955.7,22679.2,624.2,197818.6,188352.9,68277.8,110679.9,66370.7,52692.7,29709,24384.3,24294.3,38028.3
264,0.143,0.142,0.141,0.14,0.139,0.138,0.137,0.136,0.135,0.134,0.144,0.145,0.146,0.147,0.148,0.149,0.15,0.151,0.152,0.153,113846.8,313199.3,274711.1,128017.2,86662.2,36581.9,23504,7955.7,22679.2,624.2,190949.7,181471.5,68277.8,110679.9,66370.7,58141.8,24259.9,24384.3,24294.3,38028.3
265,0.142,0.141,0.14,0.139,0.138,0.137,0.136,0.135,0.134,0.133,0.143,0.144,0.145,0.146,0.147,0.148,0.149,0.15,0.151,0.152,322402.4,417615.7,154457.3,113859,36618.2,33821.4,7955.7,20665.6,624.2,2979.9,215012.7,235428.2,121068.1,83973,126211,53044.7,39862.4,24259.9,24453.9,24294.3
266,0.142,0.141,0.14,0.139,0.138,0.137,0.136,0.135,0.134,0.133,0.143,0.144,0.145,0.146,0.147,0.148,0.149,0.15,0.151,0.152,263088,416017.8,162091,117176.6,36618.2,33821.4,7955.7,20665.6,624.2,2979.9,231692.3,230809.7,121068.1,83973,126211,53044.7,39862.4,24259.9,24453.9,24294.3
267,0.142,0.141,0.14,0.139,0.138,0.137,0.136,0.135,0.134,0.133,0.143,0.144,0.145,0.146,0.147,0.148,0.149,0.15,0.151,0.152,284209.7,416017.8,152985.2,117176.6,36618.2,33821.4,7955.7,20665.6,624.2,2979.9,206302.7,230809.7,121068.1,83973,126211,53044.7,39862.4,24259.9,24453.9,24294.3
268,0.142,0.141,0.14,0.139,0.138,0.137,0.136,0.135,0.134,0.133,0.143,0.144,0.145,0.146,0.147,0.148,0.149,0.15,0.151,0.152,273082.7,418729.7,152985.2,117176.6,36618.2,33821.4,7955.7,20665.6,624.2,2979.9,201433.7,237737.9,114162.9,83973,126211,53044.7,39862.4,24259.9,24453.9,24294.3
269,0.142,0.141,0.14,0.139,0.138,0.137,0.136,0.135,0.134,0.133,0.143,0.144,0.145,0.146,0.147,0.148,0.149,0.15,0.151,0.152,268282.3,421775.9,152985.2,117176.6,36618.2,33821.4,7955.7,20665.6,624.2,2960.2,216604.8,237737.9,114162.9,83973,126211,53044.7,39862.4,24259.9,24453.9,24294.3
270,0.142,0.141,0.14,0.139,0.138,0.137,0.136,0.135,0.134,0.133,0.143,0.144,0.145,0.146,0.147,0.148,0.149,0.15,0.151,0.152,257618.9,416603.8,152985.2,117176.6,36618.2,34033.9,7955.7,20665.6,624.2,2960.2,222906.3,234436,114162.9,83973,126211,53044.7,39862.4,24259.9,24453.9,24294.3
271,0.142,0.141,0.14,0.139,0.138,0.137,0.136,0.135,0.134,0.133,0.143,0.144,0.145,0.146,0.147,0.148,0.149,0.15,0.151,0.152,268650.4,413555.2,170255.3,117176.6,36618.2,34033.9,7955.7,20665.6,624.2,2960.2,214555.2,227507.8,114162.9,83973,126211,53044.7,39862.4,24259.9,24453.9,24294.3
272,0.142,0.141,0.14,0.139,0.138,0.137,0.136,0.135,0.134,0.133,0.143,0.144,0.145,0.146,0.147,0.148,0.149,0.15,0.151,0.152,264891.4,400410.1,152985.2,117176.6,36618.2,34033.9,7955.7,20665.6,624.2,2960.2,209717.8,227507.8,114162.9,83973,116849.2,62440.3,39828.8,24259.9,24453.9,24294.3
273,0.142,0.141,0.14,0.139,0.138,0.137,0.136,0.135,0.134,0.133,0.143,0.144,0.145,0.146,0.147,0.148,0.149,0.15,0.151,0.152,255360.5,418727.4,152985.2,117176.6,36618.2,34033.9,7955.7,20665.6,624.2,2960.2,205299.3,227507.8,114162.9,83973,116849.2,62440.3,39828.8,24259.9,24453.9,24294.3
274,0.142,0.141,0.14,0.139,0.138,0.137,0.136,0.135,0.134,0.133,0.143,0.144,0.145,0.146,0.147,0.148,0.149,0.15,0.151,0.152,251773.9,420482.4,152985.2,117176.6,36542,33765.1,7839.6,20665.6,624.2,2960.2,186941,230523.6,113100,82488,115364.2,60955.3,38343.8,22774.9,22829.7,22774.7
275,0.142,0.141,0.14,0.139,0.138,0.137,0.136,0.135,0.134,0.133,0.143,0.144,0.145,0.146,0.147,0.148,0.149,0.15,0.151,0.152,251829.6,418725.2,152985.2,117176.6,36542,33765.1,7839.6,20665.6,624.2,2981.2,186408.4,230523.6,113100,82488,115364.2,60955.3,38343.8,22774.9,22829.7,22774.7
276,0.142,0.141,0.14,0.139,0.138,0.137,0.136,0.135,0.134,0.133,0.143,0.144,0.145,0.146,0.147,0.148,0.149,0.15,0.151,0.152,251526.4,418725.2,152985.2,117176.6,36542,33765.1,7839.6,20665.6,624.2,2981.2,186408.5,230523.6,113100,82322,115364.2,60955.3,38343.8,22774.9,22829.7,22774.7
277,0.142,0.141,0.14,0.139,0.138,0.137,0.136,0.135,0.134,0.133,0.143,0.144,0.145,0.146,0.147,0.148,0.149,0.15,0.151,0.152,245703.2,423897.3,152985.2,117176.6,36542,33765.1,7839.6,20665.6,624.2,2981.2,196384.5,223596.4,113100,82322,115364.2,60955.3,38343.8,22774.9,22829.7,22774.7
278,0.142,0.141,0.14,0.139,0.138,0.137,0.136,0.135,0.134,0.133,0.143,0.144,0.145,0.146,0.147,0.148,0.149,0.15,0.151,0.152,245444.7,423897,152985.2,117176.6,36542,33765.1,7839.6,20665.6,624.2,2961.3,216101.5,230523.1,113100,82322,124726,51593.5,38343.8,22774.9,22829.7,22774.7
279,0.142,0.141,0.14,0.139,0.138,0.137,0.136,0.135,0.134,0.133,0.143,0.144,0.145,0.146,0.147,0.148,0.149,0.15,0.151,0.152,245639.3,419889.9,152985.2,117176.6,36542,33765.1,7839.6,5735.1,15554.7,2961.3,208869,230523.1,113100,82322,124726,51593.5,38343.8,22774.9,22829.7,22774.7
280,0.142,0.141,0.14,0.139,0.138,0.137,0.136,0.135,0.134,0.133,0.143,0.144,0.145,0.146,0.147,0.148,0.149,0.15,0.151,0.152,257663.7,414716.5,152985.2,117176.6,36542,33765.1,7839.6,5735.1,15554.7,2961.3,208869.1,223596.4,113100,82322,124726,51593.5,38343.8,22774.9,22829.7,22774.7
281,0.142,0.141,0.14,0.139,0.138,0.137,0.136,0.135,0.134,0.133,0.143,0.144,0.145,0.146,0.147,0.148,0.149,0.15,0.151,0.152,255508.8,418403.1,151500.2,115691.6,34866.5,32280.1,6354.6,4250.1,15554.7,1462.3,219298.3,223596.4,113100,82322,124726,51593.5,38343.8,22774.9,22829.7,22774.7
282,0.142,0.141,0.14,0.139,0.138,0.137,0.136,0.135,0.134,0.133,0.143,0.144,0.145,0.146,0.147,0.148,0.149,0.15,0.151,0.152,255171.2,418403.1,153894.8,115691.6,34866.5,32280.1,6354.6,4250.1,15554.7,1462.3,219298.3,223596.4,113100,82322,124726,51593.5,38343.8,22774.9,22829.7,22774.7
283,0.142,0.141,0.14,0.139,0.138,0.137,0.136,0.135,0.134,0.133,0.143,0.144,0.145,0.146,0.147,0.148,0.149,0.15,0.151,0.152,255284.1,418401.6,151500.2,115691.6,34866.5,32280.1,6354.6,4250.1,15554.7,1462.3,223218.9,230521.3,113100,82322,124726,51593.5,38343.8,22774.9,22829.7,22774.7
284,0.142,0.141,0.14,0.139,0.138,0.137,0.136,0.135,0.134,0.133,0.143,0.144,0.145,0.146,0.147,0.148,0.149,0.15,0.151,0.152,254101.5,418401.1,151500.2,115691.6,34866.5,32280.1,6354.6,4250.1,15554.7,1469.3,219559.3,230521.3,113100,82322,124726,51593.5,38343.8,22774.9,22829.7,22774.7
285,0.142,0.141,0.14,0.139,0.138,0.137,0.136,0.135,0.134,0.133,0.143,0.144,0.145,0.146,0.147,0.148,0.149,0.15,0.151,0.152,253843.9,418399.9,151500.2,115691.6,34866.5,32280.1,6354.6,4250.1,15554.7,1469.3,222818.8,223596.4,113100,82322,124726,51593.5,38343.8,22774.9,22829.7,22774.7
286,0.142,0.141,0.14,0.139,0.138,0.137,0.136,0.135,0.134,0.133,0.143,0.144,0.145,0.146,0.147,0.148,0.149,0.15,0.151,0.152,253671.5,408055.3,153147.1,114032.8,34866.5,32280.1,6354.6,4250.1,15554.7,1469.3,218304.5,223596.4,111509.9,83901.2,124726,51593.5,38343.8,22774.9,22829.7,22774.7
287,0.142,0.141,0.14,0.139,0.138,0.137,0.136,0.135,0.134,0.133,0.143,0.144,0.145,0.146,0.147,0.148,0.149,0.15,0.151,0.152,257196,416276.3,151500.2,115691.6,34866.5,32280.1,6354.6,4250.1,15554.7,1462.3,222114.8,223596.4,111509.9,83901.2,124726,51593.5,38343.8,22774.9,22829.7,22774.7
288,0.142,0.141,0.14,0.139,0.138,0.137,0.136,0.135,0.134,0.133,0.143,0.144,0.145,0.146,0.147,0.148,0.149,0.15,0.151,0.152,253075.2,418399.2,153147.1,114032.8,34866.5,32280.1,6354.6,4250.1,15554.7,1462.3,222028.5,223596.4,111509.9,83901.2,124726,51593.5,38343.8,22774.9,22829.7,22774.7
289,0.142,0.141,0.14,0.139,0.138,0.137,0.136,0.135,0.134,0.133,0.143,0.144,0.145,0.146,0.147,0.148,0.149,0.15,0.151,0.152,252816.8,418398.6,153147.1,114032.8,34866.5,32280.1,6354.6,4250.1,15554.7,1462.3,233009.6,230518.7,111509.9,83901.2,124726,53595,38343.8,22774.9,22829.7,22774.7
290,0.142,0.141,0.14,0.139,0.138,0.137,0.136,0.135,0.134,0.133,0.143,0.144,0.145,0.146,0.147,0.148,0.149,0.15,0.151,0.152,257860.8,418398.2,153147.1,114032.8,34866.5,32280.1,6354.6,4250.1,15554.7,1462.3,233210.2,230518.7,113100,82322,124726,53595,38343.8,22774.9,22829.7,22774.7
291,0.142,0.141,0.14,0.139,0.138,0.137,0.136,0.135,0.134,0.133,0.143,0.144,0.145,0.146,0.147,0.148,0.149,0.15,0.151,0.152,243334.5,418397.9,153147.1,114032.8,34866.5,32280.1,27407.2,4250.1,15554.7,1462.3,232905.9,230518.7,111509.9,83901.2,124726,42427.2,38343.8,22774.9,22829.7,22774.7
292,0.142,0.141,0.14,0.139,0.138,0.137,0.136,0.135,0.134,0.133,0.143,0.144,0.145,0.146,0.147,0.148,0.149,0.15,0.151,0.152,247053.9,419619.8,153147.1,114032.8,34866.5,32280.1,27407.2,4250.1,15554.7,1462.3,233006.7,230517.8,111509.9,83901.2,124726,42427.2,38343.8,22774.9,22829.7,22774.7
293,0.142,0.141,0.14,0.139,0.138,0.137,0.136,0.135,0.134,0.133,0.143,0.144,0.145,0.146,0.147,0.148,0.149,0.15,0.151,0.152,247978.6,419619.8,153147.1,114032.8,34866.5,32280.1,27407.2,4250.1,15554.7,1462.3,229903.2,230517.8,111509.9,83901.2,124726,40425.7,38343.8,22774.9,22829.7,22774.7
294,0.142,0.141,0.14,0.139,0.138,0.137,0.136,0.135,0.134,0.133,0.143,0.144,0.145,0.146,0.147,0.148,0.149,0.15,0.151,0.152,228497.4,419623,153147.1,114032.8,34866.5,32280.1,27407.2,4250.1,15554.7,1462.3,225659.9,230517.8,113100,82322,124726,40425.7,38343.8,22774.9,22829.7,22774.7
295,0.142,0.141,0.14,0.139,0.138,0.137,0.136,0.135,0.134,0.133,0.143,0.144,0.145,0.146,0.147,0.148,0.149,0.15,0.151,0.152,227208.7,432662.9,153147.1,114032.8,34866.5,32280.1,27407.2,4250.1,15554.7,1462.3,216570.6,223596.4,113100,82322,124726,40425.7,38343.8,22774.9,22829.7,22774.7
296,0.142,0.141,0.14,0.139,0.138,0.137,0.136,0.135,0.134,0.133,0.143,0.144,0.145,0.146,0.147,0.148,0.149,0.15,0.151,0.152,108739.5,522944.3,159456.7,114032.8,34866.5,32280.1,27407.2,4250.1,15554.7,1322,217074.1,223596.4,113100,82322,124726,40425.7,38343.8,22774.9,22829.7,22774.7
297,0.142,0.141,0.14,0.139,0.138,0.137,0.136,0.135,0.134,0.133,0.143,0.144,0.145,0.146,0.147,0.148,0.149,0.15,0.151,0.152,107779.4,529780.4,151500.2,115691.6,34866.5,32280.1,27407.2,4250.1,15554.7,1322,214625.8,223596.4,113100,82322,124726,40425.7,38343.8,22774.9,22829.7,22774.7
298,0.142,0.141,0.14,0.139,0.138,0.137,0.136,0.135,0.134,0.133,0.143,0.144,0.145,0.146,0.147,0.148,0.149,0.15,0.151,0.152,105103.1,521837.1,151500.2,115691.6,34866.5,32280.1,27407.2,4250.1,15554.7,1322,213875.3,230515.4,113100,82322,109194.9,53398.3,40868.5,22774.9,22829.7,22774.7
299,0.142,0.141,0.14,0.139,0.138,0.137,0.136,0.135,0.134,0.133,0.143,0.144,0.145,0.146,0.147,0.148,0.149,0.15,0.151,0.152,104930.8,525957.5,151500.2,115691.6,34866.5,32280.1,27407.2,4250.1,15554.7,1322,211724.4,230515.4,113100,82322,124726,40425.7,38343.8,22774.9,22829.7,22774.7
300,0.142,0.141,0.14,0.139,0.138,0.137,0.136,0.135,0.134,0.133,0.143,0.144,0.145,0.146,0.147,0.148,0.149,0.15,0.151,0.152,104672.3,535960,151500.2,115691.6,34866.5,32280.1,27407.2,4250.1,15554.7,1322,211236.7,223596.4,113100,82322,124726,40425.7,38343.8,22774.9,22829.7,22774.7
301,0.142,0.141,0.14,0.139,0.138,0.137,0.136,0.135,0.134,0.133,0.143,0.144,0.145,0.146,0.147,0.148,0.149,0.15,0.151,0.152,199468.5,435241.5,151500.2,115691.6,34866.5,32280.1,27407.2,4250.1,15554.7,1322,211026.5,223596.4,113100,82322,124726,40425.7,38343.8,22774.9,22829.7,22774.7
302,0.142,0.141,0.14,0.139,0.138,0.137,0.136,0.135,0.134,0.133,0.143,0.144,0.145,0.146,0.147,0.148,0.149,0.15,0.151,0.152,197111.7,437337.8,151500.2,115691.6,34866.5,32280.1,27407.2,4250.1,624.2,1322,211026.3,223596.4,113100,82322,124726,40425.7,38343.8,22774.9,22829.7,22774.7
303,0.142,0.141,0.14,0.139,0.138,0.137,0.136,0.135,0.134,0.133,0.143,0.144,0.145,0.146,0.147,0.148,0.149,0.15,0.151,0.152,196853.2,430419.8,153147.1,114032.8,34866.5,32280.1,27407.2,4250.1,624.2,1322,211526.8,223596.4,113100,82322,124726,40425.7,38343.8,22774.9,22829.7,22774.7
304,0.142,0.141,0.14,0.139,0.138,0.137,0.136,0.135,0.134,0.133,0.143,0.144,0.145,0.146,0.147,0.148,0.149,0.15,0.151,0.152,191422.6,442508.6,154794,112374,34866.5,32280.1,27407.2,4250.1,15554.7,1322,211309.4,223596.4,111509.9,83901.2,124726,40425.7,38343.8,22774.9,22829.7,22774.7
305,0.142,0.141,0.14,0.139,0.138,0.137,0.136,0.135,0.134,0.133,0.143,0.144,0.145,0.146,0.147,0.148,0.149,0.15,0.151,0.152,231484.3,442507.2,154794,112374,34866.5,32280.1,27407.2,4250.1,15554.7,1322,211016.8,223596.4,111509.9,83901.2,124726,40425.7,38343.8,22774.9,22829.7,22774.7
306,0.142,0.141,0.14,0.139,0.138,0.137,0.136,0.135,0.134,0.133,0.143,0.144,0.145,0.146,0.147,0.148,0.149,0.15,0.151,0.152,237845,443494,146092.1,109374.6,34866.5,32280.1,27407.2,4250.1,15554.7,1322,222220.4,230512,111509.9,83901.2,124726,40425.7,38343.8,22774.9,22829.7,22774.7
307,0.142,0.141,0.14,0.139,0.138,0.137,0.136,0.135,0.134,0.133,0.143,0.144,0.145,0.146,0.147,0.148,0.149,0.15,0.151,0.152,269687.5,432448.8,149385.9,106057,34866.5,32280.1,6354.6,4250.1,15554.7,1322,248536.7,231747.4,111509.9,83901.2,109194.9,53432.1,40868.5,22774.9,22829.7,22774.7
308,0.142,0.141,0.14,0.139,0.138,0.137,0.136,0.135,0.134,0.133,0.143,0.144,0.145,0.146,0.147,0.148,0.149,0.15,0.151,0.152,257341.5,441747.4,149385.9,106057,34866.5,32280.1,6354.6,4250.1,15554.7,1322,250943.4,231747.4,111509.9,83901.2,124726,40425.7,38343.8,22774.9,22829.7,22774.7
309,0.142,0.141,0.14,0.139,0.138,0.137,0.136,0.135,0.134,0.133,0.143,0.144,0.145,0.146,0.147,0.148,0.149,0.15,0.151,0.152,259883.1,436215,149385.9,106057,34866.5,32280.1,6354.6,4250.1,624.2,1322,239964.6,231747.4,111509.9,83901.2,124726,40425.7,38343.8,22774.9,22829.7,22774.7
310,0.142,0.141,0.14,0.139,0.138,0.137,0.136,0.135,0.134,0.133,0.143,0.144,0.145,0.146,0.147,0.148,0.149,0.15,0.151,0.152,259660.7,438947.6,149385.9,106057,34866.5,32280.1,6354.6,19180.6,624.2,1322,233689.4,224832.4,111509.9,83901.2,124726,40425.7,38343.8,22774.9,22829.7,22774.7
311,0.142,0.141,0.14,0.139,0.138,0.137,0.136,0.135,0.134,0.133,0.143,0.144,0.145,0.146,0.147,0.148,0.149,0.15,0.151,0.152,253974.6,444119.6,149385.9,106057,34866.5,32280.1,6354.6,19180.6,624.2,1322,233432,224832.4,111509.9,83901.2,124726,40425.7,38343.8,22774.9,22829.7,22774.7
312,0.142,0.141,0.14,0.139,0.138,0.137,0.136,0.135,0.134,0.133,0.143,0.144,0.145,0.146,0.147,0.148,0.149,0.15,0.151,0.152,255556.6,444118.9,149385.9,106057,34866.5,32280.1,6354.6,4250.1,624.2,1322,234462.6,231746.6,111509.9,83901.2,124726,40425.7,38343.8,22774.9,22829.7,22774.7
313,0.142,0.141,0.14,0.139,0.138,0.137,0.136,0.135,0.134,0.133,0.143,0.144,0.145,0.146,0.147,0.148,0.149,0.15,0.151,0.152,246526.3,443885.7,147739,107715.8,34866.5,47210.6,6354.6,4250.1,624.2,1322,231599.3,231746.6,111509.9,83901.2,124726,40425.7,38343.8,22774.9,22829.7,22774.7
314,0.142,0.141,0.14,0.139,0.138,0.137,0.136,0.135,0.134,0.133,0.143,0.144,0.145,0.146,0.147,0.148,0.149,0.15,0.151,0.152,253285.4,443985.6,144445.2,111033.4,34866.5,47210.6,6354.6,4250.1,624.2,1146.6,233819.4,231746.6,111509.9,83901.2,124726,42427.2,38343.8,22774.9,22829.7,22774.7
315,0.142,0.141,0.14,0.139,0.138,0.137,0.136,0.135,0.134,0.133,0.143,0.144,0.145,0.146,0.147,0.148,0.149,0.15,0.151,0.152,275691.9,440554.3,144445.2,111033.4,34866.5,47210.6,6354.6,4250.1,624.2,1146.6,188831.3,231746.5,111509.9,83901.2,124726,40425.7,38343.8,22774.9,22829.7,22774.7
316,0.142,0.141,0.14,0.139,0.138,0.137,0.136,0.135,0.134,0.133,0.143,0.144,0.145,0.146,0.147,0.148,0.149,0.15,0.151,0.152,261622.4,450898.5,144445.2,111033.4,34866.5,47210.6,6354.6,4250.1,624.2,1146.6,211014.3,231746.5,111509.9,83901.2,124726,40425.7,38343.8,22774.9,22829.7,22774.7
317,0.142,0.141,0.14,0.139,0.138,0.137,0.136,0.135,0.134,0.133,0.143,0.144,0.145,0.146,0.147,0.148,0.149,0.15,0.151,0.152,259812.7,443984.4,144445.2,111033.4,34866.5,47210.6,6354.6,4250.1,402.8,1146.6,215263.5,203229.7,111725.7,83901.2,124510.2,40425.7,38343.8,22774.9,22829.7,22774.7
318,0.142,0.141,0.14,0.139,0.138,0.137,0.136,0.135,0.134,0.133,0.143,0.144,0.145,0.146,0.147,0.148,0.149,0.15,0.151,0.152,272003.9,440551.1,149385.9,106057,34866.5,47210.6,6354.6,4250.1,402.8,1146.6,205872.1,203228.4,111725.7,83901.2,115148.4,49787.5,38343.8,22774.9,22829.7,22774.7
319,0.142,0.141,0.14,0.139,0.138,0.137,0.136,0.135,0.134,0.133,0.143,0.144,0.145,0.146,0.147,0.148,0.149,0.15,0.151,0.152,264412.4,445723.3,149385.9,106057,34866.5,47210.6,6354.6,4250.1,402.8,1146.6,205958.3,203228.4,111725.7,83901.2,115148.4,49787.5,38343.8,22774.9,22829.7,22774.7
320,0.142,0.141,0.14,0.139,0.138,0.137,0.136,0.135,0.134,0.133,0.143,0.144,0.145,0.146,0.147,0.148,0.149,0.15,0.151,0.152,261431,450895.4,149385.9,106057,34866.5,47210.6,6354.6,4250.1,402.8,1146.6,209940,203228.4,111725.7,83901.2,115148.4,49787.5,38343.8,22774.9,22829.7,22774.7
321,0.142,0.141,0.14,0.139,0.138,0.137,0.136,0.135,0.134,0.133,0.143,0.144,0.145,0.146,0.147,0.148,0.149,0.15,0.151,0.152,251991.7,443981.5,149385.9,106057,34866.5,47210.6,6354.6,4250.1,402.8,1146.6,226460.7,208399.4,111725.7,83901.2,115148.4,49787.5,38343.8,22774.9,22829.7,22774.7
322,0.142,0.141,0.14,0.139,0.138,0.137,0.136,0.135,0.134,0.133,0.143,0.144,0.145,0.146,0.147,0.148,0.149,0.15,0.151,0.152,250776.6,443982.7,149385.9,106057,34866.5,47210.6,6354.6,4250.1,402.8,1146.6,239417.6,240324.9,111725.7,83901.2,115148.4,49787.5,38343.8,22774.9,22829.7,22774.7
323,0.142,0.141,0.14,0.139,0.138,0.137,0.136,0.135,0.134,0.133,0.143,0.144,0.145,0.146,0.147,0.148,0.149,0.15,0.151,0.152,251219.8,421554.8,149385.9,106057,34866.5,47210.6,6354.6,4250.1,402.8,1146.6,223119.3,223069,111725.7,83901.2,115148.4,49787.5,38343.8,22774.9,22829.7,22774.7
324,0.142,0.141,0.14,0.139,0.138,0.137,0.136,0.135,0.134,0.133,0.143,0.144,0.145,0.146,0.147,0.148,0.149,0.15,0.151,0.152,248231.2,439011.8,164079.1,119171.7,34936.8,45394.8,6424.9,4320.4,473.1,1216.9,245574.6,235443,111575.9,83971.5,115218.7,49857.8,38414.1,22845.2,22900,22845
325,0.142,0.141,0.14,0.139,0.138,0.137,0.136,0.135,0.134,0.133,0.143,0.144,0.145,0.146,0.147,0.148,0.149,0.15,0.151,0.152,252419.9,390482.1,133562.7,111240.6,34936.8,45394.8,6424.9,4320.4,473.1,1216.9,244122.9,197074.3,94510.2,50933.5,115218.7,49857.8,38414.1,22845.2,22900,22845
326,0.142,0.141,0.14,0.139,0.138,0.137,0.136,0.135,0.134,0.133,0.143,0.144,0.145,0.146,0.147,0.148,0.149,0.15,0.151,0.152,249609.2,390059,146607.1,98196.2,34936.8,45394.8,6424.9,4514.9,473.1,1216.9,240004.4,202246.4,94510.2,50933.5,115218.7,49857.8,38414.1,22845.2,22900,22845
327,0.142,0.141,0.14,0.139,0.138,0.137,0.136,0.135,0.134,0.133,0.143,0.144,0.145,0.146,0.147,0.148,0.149,0.15,0.151,0.152,233218.4,390482.5,146607.1,98196.2,34936.8,45394.8,6424.9,4787.2,473.1,1216.9,234746.1,207418.5,94510.2,50933.5,124580.5,40496,38414.1,23055.2,22900,22845
328,0.142,0.141,0.14,0.139,0.138,0.137,0.136,0.135,0.134,0.133,0.143,0.144,0.145,0.146,0.147,0.148,0.149,0.15,0.151,0.152,233661.7,397392.8,146607.1,98196.2,34936.8,45394.8,6424.9,4787.2,473.1,1216.9,233044.5,214329.5,94510.2,50933.5,124580.5,42497.5,38414.1,23055.2,22900,22845
329,0.142,0.141,0.14,0.139,0.138,0.137,0.136,0.135,0.134,0.133,0.143,0.144,0.145,0.146,0.147,0.148,0.149,0.15,0.151,0.152,250878.4,397392.8,146607.1,98196.2,34936.8,45394.8,6424.9,4787.2,473.1,1216.9,235384.9,214329.5,94510.2,50933.5,115218.7,51859.3,38414.1,23055.2,22900,22845
330,0.142,0.141,0.14,0.139,0.138,0.137,0.136,0.135,0.134,0.133,0.143,0.144,0.145,0.146,0.147,0.148,0.149,0.15,0.151,0.152,266898.5,387049.1,133562.7,98196.2,34936.8,32350.4,6424.9,4787.2,13517.5,1216.9,235105,214328.8,94510.2,50933.5,115218.7,51859.3,38414.1,23055.2,22900,22845
331,0.142,0.141,0.14,0.139,0.138,0.137,0.136,0.135,0.134,0.133,0.143,0.144,0.145,0.146,0.147,0.148,0.149,0.15,0.151,0.152,249385.5,397392.2,133562.7,98196.2,34936.8,32350.4,6424.9,4787.2,13517.5,1216.9,223458.8,214328.8,94510.2,50933.5,115218.7,51859.3,38414.1,23055.2,22900,22845
332,0.142,0.141,0.14,0.139,0.138,0.137,0.136,0.135,0.134,0.133,0.143,0.144,0.145,0.146,0.147,0.148,0.149,0.15,0.151,0.152,246081.1,397404.6,133562.7,98196.2,34936.8,32350.4,6424.9,4787.2,13517.5,1216.9,234091.7,214328.8,94510.2,50933.5,115218.7,51859.3,38414.1,23055.2,22900,22845
333,0.142,0.141,0.14,0.139,0.138,0.137,0.136,0.135,0.134,0.133,0.143,0.144,0.145,0.146,0.147,0.148,0.149,0.15,0.151,0.152,245778.9,397404.5,133562.7,98196.2,34936.8,32350.4,6424.9,4787.2,13517.5,1216.9,233930.7,207418.5,94510.2,50933.5,115218.7,51859.3,38414.1,23055.2,22900,22845
334,0.142,0.141,0.14,0.139,0.138,0.137,0.136,0.135,0.134,0.133,0.143,0.144,0.145,0.146,0.147,0.148,0.149,0.15,0.151,0.152,245520.5,390494,133562.7,98196.2,34936.8,32350.4,6424.9,4787.2,13517.5,1216.9,239593.7,202246.4,94510.2,50933.5,115218.7,51859.3,38414.1,23055.2,22900,22845
335,0.142,0.141,0.14,0.139,0.138,0.137,0.136,0.135,0.134,0.133,0.143,0.144,0.145,0.146,0.147,0.148,0.149,0.15,0.151,0.152,244251.8,397403.8,133562.7,98196.2,34936.8,32350.4,6424.9,4787.2,13517.5,1216.9,240179.8,202246.4,94510.2,50933.5,115218.7,51859.3,38414.1,23055.2,22900,22845
336,0.142,0.141,0.14,0.139,0.138,0.137,0.136,0.135,0.134,0.133,0.143,0.144,0.145,0.146,0.147,0.148,0.149,0.15,0.151,0.152,243993.3,397401.7,133562.7,98196.2,34936.8,32350.4,6424.9,4787.2,13517.5,1216.9,236717.7,214328.1,94510.2,50933.5,115218.7,49857.8,38414.1,23055.2,22900,22845
337,0.142,0.141,0.14,0.139,0.138,0.137,0.136,0.135,0.134,0.133,0.143,0.144,0.145,0.146,0.147,0.148,0.149,0.15,0.151,0.152,243734.9,312506.4,218424.2,98196.2,34936.8,32350.4,6424.9,4787.2,13517.5,1216.9,239475.5,198811.8,94510.2,50933.5,115218.7,49857.8,38414.1,23055.2,22900,22845
338,0.142,0.141,0.14,0.139,0.138,0.137,0.136,0.135,0.134,0.133,0.143,0.144,0.145,0.146,0.147,0.148,0.149,0.15,0.151,0.152,112656.7,398728.7,218424.2,98196.2,34936.8,32350.4,6424.9,4787.2,13517.5,1216.9,240638.4,198811.8,94510.2,50933.5,115218.7,49857.8,38414.1,23055.2,22900,22845
339,0.142,0.141,0.14,0.139,0.138,0.137,0.136,0.135,0.134,0.133,0.143,0.144,0.145,0.146,0.147,0.148,0.149,0.15,0.151,0.152,124408.2,399240,221482.3,98196.2,34936.8,32350.4,6424.9,4787.2,473.1,1216.9,243483.1,191902.2,94510.2,50933.5,115218.7,49857.8,38414.1,23055.2,22900,22845
340,0.142,0.141,0.14,0.139,0.138,0.137,0.136,0.135,0.134,0.133,0.143,0.144,0.145,0.146,0.147,0.148,0.149,0.15,0.151,0.152,120936.5,353069.5,253438.2,118813.7,34936.8,32350.4,6424.9,4787.2,473.1,1216.9,250225.9,198811.4,94510.2,50933.5,124580.5,40496,38414.1,23055.2,22900,22845
341,0.142,0.141,0.14,0.139,0.138,0.137,0.136,0.135,0.134,0.133,0.143,0.144,0.145,0.146,0.147,0.148,0.149,0.15,0.151,0.152,122371.2,353069.8,251631,120472.5,34936.8,32350.4,6424.9,4787.2,473.1,1216.9,252645.6,198811.4,94510.2,50933.5,124580.5,40496,38414.1,23055.2,22900,22845
342,0.142,0.141,0.14,0.139,0.138,0.137,0.136,0.135,0.134,0.133,0.143,0.144,0.145,0.146,0.147,0.148,0.149,0.15,0.151,0.152,121863.1,351848,254218.7,117154.9,34936.8,32350.4,6424.9,4787.2,473.1,1216.9,253048.8,198811.4,94510.2,50933.5,124580.5,40496,38414.1,23055.2,22900,22845
343,0.142,0.141,0.14,0.139,0.138,0.137,0.136,0.135,0.134,0.133,0.143,0.144,0.145,0.146,0.147,0.148,0.149,0.15,0.151,0.152,121604.6,347050.6,257218.7,115496.1,34936.8,32350.4,6424.9,4787.2,473.1,1216.9,258317.3,198811.4,94510.2,50933.5,124580.5,40496,38414.1,23055.2,22900,22845
344,0.142,0.141,0.14,0.139,0.138,0.137,0.136,0.135,0.134,0.133,0.143,0.144,0.145,0.146,0.147,0.148,0.149,0.15,0.151,0.152,121304,353069.1,255555.4,115496.1,34936.8,32350.4,6424.9,4787.2,473.1,1216.9,259833,198811.4,94510.2,50933.5,115218.7,49857.8,38414.1,23055.2,22900,22845
345,0.142,0.141,0.14,0.139,0.138,0.137,0.136,0.135,0.134,0.133,0.143,0.144,0.145,0.146,0.147,0.148,0.149,0.15,0.151,0.152,279219.4,330478.6,193912.7,98196.2,34936.8,32350.4,6424.9,17831.6,473.1,1216.9,261890.1,191902.2,94510.2,50933.5,115218.7,49857.8,38414.1,23055.2,22900,22845
346,0.142,0.141,0.14,0.139,0.138,0.137,0.136,0.135,0.134,0.133,0.143,0.144,0.145,0.146,0.147,0.148,0.149,0.15,0.151,0.152,312908.4,328039,193912.7,98196.2,34936.8,32350.4,6424.9,17831.6,473.1,1216.9,263448.7,191902.2,94510.2,50933.5,115218.7,49857.8,38414.1,23055.2,22900,22845
347,0.142,0.141,0.14,0.139,0.138,0.137,0.136,0.135,0.134,0.133,0.143,0.144,0.145,0.146,0.147,0.148,0.149,0.15,0.151,0.152,337031,329773.6,193912.7,98196.2,34936.8,32350.4,6424.9,17831.6,473.1,1216.9,259695.7,191902.2,94510.2,50933.5,115218.7,49857.8,38414.1,23055.2,22900,22845
348,0.142,0.141,0.14,0.139,0.138,0.137,0.136,0.135,0.134,0.133,0.143,0.144,0.145,0.146,0.147,0.148,0.149,0.15,0.151,0.152,353809.5,334945.7,193912.7,98196.2,34936.8,32350.4,6424.9,17831.6,473.1,1216.9,252161.8,198810.4,94510.2,50933.5,115218.7,49857.8,38414.1,23055.2,22900,22845
349,0.142,0.141,0.14,0.139,0.138,0.137,0.136,0.135,0.134,0.133,0.143,0.144,0.145,0.146,0.147,0.148,0.149,0.15,0.151,0.152,353551.1,334945.3,193912.7,98196.2,34936.8,32350.4,6424.9,17831.6,473.1,1216.9,240941.9,198810.4,94510.2,50933.5,115218.7,49857.8,38414.1,23055.2,22900,22845
350,0.142,0.141,0.14,0.139,0.138,0.137,0.136,0.135,0.134,0.133,0.143,0.144,0.145,0.146,0.147,0.148,0.149,0.15,0.151,0.152,355133,334944.5,193912.7,98196.2,34936.8,32350.4,6424.9,17831.6,473.1,1216.9,240685.4,198810.4,94510.2,50933.5,115218.7,49857.8,38414.1,23055.2,22900,22845
351,0.143,0.142,0.141,0.14,0.139,0.138,0.137,0.136,0.135,0.134,0.144,0.145,0.146,0.147,0.148,0.149,0.15,0.151,0.152,0.153,15791,329950.8,356595.3,172367.5,99726.2,35989.6,36570.9,6424.9,6317.2,473.1,212308.8,228639.2,52463.5,116748.7,61845,39944.1,24585.2,24430,24375,37834
352,0.143,0.142,0.141,0.14,0.139,0.138,0.137,0.136,0.135,0.134,0.144,0.145,0.146,0.147,0.148,0.149,0.15,0.151,0.152,0.153,15791,329691.3,336343.8,169073.7,99726.2,35989.6,36570.9,6424.9,6317.2,473.1,217710.5,220503.3,50884.3,112147.9,46296.3,53688.3,32559,24430,24375,37834
353,0.143,0.142,0.141,0.14,0.139,0.138,0.137,0.136,0.135,0.134,0.144,0.145,0.146,0.147,0.148,0.149,0.15,0.151,0.152,0.153,106426.1,310612.5,316118.5,154382.4,99785.9,35989.6,2620.6,6424.9,6317.2,13517.5,223736.6,229033.3,50884.3,110579.4,47854.2,53688.3,32559,24430,24375,37834
354,0.143,0.142,0.141,0.14,0.139,0.138,0.137,0.136,0.135,0.134,0.144,0.145,0.146,0.147,0.148,0.149,0.15,0.151,0.152,0.153,105765.4,307727.4,327058,151088.6,86741.5,35989.6,15665,6424.9,6317.2,473.1,227065.1,229226.4,50884.3,110579.4,63385.3,43606.3,27109.9,24430,24375,37834
