timestamp,bid_price_0,bid_price_1,bid_price_2,bid_price_3,bid_price_4,bid_price_5,bid_price_6,bid_price_7,bid_price_8,bid_price_9,ask_price_0,ask_price_1,ask_price_2,ask_price_3,ask_price_4,ask_price_5,ask_price_6,ask_price_7,ask_price_8,ask_price_9,bid_size_0,bid_size_1,bid_size_2,bid_size_3,bid_size_4,bid_size_5,bid_size_6,bid_size_7,bid_size_8,bid_size_9,ask_size_0,ask_size_1,ask_size_2,ask_size_3,ask_size_4,ask_size_5,ask_size_6,ask_size_7,ask_size_8,ask_size_9
0,0.145,0.144,0.143,0.142,0.141,0.14,0.139,0.138,0.137,0.136,0.146,0.147,0.148,0.149,0.15,0.151,0.152,0.153,0.154,0.155,102230.6,349490.3,291453.2,99111.3,151753.6,87520.9,43394.9,2762.5,6667,23178.7,220821,211775.7,83112.9,76544.7,67213,46834.6,24328.9,44506,28336,24961.1
1,0.145,0.144,0.143,0.142,0.141,0.14,0.139,0.138,0.137,0.136,0.146,0.147,0.148,0.149,0.15,0.151,0.152,0.153,0.154,0.155,123876.5,346685.2,273670.2,115919.3,136569.3,108139.4,43394.9,17946.8,6667,7994.4,221126.7,211775.7,83112.9,76544.7,67213,46834.6,24328.9,44506,28336,24961.1
2,0.145,0.144,0.143,0.142,0.141,0.14,0.139,0.138,0.137,0.136,0.146,0.147,0.148,0.149,0.15,0.151,0.152,0.153,0.154,0.155,121887.7,349481.9,273866,117543,136569.3,108139.4,43394.9,17946.8,6667,7994.4,221134.2,218565.2,83112.9,76544.7,67213,46834.6,24328.9,44506,28336,24961.1
3,0.145,0.144,0.143,0.142,0.141,0.14,0.139,0.138,0.137,0.136,0.146,0.147,0.148,0.149,0.15,0.151,0.152,0.153,0.154,0.155,123735.7,321847.8,273866.6,117543,136569.3,95282.8,43394.9,17946.8,6667,7994.4,221752.8,218565.2,83112.9,76544.7,67213,46834.6,24328.9,44506,28336,24961.1
4,0.145,0.144,0.143,0.142,0.141,0.14,0.139,0.138,0.137,0.136,0.146,0.147,0.148,0.149,0.15,0.151,0.152,0.153,0.154,0.155,287813.6,221714.3,306633,99111.3,136569.3,74664.3,43394.9,17946.8,6667,7994.4,219463.6,218565.3,83112.9,76544.7,67213,46834.6,24328.9,44506,28336,24961.1
5,0.145,0.144,0.143,0.142,0.141,0.14,0.139,0.138,0.137,0.136,0.146,0.147,0.148,0.149,0.15,0.151,0.152,0.153,0.154,0.155,156609,321764.3,289836.9,100735,151753.6,74664.3,43394.9,2762.5,6667,23178.7,234573.1,218565.3,83112.9,76544.7,67213,46834.6,24328.9,44506,28336,24961.1
6,0.145,0.144,0.143,0.142,0.141,0.14,0.139,0.138,0.137,0.136,0.146,0.147,0.148,0.149,0.15,0.151,0.152,0.153,0.154,0.155,120708.9,321449.8,272253.5,103982.4,151753.6,95282.8,43394.9,2762.5,6667,23178.7,234993.4,218565.3,83112.9,76544.7,67213,46834.6,24328.9,44506,28336,24961.1
7,0.145,0.144,0.143,0.142,0.141,0.14,0.139,0.138,0.137,0.136,0.146,0.147,0.148,0.149,0.15,0.151,0.152,0.153,0.154,0.155,120450.4,321636.1,272253.5,103982.4,151753.6,95282.8,43394.9,2762.5,6667,23178.7,234915.3,211775.7,83112.9,76544.7,67213,46834.6,24328.9,44506,28336,24961.1
8,0.145,0.144,0.143,0.142,0.141,0.14,0.139,0.138,0.137,0.136,0.146,0.147,0.148,0.149,0.15,0.151,0.152,0.153,0.154,0.155,123459.4,321129.1,272888.8,103982.4,151753.6,95282.8,43394.9,2762.5,6667,23178.7,235167.5,218565.4,83112.9,76544.7,67213,46834.6,24328.9,44506,28336,24961.1
9,0.145,0.144,0.143,0.142,0.141,0.14,0.139,0.138,0.137,0.136,0.146,0.147,0.148,0.149,0.15,0.151,0.152,0.153,0.154,0.155,121164.4,321129.1,272254.9,103982.4,151753.6,95354.2,43394.9,2762.5,6667,23178.7,236604,218565.4,83112.9,76544.7,67213,46801.4,24328.9,44506,28336,24961.1
10,0.145,0.144,0.143,0.142,0.141,0.14,0.139,0.138,0.137,0.136,0.146,0.147,0.148,0.149,0.15,0.151,0.152,0.153,0.154,0.155,120906,321129.3,272886.9,103982.4,151753.6,95354.2,43394.9,2762.5,6667,23178.7,236990,218565.4,83112.9,76544.7,67213,46801.4,24328.9,44506,28336,24961.1
11,0.145,0.144,0.143,0.142,0.141,0.14,0.139,0.138,0.137,0.136,0.146,0.147,0.148,0.149,0.15,0.151,0.152,0.153,0.154,0.155,120333,321115.5,272254.9,119166.7,136569.3,95354.2,43394.9,17946.8,6667,7994.4,236735.3,218565.6,83112.9,76544.7,67213,46834.6,24328.9,44506,28336,24961.1
12,0.145,0.144,0.143,0.142,0.141,0.14,0.139,0.138,0.137,0.136,0.146,0.147,0.148,0.149,0.15,0.151,0.152,0.153,0.154,0.155,145492.8,317774.4,275844.3,119166.7,136569.3,95354.2,43394.9,17946.8,6667,7994.4,233538,221365.6,83112.9,76544.7,67213,46834.6,24328.9,44506,28336,24961.1
13,0.145,0.144,0.143,0.142,0.141,0.14,0.139,0.138,0.137,0.136,0.146,0.147,0.148,0.149,0.15,0.151,0.152,0.153,0.154,0.155,119816.1,324817.5,272253.9,119166.7,136569.3,95354.2,43394.9,17946.8,6667,7994.4,228973.9,221365.6,83112.9,76544.7,67213,46834.6,24328.9,44506,28336,24961.1
14,0.145,0.144,0.143,0.142,0.141,0.14,0.139,0.138,0.137,0.136,0.146,0.147,0.148,0.149,0.15,0.151,0.152,0.153,0.154,0.155,118412.8,317263.3,272253.9,119166.7,136569.3,95354.2,43394.9,17946.8,6667,7994.4,233171.9,222934.1,81555,76544.7,67213,46834.6,24328.9,44506,28336,24961.1
15,0.144,0.143,0.142,0.141,0.14,0.139,0.138,0.137,0.136,0.135,0.145,0.146,0.147,0.148,0.149,0.15,0.151,0.152,0.153,0.154,275396,336913.9,123014.1,166723,106176.1,58156.9,2762.5,23174.4,7994.4,6153.1,32900,291305.6,230482.1,70281.8,58178.7,54845.6,32426.1,24294.3,44574.8,28336
16,0.144,0.143,0.142,0.141,0.14,0.139,0.138,0.137,0.136,0.135,0.145,0.146,0.147,0.148,0.149,0.15,0.151,0.152,0.153,0.154,231040.2,349203.5,126780,150215.6,122683.5,58156.9,2762.5,6667,24501.8,6153.1,199423.6,256441.5,121423.8,68723.9,73709.8,47288.3,24452.3,24294.3,44574.8,28336
17,0.144,0.143,0.142,0.141,0.14,0.139,0.138,0.137,0.136,0.135,0.145,0.146,0.147,0.148,0.149,0.15,0.151,0.152,0.153,0.154,244423.7,331487.4,169597.7,151850.8,122683.5,58156.9,2762.5,6667,24501.8,6372.5,212530.4,256313.1,121423.8,68723.9,77372,43626.1,24452.3,24294.3,44574.8,28336
18,0.144,0.143,0.142,0.141,0.14,0.139,0.138,0.137,0.136,0.135,0.145,0.146,0.147,0.148,0.149,0.15,0.151,0.152,0.153,0.154,239546.1,341225.2,169597.7,151850.8,122683.5,58156.9,2762.5,6667,24501.8,6372.5,226643,256313.1,121423.8,68723.9,73709.8,47288.3,24452.3,24294.3,44574.8,28336
19,0.144,0.143,0.142,0.141,0.14,0.139,0.138,0.137,0.136,0.135,0.145,0.146,0.147,0.148,0.149,0.15,0.151,0.152,0.153,0.154,231801.5,348434.7,167974,153486,122683.5,58156.9,2762.5,6667,24501.8,6372.5,207456.4,263150.4,121423.8,68723.9,73709.8,47321.7,24419.1,24294.3,44574.8,28336
20,0.145,0.144,0.143,0.142,0.141,0.14,0.139,0.138,0.137,0.136,0.146,0.147,0.148,0.149,0.15,0.151,0.152,0.153,0.154,0.155,17416,349187.2,306540.9,132672.8,168358.2,106176.1,43394.9,2762.5,6667,7994.4,240613.6,225077.8,73387.2,76039.8,67393.6,47282.7,24294.3,44574.8,28336,24927.2
21,0.145,0.144,0.143,0.142,0.141,0.14,0.139,0.138,0.137,0.136,0.146,0.147,0.148,0.149,0.15,0.151,0.152,0.153,0.154,0.155,17416,347553.4,317529.2,132672.8,166723,106176.1,43394.9,2762.5,6667,7994.4,239482,225097.7,74945.1,76039.8,67393.6,47282.7,24294.3,44574.8,28336,24927.2
22,0.145,0.144,0.143,0.142,0.141,0.14,0.139,0.138,0.137,0.136,0.146,0.147,0.148,0.149,0.15,0.151,0.152,0.153,0.154,0.155,68455,342506.7,315893.8,127801.7,153076.7,106176.1,43394.9,2762.5,6667,7994.4,234537,218307.3,74945.1,76039.8,67393.6,47282.7,24294.3,44574.8,28336,24927.2
23,0.145,0.144,0.143,0.142,0.141,0.14,0.139,0.138,0.137,0.136,0.146,0.147,0.148,0.149,0.15,0.151,0.152,0.153,0.154,0.155,206864.1,353378.2,250186.3,97487.6,136569.3,102065,43394.9,2762.5,6667,7994.4,230170.8,284177.9,73387.2,77587.2,67393.6,47282.7,24294.3,44574.8,28336,24927.2
24,0.145,0.144,0.143,0.142,0.141,0.14,0.139,0.138,0.137,0.136,0.146,0.147,0.148,0.149,0.15,0.151,0.152,0.153,0.154,0.155,207257.7,357782.9,233663,113995,136569.3,85557.6,43394.9,19269.9,6667,7994.4,229941.8,277387.8,73387.2,77587.2,67393.6,47282.7,24294.3,44574.8,28336,24927.2
25,0.145,0.144,0.143,0.142,0.141,0.14,0.139,0.138,0.137,0.136,0.146,0.147,0.148,0.149,0.15,0.151,0.152,0.153,0.154,0.155,220409.1,351460,228619.9,113995,136569.3,85557.6,43394.9,19269.9,6667,7994.4,231520.2,275545.7,73660.8,77587.2,67393.6,47282.7,24294.3,44574.8,28336,24927.2
26,0.145,0.144,0.143,0.142,0.141,0.14,0.139,0.138,0.137,0.136,0.146,0.147,0.148,0.149,0.15,0.151,0.152,0.153,0.154,0.155,220247.9,355441.1,229637.3,113995,136569.3,85557.6,43394.9,19269.9,6667,7994.4,236021.3,275716.4,73660.8,77587.2,67393.6,47282.7,24294.3,44574.8,28336,24927.2
27,0.145,0.144,0.143,0.142,0.141,0.14,0.139,0.138,0.137,0.136,0.146,0.147,0.148,0.149,0.15,0.151,0.152,0.153,0.154,0.155,252177.4,328930,246137.6,97487.6,136569.3,85557.6,43394.9,2762.5,6667,7994.4,78344.7,372335.4,73660.8,77587.2,67393.6,47282.7,24294.3,44574.8,28336,24927.2
28,0.146,0.145,0.144,0.143,0.142,0.141,0.14,0.139,0.138,0.137,0.147,0.148,0.149,0.15,0.151,0.152,0.153,0.154,0.155,0.156,12377.4,373371.5,285102.8,176282.1,97487.6,153112.2,63531.1,43394.9,2836.9,6630.5,345745.5,217451.9,76039.8,67176.8,58535.4,43932.7,44574.8,28336,24290.7,30880.1
29,0.146,0.145,0.144,0.143,0.142,0.141,0.14,0.139,0.138,0.137,0.147,0.148,0.149,0.15,0.151,0.152,0.153,0.154,0.155,0.156,12377.4,358754.6,291136.8,163380.2,97487.6,153112.2,63531.1,43394.9,2836.9,6630.5,345174,216548.7,77587.2,67176.8,58535.4,43932.7,44574.8,28336,24290.7,30880.1
30,0.146,0.145,0.144,0.143,0.142,0.141,0.14,0.139,0.138,0.137,0.147,0.148,0.149,0.15,0.151,0.152,0.153,0.154,0.155,0.156,201804.4,284602.8,202635.7,126911.2,84776.4,115986.3,63531.1,59902.3,2836.9,6630.5,336988.9,221331.4,73578.4,61535.9,39308.9,63126,44608,28336,24290.7,30880.1
31,0.146,0.145,0.144,0.143,0.142,0.141,0.14,0.139,0.138,0.137,0.147,0.148,0.149,0.15,0.151,0.152,0.153,0.154,0.155,0.156,212508.5,378810.3,213101.1,123686.4,84776.4,115986.3,63531.1,59902.3,2836.9,6630.5,320266.6,213526.5,74562.7,67166.9,58502.2,43932.7,44608,28336,24290.7,30880.1
32,0.146,0.145,0.144,0.143,0.142,0.141,0.14,0.139,0.138,0.137,0.147,0.148,0.149,0.15,0.151,0.152,0.153,0.154,0.155,0.156,193794.4,282872.3,301235.4,123686.4,84776.4,115986.3,63531.1,59902.3,2836.9,6630.5,319731.7,223588.5,74562.7,67166.9,58502.2,43932.7,44608,28336,24290.7,30880.1
33,0.146,0.145,0.144,0.143,0.142,0.141,0.14,0.139,0.138,0.137,0.147,0.148,0.149,0.15,0.151,0.152,0.153,0.154,0.155,0.156,82614.6,361160.9,283773,125890.3,84776.4,136464.1,64643.3,59902.3,2836.9,6630.5,320406.7,228619.5,74562.7,67166.9,58502.2,43932.7,44608,28336,24290.7,30880.1
34,0.146,0.145,0.144,0.143,0.142,0.141,0.14,0.139,0.138,0.137,0.147,0.148,0.149,0.15,0.151,0.152,0.153,0.154,0.155,0.156,42409.9,365759.5,297878.5,127502.7,84776.4,136464.1,64643.3,43394.9,2836.9,6630.5,320823.8,236919.8,73015.3,67166.9,58502.2,43932.7,44608,28336,24290.7,30880.1
35,0.146,0.145,0.144,0.143,0.142,0.141,0.14,0.139,0.138,0.137,0.147,0.148,0.149,0.15,0.151,0.152,0.153,0.154,0.155,0.156,79091.8,378903,299844.1,129115.1,84776.4,136464.1,81150.7,43394.9,2836.9,6630.5,323002.7,230331,73015.3,67166.9,58502.2,43932.7,44608,28336,24290.7,30880.1
36,0.146,0.145,0.144,0.143,0.142,0.141,0.14,0.139,0.138,0.137,0.147,0.148,0.149,0.15,0.151,0.152,0.153,0.154,0.155,0.156,78833.3,378903,295580.4,129115.1,84776.4,136464.1,81150.7,43394.9,2836.9,6630.5,323975.9,235362,73015.3,67166.9,58502.2,43965.6,44574.8,28336,24290.7,30880.1
37,0.146,0.145,0.144,0.143,0.142,0.141,0.14,0.139,0.138,0.137,0.147,0.148,0.149,0.15,0.151,0.152,0.153,0.154,0.155,0.156,44229.2,354978.7,284878.2,129115.1,84776.4,136464.1,64643.3,43394.9,2836.9,6630.5,323604.4,220269,74562.7,65629.8,58502.2,43965.6,44574.8,28336,24290.7,30880.1
38,0.146,0.145,0.144,0.143,0.142,0.141,0.14,0.139,0.138,0.137,0.147,0.148,0.149,0.15,0.151,0.152,0.153,0.154,0.155,0.156,8168.8,343409.8,284878.2,129115.1,84776.4,136464.1,64643.3,59902.3,2836.9,6630.5,323673,220269.3,74562.7,64256.9,58502.2,43965.6,44574.8,28336,24290.7,30880.1
39,0.146,0.145,0.144,0.143,0.142,0.141,0.14,0.139,0.138,0.137,0.147,0.148,0.149,0.15,0.151,0.152,0.153,0.154,0.155,0.156,29267.3,351363.1,295400.4,109382.9,104531.2,136464.1,64643.3,43394.9,19382.4,6630.5,321195.1,205171.7,74562.7,64256.9,48285.3,64782.5,44574.8,28336,24290.7,30880.1
40,0.146,0.145,0.144,0.143,0.142,0.141,0.14,0.139,0.138,0.137,0.147,0.148,0.149,0.15,0.151,0.152,0.153,0.154,0.155,0.156,29008.9,356736,297477.7,112607.7,101283.8,136464.1,64643.3,43394.9,19382.4,6630.5,321320.7,206729.6,73015.3,64256.9,67478.6,45589.2,44574.8,28336,24290.7,30880.1
41,0.146,0.145,0.144,0.143,0.142,0.141,0.14,0.139,0.138,0.137,0.147,0.148,0.149,0.15,0.151,0.152,0.153,0.154,0.155,0.156,26130.2,356736,297481.3,127502.7,86400.1,136464.1,81150.7,43394.9,2875,6630.5,316513.7,206729.8,73015.3,64256.9,67478.6,45589.2,44574.8,28336,24290.7,30880.1
42,0.146,0.145,0.144,0.143,0.142,0.141,0.14,0.139,0.138,0.137,0.147,0.148,0.149,0.15,0.151,0.152,0.153,0.154,0.155,0.156,26940.3,356053.7,298495.1,125890.3,88023.8,136464.1,64643.3,43394.9,2875,6630.5,315970.5,206729.8,73015.3,64256.9,67478.6,45589.2,44574.8,28336,24290.7,30880.1
43,0.146,0.145,0.144,0.143,0.142,0.141,0.14,0.139,0.138,0.137,0.147,0.148,0.149,0.15,0.151,0.152,0.153,0.154,0.155,0.156,12019.6,352570.7,265648.2,109382.9,88023.8,152971.5,64643.3,43394.9,2875,6630.5,316010.5,206729.8,73015.3,64256.9,67478.6,45589.2,44574.8,28336,24290.7,30880.1
44,0.145,0.144,0.143,0.142,0.141,0.14,0.139,0.138,0.137,0.136,0.146,0.147,0.148,0.149,0.15,0.151,0.152,0.153,0.154,0.155,296130.4,343693.5,142670,127317.1,136464.1,76936,43394.9,2875,6630.5,7917,28044.6,350334.4,209639.1,71561.5,67360.2,44632.8,24327.2,44574.8,28336,24927.2
45,0.145,0.144,0.143,0.142,0.141,0.14,0.139,0.138,0.137,0.136,0.146,0.147,0.148,0.149,0.15,0.151,0.152,0.153,0.154,0.155,289403.3,343692.7,142670,127317.1,136464.1,76936,43394.9,19382.4,6630.5,7917,29709.9,348765.9,209639.1,71561.5,67360.2,44666,24294.3,44574.8,28336,24927.2
46,0.145,0.144,0.143,0.142,0.141,0.14,0.139,0.138,0.137,0.136,0.146,0.147,0.148,0.149,0.15,0.151,0.152,0.153,0.154,0.155,279330.4,357568.2,139445.2,130564.5,136464.1,76936,43394.9,19382.4,6630.5,7917,150154.7,322990.5,116453,71561.5,67360.2,44666,24294.3,44574.8,28336,24927.2
47,0.145,0.144,0.143,0.142,0.141,0.14,0.139,0.138,0.137,0.136,0.146,0.147,0.148,0.149,0.15,0.151,0.152,0.153,0.154,0.155,284404.1,315090.1,158928.2,132188.2,136464.1,76936,43394.9,19382.4,6630.5,7917,177086.8,325597.4,113846.1,71561.5,67360.2,44666,24294.3,44574.8,28336,24927.2
48,0.145,0.144,0.143,0.142,0.141,0.14,0.139,0.138,0.137,0.136,0.146,0.147,0.148,0.149,0.15,0.151,0.152,0.153,0.154,0.155,268872.2,322019.5,180948.9,133811.9,136464.1,76936,43394.9,19382.4,6630.5,7917,186296.7,316694.8,106863.7,71561.5,67360.2,44666,24294.3,44574.8,28336,24927.2
49,0.145,0.144,0.143,0.142,0.141,0.14,0.139,0.138,0.137,0.136,0.146,0.147,0.148,0.149,0.15,0.151,0.152,0.153,0.154,0.155,198712.2,265351.1,255687.7,103955.6,152971.5,97554.5,43394.9,2875,23137.9,7917,187663.1,317504.3,105305.8,71561.5,67360.2,44666,24294.3,44574.8,28336,24927.2
50,0.145,0.144,0.143,0.142,0.141,0.14,0.139,0.138,0.137,0.136,0.146,0.147,0.148,0.149,0.15,0.151,0.152,0.153,0.154,0.155,230170.7,355345.4,167300.1,102331.9,152971.5,76936,43394.9,2875,23137.9,7917,187103.1,317504.3,105305.8,71561.5,67360.2,44666,24294.3,44574.8,28336,24927.2
51,0.145,0.144,0.143,0.142,0.141,0.14,0.139,0.138,0.137,0.136,0.146,0.147,0.148,0.149,0.15,0.151,0.152,0.153,0.154,0.155,205068,265350.1,257300.1,102331.9,152971.5,76936,43394.9,2875,23137.9,7917,186669.9,317504.3,105305.8,71561.5,67360.2,44666,24294.3,44574.8,28336,24927.2
52,0.145,0.144,0.143,0.142,0.141,0.14,0.139,0.138,0.137,0.136,0.146,0.147,0.148,0.149,0.15,0.151,0.152,0.153,0.154,0.155,79297,356179.8,255687.7,103955.6,152971.5,97554.5,43394.9,2875,23137.9,7917,186344.8,317504.3,105305.8,71561.5,48166.9,63859.3,24294.3,44574.8,28336,24927.2
53,0.145,0.144,0.143,0.142,0.141,0.14,0.139,0.138,0.137,0.136,0.146,0.147,0.148,0.149,0.15,0.151,0.152,0.153,0.154,0.155,79038.6,354105.7,257780.6,103955.6,152971.5,97554.5,43394.9,2875,23137.9,7917,186563.5,317504.3,105305.8,71561.5,67360.2,44666,24294.3,44574.8,28336,24927.2
54,0.145,0.144,0.143,0.142,0.141,0.14,0.139,0.138,0.137,0.136,0.146,0.147,0.148,0.149,0.15,0.151,0.152,0.153,0.154,0.155,100171.9,356439.7,257780.6,103955.6,152971.5,76936,43394.9,2875,23137.9,7917,186968.5,324294.1,105305.8,71561.5,67360.2,44666,24294.3,44574.8,28336,24927.2
55,0.145,0.144,0.143,0.142,0.141,0.14,0.139,0.138,0.137,0.136,0.146,0.147,0.148,0.149,0.15,0.151,0.152,0.153,0.154,0.155,78607.8,350827.4,257780.6,103955.6,152971.5,97554.5,43394.9,2875,23137.9,7917,185581.7,324333.7,105346.6,71561.5,48166.9,63859.3,24294.3,44574.8,28336,24927.2
56,0.145,0.144,0.143,0.142,0.141,0.14,0.139,0.138,0.137,0.136,0.146,0.147,0.148,0.149,0.15,0.151,0.152,0.153,0.154,0.155,71610.3,346669.1,257780.6,103955.6,136464.1,114061.9,43394.9,2875,6630.5,7917,193256.8,326124.1,103556.2,71561.5,67360.2,44666,24294.3,44574.8,28336,24927.2
57,0.145,0.144,0.143,0.142,0.141,0.14,0.139,0.138,0.137,0.136,0.146,0.147,0.148,0.149,0.15,0.151,0.152,0.153,0.154,0.155,71351.8,345907.6,248048.4,103955.6,136464.1,114061.9,43394.9,2875,6630.5,7917,193257.3,315873.7,104895.2,78285.7,67360.2,44666,24294.3,44574.8,28336,24927.2
58,0.145,0.144,0.143,0.142,0.141,0.14,0.139,0.138,0.137,0.136,0.146,0.147,0.148,0.149,0.15,0.151,0.152,0.153,0.154,0.155,79026.4,358407.7,248048.4,103955.6,136464.1,114061.9,43394.9,2875,6630.5,7917,193946.9,315873.7,104895.2,78285.7,67360.2,44666,24294.3,44574.8,28336,24927.2
59,0.145,0.144,0.143,0.142,0.141,0.14,0.139,0.138,0.137,0.136,0.146,0.147,0.148,0.149,0.15,0.151,0.152,0.153,0.154,0.155,68675.2,282939.6,245955.5,103955.6,136464.1,114061.9,43394.9,2875,6630.5,7917,193239.5,296496.7,104854.4,71542.1,67360.2,44666,24294.3,44574.8,28336,24927.2
60,0.144,0.143,0.142,0.141,0.14,0.139,0.138,0.137,0.136,0.135,0.145,0.146,0.147,0.148,0.149,0.15,0.151,0.152,0.153,0.154,306474.6,329817.7,104126.8,149438.5,125566.2,55901.9,2875,6630.5,7917,23097.7,12768.8,184150.7,307938.1,89046,58178.7,54845.6,32426.1,24294.3,44574.8,28336
61,0.144,0.143,0.142,0.141,0.14,0.139,0.138,0.137,0.136,0.135,0.145,0.146,0.147,0.148,0.149,0.15,0.151,0.152,0.153,0.154,319543.7,317712.2,104126.8,151073.7,109058.8,72409.3,2875,6630.5,7917,6590.3,22937.3,217658.3,257934.2,88875.8,77372,43626.1,24452.3,24294.3,44574.8,28336
62,0.145,0.144,0.143,0.142,0.141,0.14,0.139,0.138,0.137,0.136,0.146,0.147,0.148,0.149,0.15,0.151,0.152,0.153,0.154,0.155,26586.6,329025.9,303094.1,105750.5,152936,97590.3,43394.9,2875,6630.5,24424.4,222693.9,268088.4,87488.1,58178.7,53180.2,59545.7,24327.2,44574.8,28336,24927.2
63,0.145,0.144,0.143,0.142,0.141,0.14,0.139,0.138,0.137,0.136,0.146,0.147,0.148,0.149,0.15,0.151,0.152,0.153,0.154,0.155,16533,317631.8,301698.6,104126.8,144927.2,97590.3,43394.9,19382.4,6630.5,7917,217461.2,269300,100094.8,58178.7,69735.9,44077.3,24327.2,37959.5,28336,24927.2
64,0.144,0.143,0.142,0.141,0.14,0.139,0.138,0.137,0.136,0.135,0.145,0.146,0.147,0.148,0.149,0.15,0.151,0.152,0.153,0.154,285018.3,313995.3,104126.8,150750.3,109054.8,70846,2875,6630.5,7917,23097.7,18757,224974.5,274878.6,100094.8,58178.7,57370.3,29833.4,24327.2,37959.5,28972.5
65,0.144,0.143,0.142,0.141,0.14,0.139,0.138,0.137,0.136,0.135,0.145,0.146,0.147,0.148,0.149,0.15,0.151,0.152,0.153,0.154,300694.1,322836.1,103206,165429.2,109054.8,53656.4,2875,6630.5,7917,6590.3,26143.3,241009.8,273290.2,100094.8,58178.7,57370.3,29833.4,24327.2,37993.9,28972.5
66,0.145,0.144,0.143,0.142,0.141,0.14,0.139,0.138,0.137,0.136,0.146,0.147,0.148,0.149,0.15,0.151,0.152,0.153,0.154,0.155,16724.4,308367.1,315232.1,108308.9,152936,97590.3,53656.4,2875,6630.5,24424.4,233202.8,276090.2,100094.8,64487.4,68676.9,43337.5,24327.2,38028.3,28972.5,24222.9
67,0.145,0.144,0.143,0.142,0.141,0.14,0.139,0.138,0.137,0.136,0.146,0.147,0.148,0.149,0.15,0.151,0.152,0.153,0.154,0.155,29780.5,368049.5,307519.2,106685.2,154571.2,97590.3,53656.4,2875,6630.5,24424.4,242602,298182.5,119344.3,84987.5,68676.9,43337.5,24327.2,38028.3,28972.5,24222.9
68,0.144,0.143,0.142,0.141,0.14,0.139,0.138,0.137,0.136,0.135,0.146,0.147,0.148,0.149,0.15,0.151,0.152,0.153,0.154,0.155,359194.6,326058.2,106685.2,149263.5,124504,53656.4,2875,6630.5,7917,23097.7,341449.5,292869,120902.2,104180.8,53881.9,24384.3,24327.2,38028.3,28972.5,24222.9
69,0.144,0.143,0.142,0.141,0.14,0.139,0.138,0.137,0.136,0.135,0.146,0.147,0.148,0.149,0.15,0.151,0.152,0.153,0.154,0.155,378745.9,327282.9,104126.8,151448.3,124504,53656.4,2875,6630.5,7917,23097.7,362511.3,302459.5,120902.2,77802.6,48008.5,39195.2,24327.2,38028.3,28972.5,24222.9
70,0.144,0.143,0.142,0.141,0.14,0.139,0.138,0.137,0.136,0.135,0.145,0.146,0.147,0.148,0.149,0.15,0.151,0.152,0.153,0.154,253974.4,361770.7,148153.9,169590.9,107996.6,53656.4,2875,6630.5,24424.4,6590.3,20011.5,274203.3,301228,119344.3,83680.7,43626.1,24384.3,24327.2,38028.3,28972.5
71,0.144,0.143,0.142,0.141,0.14,0.139,0.138,0.137,0.136,0.135,0.145,0.146,0.147,0.148,0.149,0.15,0.151,0.152,0.153,0.154,240576.7,368304.8,148153.9,153083.5,124504,53656.4,2875,6630.5,7917,6590.3,144501.6,251392.2,208446.1,113008.3,77372,43659.5,24384.3,24294.3,38028.3,28972.5
72,0.144,0.143,0.142,0.141,0.14,0.139,0.138,0.137,0.136,0.135,0.145,0.146,0.147,0.148,0.149,0.15,0.151,0.152,0.153,0.154,238792.6,373405.7,146530.2,154718.7,124504,53656.4,2875,6630.5,7917,23097.7,185637.7,258229.7,190874.3,78478.9,77372,43659.5,24384.3,24294.3,38028.3,28972.5
73,0.144,0.143,0.142,0.141,0.14,0.139,0.138,0.137,0.136,0.135,0.145,0.146,0.147,0.148,0.149,0.15,0.151,0.152,0.153,0.154,234457.6,371816.9,146530.2,154718.7,124504,53656.4,2875,6630.5,7917,22891.3,194969.8,246650.5,190874.3,78478.9,77372,43659.5,24384.3,24294.3,38028.3,28972.5
74,0.144,0.143,0.142,0.141,0.14,0.139,0.138,0.137,0.136,0.135,0.145,0.146,0.147,0.148,0.149,0.15,0.151,0.152,0.153,0.154,255765.6,364024.3,149777.9,151448.3,124504,53656.4,2875,6630.5,24424.4,6350.1,81503.6,340231.2,189305.8,80036.8,77372,43659.5,24384.3,24294.3,38028.3,28972.5
75,0.144,0.143,0.142,0.141,0.14,0.139,0.138,0.137,0.136,0.135,0.145,0.146,0.147,0.148,0.149,0.15,0.151,0.152,0.153,0.154,248224.4,382567.4,149777.9,149813.1,125973.9,53656.4,2875,6630.5,7917,24327.4,55450.2,351166.3,189305.8,80036.8,77372,43659.5,24384.3,24294.3,38028.3,28972.5
76,0.144,0.143,0.142,0.141,0.14,0.139,0.138,0.137,0.136,0.135,0.145,0.146,0.147,0.148,0.149,0.15,0.151,0.152,0.153,0.154,239029.8,384394.7,150118,149813.1,125973.9,53656.4,2875,6630.5,7917,24327.4,169596.1,247100.6,190510.4,83882.8,77372,43659.5,24384.3,24294.3,38028.3,28972.5
77,0.144,0.143,0.142,0.141,0.14,0.139,0.138,0.137,0.136,0.135,0.145,0.146,0.147,0.148,0.149,0.15,0.151,0.152,0.153,0.154,236890.2,384394.7,150118,149813.1,125973.9,53656.4,2875,6630.5,7917,24341.7,180419.5,247100.6,190510.4,83882.8,77372,43659.5,24384.3,24294.3,38028.3,28972.5
78,0.144,0.143,0.142,0.141,0.14,0.139,0.138,0.137,0.136,0.135,0.145,0.146,0.147,0.148,0.149,0.15,0.151,0.152,0.153,0.154,235420.3,384395.7,150118,149813.1,125973.9,53656.4,2875,6630.5,7917,24341.7,180426.1,240263.4,190510.4,83882.8,77372,43659.5,24384.3,24294.3,38028.3,28972.5
79,0.144,0.143,0.142,0.141,0.14,0.139,0.138,0.137,0.136,0.135,0.145,0.146,0.147,0.148,0.149,0.15,0.151,0.152,0.153,0.154,232932.9,384395.6,150118,149813.1,125973.9,53656.4,2875,6630.5,7917,24341.7,194328.2,239129.2,190510.4,83882.8,77372,43626.1,24384.3,24294.3,38028.3,28972.5
80,0.144,0.143,0.142,0.141,0.14,0.139,0.138,0.137,0.136,0.135,0.145,0.146,0.147,0.148,0.149,0.15,0.151,0.152,0.153,0.154,231341.6,384395.7,150118,149813.1,125973.9,53656.4,2875,6630.5,7917,24348.6,201927.1,247100.8,190510.4,83882.8,77372,43659.5,24384.3,24294.3,38028.3,28972.5
81,0.144,0.143,0.142,0.141,0.14,0.139,0.138,0.137,0.136,0.135,0.145,0.146,0.147,0.148,0.149,0.15,0.151,0.152,0.153,0.154,230855.9,384395.9,150118,149813.1,125973.9,53656.4,2875,6630.5,7917,24348.6,201703.5,247100.8,190510.4,83882.8,77372,43659.5,24384.3,24294.3,38028.3,28972.5
82,0.144,0.143,0.142,0.141,0.14,0.139,0.138,0.137,0.136,0.135,0.145,0.146,0.147,0.148,0.149,0.15,0.151,0.152,0.153,0.154,217140.9,353782.8,183380.8,149813.1,125973.9,53656.4,2875,6630.5,7917,24348.6,201804.6,247594,190460.9,83439,77372,43659.5,24384.3,24294.3,38028.3,28972.5
83,0.144,0.143,0.142,0.141,0.14,0.139,0.138,0.137,0.136,0.135,0.145,0.146,0.147,0.148,0.149,0.15,0.151,0.152,0.153,0.154,219340.4,353782.8,185939.8,149813.1,125973.9,53656.4,2875,6630.5,7917,24348.6,202253.4,247594,190460.9,83439,77372,43659.5,24384.3,24294.3,38028.3,28972.5
84,0.144,0.143,0.142,0.141,0.14,0.139,0.138,0.137,0.136,0.135,0.145,0.146,0.147,0.148,0.149,0.15,0.151,0.152,0.153,0.154,219584.3,353965.3,185939.9,149813.1,125973.9,53656.4,2875,6630.5,7917,24348.6,236586.1,247594,190460.9,83439,77372,43659.5,24384.3,24294.3,38028.3,28972.5
85,0.144,0.143,0.142,0.141,0.14,0.139,0.138,0.137,0.136,0.135,0.145,0.146,0.147,0.148,0.149,0.15,0.151,0.152,0.153,0.154,229527.1,335313.3,187563.7,149813.1,125973.9,53656.4,2875,6630.5,7917,24348.6,238541.2,239622.5,190460.9,83439,77372,43659.5,24384.3,24294.3,38028.3,28972.5
86,0.144,0.143,0.142,0.141,0.14,0.139,0.138,0.137,0.136,0.135,0.145,0.146,0.147,0.148,0.149,0.15,0.151,0.152,0.153,0.154,219067.4,354089,187563.7,149813.1,125973.9,53656.4,2875,6630.5,7917,24341.7,238503.1,239622.5,190460.9,83439,77372,43659.5,24384.3,24294.3,38028.3,28972.5
87,0.144,0.143,0.142,0.141,0.14,0.139,0.138,0.137,0.136,0.135,0.145,0.146,0.147,0.148,0.149,0.15,0.151,0.152,0.153,0.154,218895.1,352352.2,187563.7,149813.1,125973.9,53656.4,2875,6630.5,7917,24341.7,238475.4,239622.5,190460.9,83439,77372,43659.5,24384.3,24294.3,38028.3,28972.5
88,0.144,0.143,0.142,0.141,0.14,0.139,0.138,0.137,0.136,0.135,0.145,0.146,0.147,0.148,0.149,0.15,0.151,0.152,0.153,0.154,223123.1,352352.2,187563.7,149813.1,125973.9,53656.4,2875,6630.5,7917,24341.7,238587.6,239622.5,190460.9,83439,77372,43626.1,24384.3,24294.3,38028.3,28972.5
89,0.144,0.143,0.142,0.141,0.14,0.139,0.138,0.137,0.136,0.135,0.145,0.146,0.147,0.148,0.149,0.15,0.151,0.152,0.153,0.154,220612,352352.5,187563.7,149813.1,125973.9,53656.4,2875,6630.5,7917,24334.8,238561,246460.1,190460.9,83439,77372,43659.5,24384.3,24294.3,38028.3,28972.5
90,0.144,0.143,0.142,0.141,0.14,0.139,0.138,0.137,0.136,0.135,0.145,0.146,0.147,0.148,0.149,0.15,0.151,0.152,0.153,0.154,222397.7,383151.4,163747,149813.1,125973.9,53656.4,2875,6630.5,7917,24334.8,238741.8,246460.1,190460.9,83439,77372,43659.5,24384.3,24294.3,38028.3,28972.5
91,0.144,0.143,0.142,0.141,0.14,0.139,0.138,0.137,0.136,0.135,0.145,0.146,0.147,0.148,0.149,0.15,0.151,0.152,0.153,0.154,226952.9,378050.9,163747,149813.1,125973.9,53656.4,2875,6630.5,7917,6357.5,238448.3,246460.1,190460.9,83439,77372,43659.5,24384.3,24294.3,38028.3,28972.5
92,0.144,0.143,0.142,0.141,0.14,0.139,0.138,0.137,0.136,0.135,0.145,0.146,0.147,0.148,0.149,0.15,0.151,0.152,0.153,0.154,231795.1,389644.1,146894.9,149813.1,125973.9,53656.4,2875,6630.5,7917,24334.8,238443.9,239622.5,190460.9,83439,77372,43659.5,24384.3,24294.3,38028.3,28972.5
93,0.144,0.143,0.142,0.141,0.14,0.139,0.138,0.137,0.136,0.135,0.145,0.146,0.147,0.148,0.149,0.15,0.151,0.152,0.153,0.154,221335.3,393007.9,145866.8,149813.1,125973.9,53656.4,2875,6630.5,7917,24334.8,238684,246460.5,190460.9,83439,77372,43659.5,24384.3,24294.3,38028.3,28972.5
94,0.144,0.143,0.142,0.141,0.14,0.139,0.138,0.137,0.136,0.135,0.145,0.146,0.147,0.148,0.149,0.15,0.151,0.152,0.153,0.154,222738.6,393007.9,145866.8,149813.1,125973.9,53656.4,2875,6630.5,7917,24334.8,239142.7,246460.5,190460.9,83439,77372,43659.5,24384.3,24294.3,38028.3,28972.5
95,0.144,0.143,0.142,0.141,0.14,0.139,0.138,0.137,0.136,0.135,0.145,0.146,0.147,0.148,0.149,0.15,0.151,0.152,0.153,0.154,222480.1,399846.7,145866.8,149813.1,125973.9,53656.4,2875,6630.5,7917,24182.6,230259.1,246460.5,190460.9,83439,77372,43659.5,24384.3,24294.3,38028.3,28972.5
96,0.144,0.143,0.142,0.141,0.14,0.139,0.138,0.137,0.136,0.135,0.145,0.146,0.147,0.148,0.149,0.15,0.151,0.152,0.153,0.154,222847.4,399846.9,145866.8,149813.1,125973.9,53656.4,2875,6630.5,7917,24182.6,230546.4,239622.5,190460.9,83439,77372,43659.5,24384.3,24294.3,38028.3,28972.5
97,0.144,0.143,0.142,0.141,0.14,0.139,0.138,0.137,0.136,0.135,0.145,0.146,0.147,0.148,0.149,0.15,0.151,0.152,0.153,0.154,225020.2,399846.9,145866.8,149813.1,125973.9,53656.4,2875,6630.5,7917,24182.6,229842.2,239622.5,190460.9,83439,77372,43626.1,24384.3,24294.3,38028.3,28972.5
98,0.144,0.143,0.142,0.141,0.14,0.139,0.138,0.137,0.136,0.135,0.145,0.146,0.147,0.148,0.149,0.15,0.151,0.152,0.153,0.154,217094,303009.1,235866.8,149813.1,125973.9,53656.4,2875,6630.5,7917,24182.6,229973,239622.5,190460.9,83439,77372,43626.1,24384.3,24294.3,38028.3,28972.5
99,0.144,0.143,0.142,0.141,0.14,0.139,0.138,0.137,0.136,0.135,0.145,0.146,0.147,0.148,0.149,0.15,0.151,0.152,0.153,0.154,69409.4,390608.7,233555.1,154718.7,107996.6,74417.6,20852.3,6630.5,7917,6205.3,235748.6,246460.9,192029.4,81881.1,77372,43659.5,24384.3,24294.3,38028.3,28972.5
100,0.144,0.143,0.142,0.141,0.14,0.139,0.138,0.137,0.136,0.135,0.145,0.146,0.147,0.148,0.149,0.15,0.151,0.152,0.153,0.154,40342,372250.9,258989.2,153083.5,107996.6,74417.6,20852.3,6630.5,7917,6205.3,237006.7,239622.5,192029.4,81881.1,77372,43659.5,24384.3,24294.3,38028.3,28972.5
101,0.144,0.143,0.142,0.141,0.14,0.139,0.138,0.137,0.136,0.135,0.145,0.146,0.147,0.148,0.149,0.15,0.151,0.152,0.153,0.154,62307.4,416699.2,353270.3,153083.5,114374.1,86730.6,20816,6592.1,7992.5,6205.3,245156.7,245990.9,182708.9,82009.7,76134.2,43806,24384.3,24294.3,38028.3,28972.5
102,0.144,0.143,0.142,0.141,0.14,0.139,0.138,0.137,0.136,0.135,0.145,0.146,0.147,0.148,0.149,0.15,0.151,0.152,0.153,0.154,63252.4,409648.5,353270.3,153083.5,107960.8,86730.6,20816,6592.1,7992.5,6205.3,252340.5,244770.9,181140.4,83567.6,76134.2,43806,24384.3,24294.3,38028.3,28972.5
103,0.144,0.143,0.142,0.141,0.14,0.139,0.138,0.137,0.136,0.135,0.145,0.146,0.147,0.148,0.149,0.15,0.151,0.152,0.153,0.154,22895.6,411258.8,351646.6,153083.5,107960.8,86730.6,20816,6592.1,7992.5,6205.3,246189.4,245905.1,182708.9,82009.7,76134.2,43806,24384.3,24294.3,38028.3,28972.5
104,0.144,0.143,0.142,0.141,0.14,0.139,0.138,0.137,0.136,0.135,0.145,0.146,0.147,0.148,0.149,0.15,0.151,0.152,0.153,0.154,23789.8,404322.8,333386.3,151448.3,107960.8,86730.6,20816,6592.1,7992.5,6205.3,246119.2,244770.9,182274.6,83567.6,76134.2,43806,24384.3,24294.3,38028.3,28972.5
105,0.144,0.143,0.142,0.141,0.14,0.139,0.138,0.137,0.136,0.135,0.145,0.146,0.147,0.148,0.149,0.15,0.151,0.152,0.153,0.154,114929.1,395207.3,319474.6,149813.1,107960.8,65969.4,20816,6592.1,7992.5,6205.3,245873.6,245905.4,181140.4,83567.6,76134.2,43806,24384.3,24294.3,38028.3,28972.5
106,0.144,0.143,0.142,0.141,0.14,0.139,0.138,0.137,0.136,0.135,0.145,0.146,0.147,0.148,0.149,0.15,0.151,0.152,0.153,0.154,114670.7,395207.3,318771.7,149813.1,107960.8,65969.4,20816,6592.1,7992.5,6205.3,246077.1,245905.4,181140.4,83567.6,76134.2,43806,24384.3,24294.3,38028.3,28972.5
107,0.144,0.143,0.142,0.141,0.14,0.139,0.138,0.137,0.136,0.135,0.145,0.146,0.147,0.148,0.149,0.15,0.151,0.152,0.153,0.154,114498.3,395416.7,318771.7,149813.1,107960.8,65969.4,20816,6592.1,7992.5,6205.3,245861.7,245905.4,181140.4,83567.6,76134.2,43806,24384.3,24294.3,38028.3,28972.5
108,0.144,0.143,0.142,0.141,0.14,0.139,0.138,0.137,0.136,0.135,0.145,0.146,0.147,0.148,0.149,0.15,0.151,0.152,0.153,0.154,112671.9,400517.6,318771.7,149813.1,107960.8,65969.4,20816,6592.1,7992.5,6205.3,242707.5,239066.5,181140.4,83567.6,76134.2,43806,24384.3,24294.3,38028.3,28972.5
109,0.144,0.143,0.142,0.141,0.14,0.139,0.138,0.137,0.136,0.135,0.145,0.146,0.147,0.148,0.149,0.15,0.151,0.152,0.153,0.154,213445.6,299483.8,318771.7,149813.1,107960.8,65969.4,20816,6592.1,7992.5,6205.3,242767.2,239066.5,181140.4,83567.6,76134.2,43806,24384.3,24294.3,38028.3,28972.5
110,0.144,0.143,0.142,0.141,0.14,0.139,0.138,0.137,0.136,0.135,0.145,0.146,0.147,0.148,0.149,0.15,0.151,0.152,0.153,0.154,218272.9,304584.5,319474.6,149813.1,107960.8,65969.4,20816,6592.1,7992.5,6205.3,242803.7,239066.5,181140.4,83567.6,76134.2,43806,24384.3,24294.3,38028.3,28972.5
111,0.144,0.143,0.142,0.141,0.14,0.139,0.138,0.137,0.136,0.135,0.145,0.146,0.147,0.148,0.149,0.15,0.151,0.152,0.153,0.154,257537.3,324710.4,229474.6,149813.1,107960.8,65969.4,20816,6592.1,7992.5,6205.3,241509.9,244771.6,181140.4,83567.6,76134.2,43806,24384.3,24294.3,38028.3,28972.5
112,0.144,0.143,0.142,0.141,0.14,0.139,0.138,0.137,0.136,0.135,0.145,0.146,0.147,0.148,0.149,0.15,0.151,0.152,0.153,0.154,250439.5,334090.6,226212.3,149813.1,107960.8,65969.4,20816,6592.1,7992.5,6205.3,242737.5,245905.8,175284,76785.7,76134.2,43806,24384.3,24294.3,38028.3,28972.5
113,0.144,0.143,0.142,0.141,0.14,0.139,0.138,0.137,0.136,0.135,0.145,0.146,0.147,0.148,0.149,0.15,0.151,0.152,0.153,0.154,246326.2,331549.2,229474.6,149813.1,107960.8,65969.4,20816,6592.1,7992.5,6205.3,242962.9,245905.8,175284,76785.7,76134.2,43806,24384.3,24294.3,38028.3,28972.5
114,0.144,0.143,0.142,0.141,0.14,0.139,0.138,0.137,0.136,0.135,0.145,0.146,0.147,0.148,0.149,0.15,0.151,0.152,0.153,0.154,252993.4,334090.8,226915.2,149813.1,107960.8,65969.4,20816,6592.1,7992.5,6205.3,242795.6,245906,175284,76785.7,76134.2,43806,24384.3,24294.3,38028.3,28972.5
115,0.144,0.143,0.142,0.141,0.14,0.139,0.138,0.137,0.136,0.135,0.145,0.146,0.147,0.148,0.149,0.15,0.151,0.152,0.153,0.154,252734.9,333064.4,219850.8,149813.1,125938.1,65969.4,2838.7,6592.1,7992.5,6205.3,242788,245906,175284,76785.7,76134.2,43806,24384.3,24294.3,38028.3,28972.5
116,0.144,0.143,0.142,0.141,0.14,0.139,0.138,0.137,0.136,0.135,0.145,0.146,0.147,0.148,0.149,0.15,0.151,0.152,0.153,0.154,235435.8,336571.5,219850.8,149813.1,126938.1,65969.4,2838.7,6592.1,7992.5,6205.3,242983.7,239066.5,175284,76785.7,76134.2,43806,24384.3,24294.3,38028.3,28972.5
117,0.144,0.143,0.142,0.141,0.14,0.139,0.138,0.137,0.136,0.135,0.145,0.146,0.147,0.148,0.149,0.15,0.151,0.152,0.153,0.154,235177.3,346636.4,215900.5,149813.1,126938.1,65969.4,2838.7,6592.1,25969.8,6205.3,242913,239066.5,175284,76785.7,76134.2,43806,24384.3,24294.3,38028.3,28972.5
118,0.144,0.143,0.142,0.141,0.14,0.139,0.138,0.137,0.136,0.135,0.145,0.146,0.147,0.148,0.149,0.15,0.151,0.152,0.153,0.154,240019.4,334304.1,218748,158062.3,126938.1,65969.4,2838.7,6592.1,25969.8,6205.3,242804.1,237092.3,176688.3,83567.6,76134.2,43806,24384.3,24294.3,38028.3,28972.5
119,0.144,0.143,0.142,0.141,0.14,0.139,0.138,0.137,0.136,0.135,0.145,0.146,0.147,0.148,0.149,0.15,0.151,0.152,0.153,0.154,239760.9,337333.2,221995.4,158062.3,126938.1,65969.4,2838.7,6592.1,25969.8,6205.3,242798.4,243932,176688.3,76783.7,76134.2,43806,24384.3,24294.3,38028.3,28336
120,0.144,0.143,0.142,0.141,0.14,0.139,0.138,0.137,0.136,0.135,0.145,0.146,0.147,0.148,0.149,0.15,0.151,0.152,0.153,0.154,234488,342433.4,221995.4,158062.3,126938.1,65969.4,2838.7,6592.1,25969.8,6205.3,242886.5,243932,176688.3,76783.7,76134.2,43806,24384.3,24294.3,38028.3,28336
121,0.144,0.143,0.142,0.141,0.14,0.139,0.138,0.137,0.136,0.135,0.145,0.146,0.147,0.148,0.149,0.15,0.151,0.152,0.153,0.154,270139.7,326514.1,213682.2,158062.3,108960.8,83946.7,2838.7,6592.1,7992.5,6205.3,91639.3,326792.1,176988.5,75225.8,74019.4,47468.2,24384.3,24294.3,38028.3,28336
122,0.144,0.143,0.142,0.141,0.14,0.139,0.138,0.137,0.136,0.135,0.145,0.146,0.147,0.148,0.149,0.15,0.151,0.152,0.153,0.154,254467.2,343036.1,213682.2,158062.3,108960.8,83946.7,2838.7,6592.1,7992.5,6205.3,114078.3,325384.3,149296.5,75225.8,74019.4,47468.2,24384.3,24294.3,38028.3,28336
123,0.144,0.143,0.142,0.141,0.14,0.139,0.138,0.137,0.136,0.135,0.145,0.146,0.147,0.148,0.149,0.15,0.151,0.152,0.153,0.154,258451.7,358612.6,189880,158062.3,126938.1,65969.4,2838.7,6592.1,25969.8,6205.3,115934.3,325384.3,149296.5,75225.8,74019.4,47468.2,24384.3,24294.3,38028.3,28336
