timestamp,bid_price_0,bid_price_1,bid_price_2,bid_price_3,bid_price_4,bid_price_5,bid_price_6,bid_price_7,bid_price_8,bid_price_9,ask_price_0,ask_price_1,ask_price_2,ask_price_3,ask_price_4,ask_price_5,ask_price_6,ask_price_7,ask_price_8,ask_price_9,bid_size_0,bid_size_1,bid_size_2,bid_size_3,bid_size_4,bid_size_5,bid_size_6,bid_size_7,bid_size_8,bid_size_9,ask_size_0,ask_size_1,ask_size_2,ask_size_3,ask_size_4,ask_size_5,ask_size_6,ask_size_7,ask_size_8,ask_size_9
0,0.006728,0.006727,0.006726,0.006725,0.006724,0.006723,0.006722,0.006721,0.00672,0.006719,0.006729,0.00673,0.006731,0.006732,0.006733,0.006734,0.006735,0.006736,0.006737,0.006738,1486.7,1486.9,129447.4,67662.7,166667.6,17912.6,105630.7,406309.6,380298.8,225231.4,22692.8,21911.5,70718.1,140269.8,18738,60999.4,168837,63783.3,163720.3,49471.8
1,0.006726,0.006725,0.006724,0.006723,0.006722,0.006721,0.00672,0.006719,0.006718,0.006717,0.006727,0.006728,0.006729,0.00673,0.006731,0.006732,0.006733,0.006734,0.006735,0.006736,23722.4,151567.5,17912.6,17912.6,67684.2,166735.9,22305.1,109850.8,486402.1,497178.1,9419.6,17911.9,60617.2,133391.4,67611.3,168110.9,19571.4,17910.6,60999.2,205883.1
2,0.006726,0.006725,0.006724,0.006723,0.006722,0.006721,0.00672,0.006719,0.006718,0.006717,0.006727,0.006728,0.006729,0.00673,0.006731,0.006732,0.006733,0.006734,0.006735,0.006736,1487.3,22017.6,129477.9,50728,166705.1,17913.5,22305.1,17913.7,233836.2,846400.4,16425,57082.9,142525.8,21911.5,17911.5,94154.7,325480.2,70222,175247.6,63783.3
3,0.006726,0.006725,0.006724,0.006723,0.006722,0.006721,0.00672,0.006719,0.006718,0.006717,0.006728,0.006729,0.00673,0.006731,0.006732,0.006733,0.006734,0.006735,0.006736,0.006737,22017.5,56559.3,129470.2,50728,204436,17913.5,22305.1,19517.6,135571.2,497178.1,17912.1,129403.4,33333.8,17911.5,60999.9,169746.8,70222,175247.6,95345.4,321057.5
4,0.006729,0.006728,0.006727,0.006726,0.006725,0.006724,0.006723,0.006722,0.006721,0.00672,0.006731,0.006732,0.006733,0.006734,0.006735,0.006736,0.006737,0.006738,0.006739,0.00674,1486.9,22008.6,56547.8,129433.4,17912.4,67668.7,166687.1,17913.5,92048.7,247162.6,58329.5,160911,60657.7,311357.3,460918.6,157978.9,163720.3,17909.7,17909.7,17908.5
5,0.00673,0.006729,0.006728,0.006727,0.006726,0.006725,0.006724,0.006723,0.006722,0.006721,0.006731,0.006732,0.006733,0.006734,0.006735,0.006736,0.006737,0.006738,0.006739,0.00674,31654.8,17911.5,71820,129416.3,17912.1,51232.1,166649,17912.6,17913.5,20324,673.5,17911.1,95051.5,334569.7,460891.7,415284.9,163720.3,175215.7,240557,175214.5
6,0.006731,0.00673,0.006729,0.006728,0.006727,0.006726,0.006725,0.006724,0.006723,0.006722,0.006732,0.006733,0.006734,0.006735,0.006736,0.006737,0.006738,0.006739,0.00674,0.006741,74301.7,92218.6,29592.6,17911.8,49045.4,166612.7,1487.4,18746,17912.6,78877.7,17911.7,1486.7,25338.9,310213.5,87196.5,304052.6,176049.1,119511.9,332185.8,17908.5
7,0.006728,0.006727,0.006726,0.006725,0.006724,0.006723,0.006722,0.006721,0.00672,0.006719,0.006729,0.00673,0.006731,0.006732,0.006733,0.006734,0.006735,0.006736,0.006737,0.006738,23722.4,66440.8,140975.2,17912.4,67668.2,166685.5,17913.5,17913.5,25512.4,218008.5,17911.6,17911.6,129363.8,17911.1,389175.4,331270.7,200428,375678.4,155567.4,275292.8
8,0.00673,0.006729,0.006728,0.006727,0.006726,0.006725,0.006724,0.006723,0.006722,0.006721,0.006731,0.006732,0.006733,0.006734,0.006735,0.006736,0.006737,0.006738,0.006739,0.00674,1486.5,18983.8,29547,67644.5,166608.6,17912.4,68139.2,168263.3,125058.7,386984.1,16425,129349.2,17911.7,25338.9,347346.7,458426.5,314778.9,118743.1,175550,17908.5
9,0.00673,0.006729,0.006728,0.006727,0.006726,0.006725,0.006724,0.006723,0.006722,0.006721,0.006732,0.006733,0.006734,0.006735,0.006736,0.006737,0.006738,0.006739,0.00674,0.006741,1486.2,17911.8,141033.7,75680.9,166605,20311.5,17912.6,17912.6,17913.5,91449.5,16425,21593.8,129321.9,198825.5,458426.5,446919.4,119490,160779.6,17908.5,241316.5
10,0.006728,0.006727,0.006726,0.006725,0.006724,0.006723,0.006722,0.006721,0.00672,0.006719,0.006729,0.00673,0.006731,0.006732,0.006733,0.006734,0.006735,0.006736,0.006737,0.006738,9187.9,17911.8,141008.6,17912.4,17912.6,68150.1,168299.9,18746.9,23105.1,186602.8,16425,17911.6,129364.3,17911.2,235799.8,17911.8,198825.5,519640.1,311856.5,117909.7
11,0.006728,0.006727,0.006726,0.006725,0.006724,0.006723,0.006722,0.006721,0.00672,0.006719,0.006729,0.00673,0.006731,0.006732,0.006733,0.006734,0.006735,0.006736,0.006737,0.006738,17911.7,56551.9,129447.5,17912.4,84268.1,167507.9,19514.6,17913.5,23105.1,186602.8,16425,17911.6,29521.6,129347.6,87237.2,17911.8,347343.9,389139.7,427027.9,119508.4
12,0.006727,0.006726,0.006725,0.006724,0.006723,0.006722,0.006721,0.00672,0.006719,0.006718,0.006728,0.006729,0.00673,0.006731,0.006732,0.006733,0.006734,0.006735,0.006736,0.006737,1486.8,56556.1,129460.8,72536.1,167517.1,19506.2,17913.5,23105.1,254382.2,777785.9,16425,17911.8,73713.1,128932,49473.3,129332.9,17911.8,198825.5,455819.4,157145.7
13,0.006725,0.006724,0.006723,0.006722,0.006721,0.00672,0.006719,0.006718,0.006717,0.006716,0.006726,0.006727,0.006728,0.006729,0.00673,0.006731,0.006732,0.006733,0.006734,0.006735,1487.4,17912.6,56572.6,129514.2,69239,171944.8,79738.6,199067.4,84816.6,113478.3,17175,60705.7,143361.9,17911.7,67486.7,166081.6,17911.2,17911.8,17911.8,200415.6
14,0.006715,0.006714,0.006713,0.006712,0.006711,0.00671,0.006709,0.006708,0.006707,0.006706,0.006716,0.006717,0.006718,0.006719,0.00672,0.006721,0.006722,0.006723,0.006724,0.006725,1489.8,17914.8,17915.3,57768.3,184825.7,171908.7,20352.8,17916.4,111909.3,584131.9,20549.4,49476.5,141367.5,17913.7,67689.9,166754.4,17913.1,19495.2,87343.3,149784.5
15,0.006713,0.006712,0.006711,0.00671,0.006709,0.006708,0.006707,0.006706,0.006705,0.006704,0.006714,0.006715,0.006716,0.006717,0.006718,0.006719,0.00672,0.006721,0.006722,0.006723,1490.3,1490.3,17915.4,61567.7,179572.5,167019,20321.4,137244,302776,87390.1,16425,49477.1,141504.9,17914.4,56589.7,129565.5,17913.7,19501.8,17913.1,18746.5
16,0.006707,0.006706,0.006705,0.006704,0.006703,0.006702,0.006701,0.0067,0.006699,0.006698,0.006708,0.006709,0.00671,0.006711,0.006712,0.006713,0.006714,0.006715,0.006716,0.006717,1491.4,17916.6,17917,56668.9,179963.1,227996,202680.9,131081.3,447848.5,306067.1,16425,60220.4,141725.1,17915.5,49477.6,166931.9,17915,17915,200958.7,19492.4
17,0.006708,0.006707,0.006706,0.006705,0.006704,0.006703,0.006702,0.006701,0.0067,0.006699,0.00671,0.006711,0.006712,0.006713,0.006714,0.006715,0.006716,0.006717,0.006718,0.006719,75096.6,214786.1,17916.6,17917,69116.3,168729.9,17917.5,17917.7,131081.3,498689,1490.5,33052.6,141951,17915,67729.4,166882.5,200958.7,162660,256029.1,242803
18,0.006708,0.006707,0.006706,0.006705,0.006704,0.006703,0.006702,0.006701,0.0067,0.006699,0.00671,0.006711,0.006712,0.006713,0.006714,0.006715,0.006716,0.006717,0.006718,0.006719,85817.1,129766.8,17916.6,72912.3,167941.2,17917.3,17917.5,186408.1,782481.4,646465.1,17915.5,60326.4,142079.9,17915,94638.4,166882.5,200958.7,162660,382484.2,342831.4
19,0.006708,0.006707,0.006706,0.006705,0.006704,0.006703,0.006702,0.006701,0.0067,0.006699,0.00671,0.006711,0.006712,0.006713,0.006714,0.006715,0.006716,0.006717,0.006718,0.006719,17916,56656.9,129784.1,17917,69114.3,168723.4,17917.5,17917.7,212072.7,770431,17915.5,49477.6,142264.3,67737,166908,17915,200958.7,164262.2,383317.6,341228.2
20,0.006718,0.006717,0.006716,0.006715,0.006714,0.006713,0.006712,0.006711,0.00671,0.006709,0.00672,0.006721,0.006722,0.006723,0.006724,0.006725,0.006726,0.006727,0.006728,0.006729,161030.7,141275.3,75488.2,18748,217403.2,17915,17915.3,17915.4,22847.2,90019.3,1488.7,1488.1,17913.1,101410.2,166666.1,201434.3,244165.2,166611,225356,119493.7
21,0.00672,0.006719,0.006718,0.006717,0.006716,0.006715,0.006714,0.006713,0.006712,0.006711,0.006721,0.006722,0.006723,0.006724,0.006725,0.006726,0.006727,0.006728,0.006729,0.00673,41760.6,199263.1,34258.5,67711.1,166823.7,20325.1,17914.8,17915,17915.3,137929.4,1488.3,1488.3,69376.4,126130,49474.7,166632.2,164983.8,408776.4,244130.9,17911.3
22,0.00672,0.006719,0.006718,0.006717,0.006716,0.006715,0.006714,0.006713,0.006712,0.006711,0.006722,0.006723,0.006724,0.006725,0.006726,0.006727,0.006728,0.006729,0.00673,0.006731,15982.9,17913.7,56844.3,129586.8,82204.2,169280.2,17914.8,17915,17915.3,137929.4,56565.9,129489.5,14570.8,67650,166624.3,164228.4,555092.6,245712.4,18744.7,532766.7
23,0.006728,0.006727,0.006726,0.006725,0.006724,0.006723,0.006722,0.006721,0.00672,0.006719,0.006729,0.00673,0.006731,0.006732,0.006733,0.006734,0.006735,0.006736,0.006737,0.006738,120991.2,129413.5,68080.2,131859.6,17912.6,17912.8,17913.1,17913.3,94710.2,241188.9,1486.7,1486.3,17465.2,49473.3,179219.1,201641.4,466821.4,354662.3,17909.7,117909.7
24,0.006729,0.006728,0.006727,0.006726,0.006725,0.006724,0.006723,0.006722,0.006721,0.00672,0.00673,0.006731,0.006732,0.006733,0.006734,0.006735,0.006736,0.006737,0.006738,0.006739,16425,17911.9,71421.2,129434.5,67656.6,166647.2,20316.4,17913.1,17913.3,94710.2,1486.5,129353.8,17911.2,67808.5,232621.8,392553.6,354662.3,19483.8,118743.1,388609
25,0.006732,0.006731,0.00673,0.006729,0.006728,0.006727,0.006726,0.006725,0.006724,0.006723,0.006733,0.006734,0.006735,0.006736,0.006737,0.006738,0.006739,0.00674,0.006741,0.006742,1485.8,1486.1,68289.2,130907.7,17911.9,68475.8,166602,19488.6,17912.6,69474.7,23722.4,17910.5,129291.3,17910.4,201709.8,166362.6,17909.7,568982.6,19515.8,162726.9
26,0.006738,0.006737,0.006736,0.006735,0.006734,0.006733,0.006732,0.006731,0.00673,0.006729,0.006739,0.00674,0.006741,0.006742,0.006743,0.006744,0.006745,0.006746,0.006747,0.006748,24357.4,129248.3,28833.3,67586.6,166420.1,20327.7,17910.8,1486.1,149052.6,535314.8,1484.7,1483.5,17908.5,129181.6,916437,17908.5,165794.7,17908,103092.4,18740.8
27,0.006749,0.006748,0.006747,0.006746,0.006745,0.006744,0.006743,0.006742,0.006741,0.00674,0.00675,0.006751,0.006752,0.006753,0.006754,0.006755,0.006756,0.006757,0.006758,0.006759,31654.8,59589.7,139639,56449.4,129117.6,17908.2,20311.5,17908.6,17908.9,93134.3,1482.4,1481,494167.5,128985.4,311333.7,165973.3,117905.8,19514.9,294764.4,239912
28,0.006755,0.006754,0.006753,0.006752,0.006751,0.00675,0.006749,0.006748,0.006747,0.006746,0.006756,0.006757,0.006758,0.006759,0.00676,0.006761,0.006762,0.006763,0.006764,0.006765,1481,1481,28217,128999.3,17906.9,73008.4,166928,17907.5,19490,119494.7,39166.6,17920.2,312627.7,17920.2,312658.9,165869.3,17920.2,454473.4,159042.9,117920.6
29,0.006754,0.006753,0.006752,0.006751,0.00675,0.006749,0.006748,0.006747,0.006746,0.006745,0.006755,0.006756,0.006757,0.006758,0.006759,0.00676,0.006761,0.006762,0.006763,0.006764,127486.9,17906.9,27958.9,101354.7,171696.4,19517.4,17907.5,17907.5,17907.8,89651.3,730.8,1480.8,156415.8,201625.9,257674,312658.9,17920.2,146693.4,601542.3,313978.1
30,0.006765,0.006764,0.006763,0.006762,0.006761,0.00676,0.006759,0.006758,0.006757,0.006756,0.006767,0.006768,0.006769,0.00677,0.006771,0.006772,0.006773,0.006774,0.006775,0.006776,17601.7,128797.9,27563.1,67404.5,165829.1,23540.3,19499.4,17905.1,17905.6,85041.3,17903.2,19765.2,17902.7,128706.5,17902.5,165611.1,1493.8,17918.6,355533.6,88450.4
31,0.006768,0.006767,0.006766,0.006765,0.006764,0.006763,0.006762,0.006761,0.00676,0.006759,0.006769,0.00677,0.006771,0.006772,0.006773,0.006774,0.006775,0.006776,0.006777,0.006778,17902.9,128751.7,17903.6,67079.1,164742,17904.5,18737.9,17904.5,147911.7,275045.4,16425,34389.7,1477.5,17919.3,128682.3,17918.6,353920.7,235226.2,229843.9,372568.2
32,0.00677,0.006769,0.006768,0.006767,0.006766,0.006765,0.006764,0.006763,0.006762,0.006761,0.006772,0.006773,0.006774,0.006775,0.006776,0.006777,0.006778,0.006779,0.00678,0.006781,1477.6,17902.7,76848.7,128736.6,67376.4,165738.1,17712.9,91057.9,239762,54532.5,27011.6,166851.4,17902.3,10149.7,18657.1,165513,244459.2,242125.1,19804.4,117917
33,0.006767,0.006766,0.006765,0.006764,0.006763,0.006762,0.006761,0.00676,0.006759,0.006758,0.006768,0.006769,0.00677,0.006771,0.006772,0.006773,0.006774,0.006775,0.006776,0.006777,25835.6,59138.1,138139.1,16879.5,67398.8,165810.1,19495.6,23540.3,89506.4,239870.9,22279,17903.2,17902.5,128690.1,17902.4,17902.1,165565.7,137536.1,20261.8,18751.3
34,0.006766,0.006765,0.006764,0.006763,0.006762,0.006761,0.00676,0.006759,0.006758,0.006757,0.006767,0.006768,0.006769,0.00677,0.006771,0.006772,0.006773,0.006774,0.006775,0.006776,9357.4,128779,25911.7,17904.5,68234.5,167408.4,22706.9,17904.9,89523,239925.8,1478.4,1478.2,17903.2,128702.6,17902.5,17902.4,165582.6,169802.4,139142.4,18657.1
35,0.006769,0.006768,0.006767,0.006766,0.006765,0.006764,0.006763,0.006762,0.006761,0.00676,0.00677,0.006771,0.006772,0.006773,0.006774,0.006775,0.006776,0.006777,0.006778,0.006779,1477.7,1478.2,56662.9,112865.9,17903.6,16879.5,18737.9,19498,90925.7,244627.3,32874,17902.5,17902.4,17902.1,17902.3,157779.1,18657.1,19511.4,243708.7,84510.4
36,0.006771,0.00677,0.006769,0.006768,0.006767,0.006766,0.006765,0.006764,0.006763,0.006762,0.006772,0.006773,0.006774,0.006775,0.006776,0.006777,0.006778,0.006779,0.00678,0.006781,17902.3,124695.3,26473.3,67361.5,165689.4,4436.7,17903.6,16879.5,17904.5,125450,7125,22345.5,17902.7,15644.4,129361.6,17917.9,242875.3,375807.2,162417.8,340782.4
37,0.006771,0.00677,0.006769,0.006768,0.006767,0.006766,0.006765,0.006764,0.006763,0.006762,0.006772,0.006773,0.006774,0.006775,0.006776,0.006777,0.006778,0.006779,0.00678,0.006781,23722.4,128697.6,10095.6,17903.2,63928.2,151395.7,17903.6,16879.5,89472.2,347303.4,1477.1,1477.1,17902.7,23397,129374.7,165508,382543.1,84510.4,161060.3,286832.8
38,0.006773,0.006772,0.006771,0.00677,0.006769,0.006768,0.006767,0.006766,0.006765,0.006764,0.006774,0.006775,0.006776,0.006777,0.006778,0.006779,0.00678,0.006781,0.006782,0.006783,1477.1,17902.1,17902.3,167140.9,1477.5,17903.2,166534,3593.3,17903.6,16879.5,31329.5,20241.6,127891.1,17917.9,17917.7,232067,19804.4,17917,20346.8,17916.6
39,0.006767,0.006766,0.006765,0.006764,0.006763,0.006762,0.006761,0.00676,0.006759,0.006758,0.006769,0.00677,0.006771,0.006772,0.006773,0.006774,0.006775,0.006776,0.006777,0.006778,17903.2,112867.1,26827.7,66367.1,165787.7,20305.8,100412.6,207446.4,17904.9,216148.4,17902.9,17902.7,128686.7,1476.8,17901.8,17901.8,165536.7,147206.6,19526,18751.1
40,0.006766,0.006765,0.006764,0.006763,0.006762,0.006761,0.00676,0.006759,0.006758,0.006757,0.006767,0.006768,0.006769,0.00677,0.006771,0.006772,0.006773,0.006774,0.006775,0.006776,9410.8,17903.6,74027.3,128803.2,67403.5,165825.7,23540.3,17904.9,217760.6,722247.7,31050,17606.1,128725.1,17902.7,17901.8,149176.2,19501.8,18735.2,172970,147206.6
41,0.006763,0.006762,0.006761,0.00676,0.006759,0.006758,0.006757,0.006756,0.006755,0.006754,0.006764,0.006765,0.006766,0.006767,0.006768,0.006769,0.00677,0.006771,0.006772,0.006773,1479.5,50143.2,128841.3,22706.9,67423.7,165892.1,17905.6,20320.5,17905.8,145957.2,31050,20153.8,128770.4,17903.4,15752.1,17902.9,165636.4,19473.1,2310.2,170491.2
42,0.00676,0.006759,0.006758,0.006757,0.006756,0.006755,0.006754,0.006753,0.006752,0.006751,0.006761,0.006762,0.006763,0.006764,0.006765,0.006766,0.006767,0.006768,0.006769,0.00677,1479.9,17904.9,56385.9,128913.9,17905.6,68172.6,168397.9,17906.9,156778.4,599334.9,26908.5,17904,138450.3,203643.9,600229.4,128770.4,19473.9,16585.5,17902.9,170541.5
43,0.006755,0.006754,0.006753,0.006752,0.006751,0.00675,0.006749,0.006748,0.006747,0.006746,0.006756,0.006757,0.006758,0.006759,0.00676,0.006761,0.006762,0.006763,0.006764,0.006765,1480.8,17905.8,128983.8,17906.9,69160.2,170869.5,19488.7,70157.4,203899.3,362653.6,38982.4,17905.6,29389.1,128886.1,19385,12409.2,167421.7,17904,204477.3,600229.4
44,0.006752,0.006751,0.00675,0.006749,0.006748,0.006747,0.006746,0.006745,0.006744,0.006743,0.006753,0.006754,0.006755,0.006756,0.006757,0.006758,0.006759,0.00676,0.006761,0.006762,16425,56421.5,129027.1,17907.1,67498.1,166966.1,128216.8,368710.9,17908.2,190530.8,5530.7,17905.8,28361.9,128936.4,17905.6,165913.1,17905.1,19385,14823,17904
45,0.006751,0.00675,0.006749,0.006748,0.006747,0.006746,0.006745,0.006744,0.006743,0.006742,0.006752,0.006753,0.006754,0.006755,0.006756,0.006757,0.006758,0.006759,0.00676,0.006761,1481.9,1481.9,17907.1,129053.2,17907.5,17907.8,168596,17908.2,17908.4,603835.5,31050,17906.4,139850.9,17905.8,17905.8,165936.7,17905.3,20318.9,19385,12409.2
46,0.006747,0.006746,0.006745,0.006744,0.006743,0.006742,0.006741,0.00674,0.006739,0.006738,0.006748,0.006749,0.00675,0.006751,0.006752,0.006753,0.006754,0.006755,0.006756,0.006757,17907.5,17907.8,56453.9,17908.2,67533.1,166247,20326.6,48520.7,107106.8,557511.2,31050,17906.9,146567.7,17906.9,17906.7,166027,19493.7,17905.8,18739.2,303289.8
47,0.006735,0.006734,0.006733,0.006732,0.006731,0.00673,0.006729,0.006728,0.006727,0.006726,0.006736,0.006737,0.006738,0.006739,0.00674,0.006741,0.006742,0.006743,0.006744,0.006745,23722.4,17910.8,56516.3,129331.5,17911.1,71622.6,166536.5,20322.4,17911.7,79151,17910.3,19410,140605.7,55125.4,205087.3,166277.4,17908.4,19485.5,18741.8,17908.2
48,0.00673,0.006729,0.006728,0.006727,0.006726,0.006725,0.006724,0.006723,0.006722,0.006721,0.006731,0.006732,0.006733,0.006734,0.006735,0.006736,0.006737,0.006738,0.006739,0.00674,1486.5,17911.5,17911.9,17911.7,17912.2,17912.4,18746,54702.1,211743.9,365686.8,31654.7,55127.6,143004.6,17910.5,47933.8,166402.5,17909.4,19505.3,18742.8,11834.6
49,0.006724,0.006723,0.006722,0.006721,0.00672,0.006719,0.006718,0.006717,0.006716,0.006715,0.006727,0.006728,0.006729,0.00673,0.006731,0.006732,0.006733,0.006734,0.006735,0.006736,71756.1,235269.9,44571.8,13878.9,58668.4,167587.4,17913.9,18766.6,198588.8,656780.3,1486.7,1486.7,140547.1,238229.9,166030.8,17910.6,17910.6,55127.5,241559.3,17910.2
50,0.006725,0.006724,0.006723,0.006722,0.006721,0.00672,0.006719,0.006718,0.006717,0.006716,0.006726,0.006727,0.006728,0.006729,0.00673,0.006731,0.006732,0.006733,0.006734,0.006735,1487.2,56563.4,129485.2,17912.1,17912.1,72160.9,168333.8,18747.3,18766.6,138170.3,16425,17912.2,28997.3,129401.3,38703.4,166047.9,66371.8,206986.5,19478.4,116371.7
51,0.006721,0.00672,0.006719,0.006718,0.006717,0.006716,0.006715,0.006714,0.006713,0.006712,0.006722,0.006723,0.006724,0.006725,0.006726,0.006727,0.006728,0.006729,0.00673,0.006731,1487.1,1488.3,56590.3,129569.9,18766.6,17914.4,68203.3,168471.3,144325.1,407851,24357.4,129488,28806.6,49474.5,129447.6,18745.6,17912.1,85376.1,226011.3,17439.4
52,0.006715,0.006714,0.006713,0.006712,0.006711,0.00671,0.006709,0.006708,0.006707,0.006706,0.006716,0.006717,0.006718,0.006719,0.00672,0.006721,0.006722,0.006723,0.006724,0.006725,1489.6,40188.1,129642.5,17915.3,69422.5,218972.9,179906,320611.7,561084.1,395721.5,24357.4,55131.2,140559,17913.9,17913.7,49475.6,208621.3,604199.1,19506.6,148031.2
53,0.006716,0.006715,0.006714,0.006713,0.006712,0.006711,0.00671,0.006709,0.006708,0.006707,0.006717,0.006718,0.006719,0.00672,0.006721,0.006722,0.006723,0.006724,0.006725,0.006726,60835.3,135764.3,17914.8,17915,69354.1,166929.4,69168.7,117916,17916,151596.4,1489.2,1489.2,29002.7,129538.9,17913.5,97036.9,532361.8,166665.8,18745.8,90540.8
54,0.006718,0.006717,0.006716,0.006715,0.006714,0.006713,0.006712,0.006711,0.00671,0.006709,0.00672,0.006721,0.006722,0.006723,0.006724,0.006725,0.006726,0.006727,0.006728,0.006729,17913.9,92362.5,92371.2,17914.6,67731.5,166890.1,17915.3,19511.6,68335.3,190849.3,30920.5,17913.5,140417.7,55130.1,167502.5,17912.4,19493.4,17912.2,49474.2,416421.5
55,0.006717,0.006716,0.006715,0.006714,0.006713,0.006712,0.006711,0.00671,0.006709,0.006708,0.006718,0.006719,0.00672,0.006721,0.006722,0.006723,0.006724,0.006725,0.006726,0.006727,1489.4,117845.5,129606.1,17914.8,67740.8,166920.7,19491.4,68335.3,118749.4,90022.7,24357.4,61191.8,140448.5,17913.5,50615.6,167529.6,17912.8,56716.7,147802.1,17912.2
56,0.006718,0.006717,0.006716,0.006715,0.006714,0.006713,0.006712,0.006711,0.00671,0.006709,0.006719,0.00672,0.006721,0.006722,0.006723,0.006724,0.006725,0.006726,0.006727,0.006728,90863,92363.3,17914.4,17914.6,68209.2,168490.6,17915.3,18748.8,117927.5,341529.7,1488.9,17913.7,66134.7,129507.4,70371.2,166674.3,18745.8,147466.5,19491.6,17912.1
57,0.00672,0.006719,0.006718,0.006717,0.006716,0.006715,0.006714,0.006713,0.006712,0.006711,0.006721,0.006722,0.006723,0.006724,0.006725,0.006726,0.006727,0.006728,0.006729,0.00673,17913.5,131007.9,129555.6,17914.2,17914.4,168459.2,17914.8,29512,241427.9,17915.4,25845.9,17913.1,71383.5,129476.9,129458.1,17912.4,17912.2,49474.2,318848.4,314308.7
58,0.00672,0.006719,0.006718,0.006717,0.006716,0.006715,0.006714,0.006713,0.006712,0.006711,0.006721,0.006722,0.006723,0.006724,0.006725,0.006726,0.006727,0.006728,0.006729,0.00673,74415.9,91872.5,17913.9,17914.2,68188.2,168421.3,17914.8,18748.4,89990.6,241458.3,1075.5,1488.1,28605.6,129473.7,17912.4,55129.4,166598.3,50307.6,318005.3,167773.5
59,0.006719,0.006718,0.006717,0.006716,0.006715,0.006714,0.006713,0.006712,0.006711,0.00671,0.00672,0.006721,0.006722,0.006723,0.006724,0.006725,0.006726,0.006727,0.006728,0.006729,1488.6,1488.9,61416.3,129601.8,67725.5,168472.2,17915,89990.6,242291.7,57113.5,31654.8,17913.5,140338.2,56560.6,129472.3,17912.4,18745.8,50614.7,197378.7,316421.5
60,0.006715,0.006714,0.006713,0.006712,0.006711,0.00671,0.006709,0.006708,0.006707,0.006706,0.006716,0.006717,0.006718,0.006719,0.00672,0.006721,0.006722,0.006723,0.006724,0.006725,16425,56616.5,129654.3,17915.3,54545.9,172562.2,17916,17916,18749.7,79964.9,1489.6,20893.4,29037.7,166772.7,208143.4,50616,167538.8,17913.1,51072.7,240995.6
61,0.006712,0.006711,0.00671,0.006709,0.006708,0.006707,0.006706,0.006705,0.006704,0.006703,0.006714,0.006715,0.006716,0.006717,0.006718,0.006719,0.00672,0.006721,0.006722,0.006723,16425,75010.2,191271.2,17915.9,69347.5,167028,17916.6,18750.4,17917,138962.4,17915,17914.8,140909.6,70930.2,166794,55130.7,208976.8,17913.5,242712.4,17913.1
62,0.006709,0.006708,0.006707,0.006706,0.006705,0.006704,0.006703,0.006702,0.006701,0.0067,0.00671,0.006711,0.006712,0.006713,0.006714,0.006715,0.006716,0.006717,0.006718,0.006719,17915.9,56647.3,129753.1,17916.6,67795.4,167096.8,81696.4,276232.2,349073,461391.6,27339.4,17915.7,75455.8,129659.3,17915,50617.3,167682,20893.4,19480.7,55130.7
63,0.006701,0.0067,0.006699,0.006698,0.006697,0.006696,0.006695,0.006694,0.006693,0.006692,0.006703,0.006704,0.006705,0.006706,0.006707,0.006708,0.006709,0.00671,0.006711,0.006712,17917.6,56689.4,129886.7,17901.6,67825.8,167249.7,19490.2,18735.9,80276.7,381228.2,16853.1,17916.8,125031,67781.5,167050.9,17916.2,74379.6,215642.2,150558.4,241437.8
64,0.006704,0.006703,0.006702,0.006701,0.0067,0.006699,0.006698,0.006697,0.006696,0.006695,0.006705,0.006706,0.006707,0.006708,0.006709,0.00671,0.006711,0.006712,0.006713,0.006714,1492.6,1492.6,56679.4,129855.2,21918.2,69439.4,167212.7,19514.5,18735.2,57431.6,16425,129775.4,29830.5,17916.2,105941.7,433598.1,236643.6,18748.7,17915.3,317621.9
65,0.006697,0.006696,0.006695,0.006694,0.006693,0.006692,0.006691,0.00669,0.006689,0.006688,0.0067,0.006701,0.006702,0.006703,0.006704,0.006705,0.006706,0.006707,0.006708,0.006709,50932.7,56689.1,129940.8,17902.5,67854,167340.9,20335.6,103706.1,319505.8,460298.3,16425,60316.8,142040,1492.4,55134.4,167089.2,17916.8,20328.4,49478.3,184555.4
66,0.006701,0.0067,0.006699,0.006698,0.006697,0.006696,0.006695,0.006694,0.006693,0.006692,0.006702,0.006703,0.006704,0.006705,0.006706,0.006707,0.006708,0.006709,0.00671,0.006711,16425,58130.3,189751.1,56698.9,129918,17901.8,19484.3,17902.5,18736.1,17902.9,1492.7,1492.4,210663.4,242177,238292.4,314241.8,17916.2,39567.9,311221.4,264621.3
67,0.006705,0.006704,0.006703,0.006702,0.006701,0.0067,0.006699,0.006698,0.006697,0.006696,0.006706,0.006707,0.006708,0.006709,0.00671,0.006711,0.006712,0.006713,0.006714,0.006715,50205.2,51765.7,113395.2,17917.5,69015.6,172770,21040.5,17918.4,17918.7,53095.5,9345.3,3324.2,141750.8,37162.6,49478,155132.7,358537.5,90095.9,241393.6,534866.9
68,0.006705,0.006704,0.006703,0.006702,0.006701,0.0067,0.006699,0.006698,0.006697,0.006696,0.006706,0.006707,0.006708,0.006709,0.00671,0.006711,0.006712,0.006713,0.006714,0.006715,16425,50819.1,187390.2,17917.5,69017.1,171187.3,17918.4,19519.9,18752.1,90128.3,1491.8,3324.2,141754.8,37162.6,49478,155132.7,358535.9,89253,242195.8,534866.9
69,0.006704,0.006703,0.006702,0.006701,0.0067,0.006699,0.006698,0.006697,0.006696,0.006695,0.006705,0.006706,0.006707,0.006708,0.006709,0.00671,0.006711,0.006712,0.006713,0.006714,1492.3,1492.3,60337.3,131336.6,21917.8,17918.4,68089.1,168836.7,90961.7,277158.6,24357.4,17916.6,141795.1,17916.4,74552.4,199691.8,168991.6,361366.4,17915.3,49477.1
70,0.006704,0.006703,0.006702,0.006701,0.0067,0.006699,0.006698,0.006697,0.006696,0.006695,0.006705,0.006706,0.006707,0.006708,0.006709,0.00671,0.006711,0.006712,0.006713,0.006714,35392.8,114248.6,129841,59487.2,133874.3,17918.4,19531.7,17918.7,53928.9,190143.1,1492,17916.6,141749.2,17916.4,24706.1,86695,415679,211119.2,163351.5,163351.2
71,0.006698,0.006697,0.006696,0.006695,0.006694,0.006693,0.006692,0.006691,0.00669,0.006689,0.006699,0.0067,0.006701,0.006702,0.006703,0.006704,0.006705,0.006706,0.006707,0.006708,1493.4,56700.8,129923.3,17901.8,17902.5,53096.7,168937.6,18736.6,144979.4,486270.4,16425,17917.5,61444.8,129853.1,17917.5,55134,169505.8,36689.7,265882.5,17916.4
72,0.006695,0.006694,0.006693,0.006692,0.006691,0.00669,0.006689,0.006688,0.006687,0.006686,0.006697,0.006698,0.006699,0.0067,0.006701,0.006702,0.006703,0.006704,0.006705,0.006706,17919.1,56699.7,129974,67861.3,167364.8,21903.4,17903.4,19492.1,82020.6,380585,55135.9,129910,29858.3,17917.5,50620,167154.6,18750.9,67887.2,49479.1,225219.2
73,0.006696,0.006695,0.006694,0.006693,0.006692,0.006691,0.00669,0.006689,0.006688,0.006687,0.006697,0.006698,0.006699,0.0067,0.006701,0.006702,0.006703,0.006704,0.006705,0.006706,16425,75492.9,56700,129974.9,17902.9,69063,173000.8,18736.8,17903.8,81187.2,17918.9,129908.9,29953.6,17917.5,55134.5,167159.5,18750.9,19490.8,49479.1,225219.2
74,0.006703,0.006702,0.006701,0.0067,0.006699,0.006698,0.006697,0.006696,0.006695,0.006694,0.006705,0.006706,0.006707,0.006708,0.006709,0.00671,0.006711,0.006712,0.006713,0.006714,75491.1,56678.6,129852.3,21918.1,67834.8,167225,19500.9,17918.8,116344.8,342015.9,16425,129774.8,29793.1,86086.7,243576.9,50618.4,247731.5,211113.7,17915.3,341387.3
75,0.006701,0.0067,0.006699,0.006698,0.006697,0.006696,0.006695,0.006694,0.006693,0.006692,0.006703,0.006704,0.006705,0.006706,0.006707,0.006708,0.006709,0.00671,0.006711,0.006712,39475.3,56690.3,129890,67841.2,167246.4,17918.8,19507.5,17902.5,149944,506325.5,17917.5,55134.3,141497.1,17916.6,50619.1,150602.7,27137.7,17915.9,195241.5,566962.2
76,0.006699,0.006698,0.006697,0.006696,0.006695,0.006694,0.006693,0.006692,0.006691,0.00669,0.0067,0.006701,0.006702,0.006703,0.006704,0.006705,0.006706,0.006707,0.006708,0.006709,16425,123930.7,162274.2,17918.8,17919.1,67849,168936.2,18736.3,54291.4,262638.2,310.6,17917.9,29660.1,129826.6,55134.3,129795.6,17916.6,53044.3,179185.8,170838.4
77,0.006701,0.0067,0.006699,0.006698,0.006697,0.006696,0.006695,0.006694,0.006693,0.006692,0.006703,0.006704,0.006705,0.006706,0.006707,0.006708,0.006709,0.00671,0.006711,0.006712,17917.5,56690.7,129891.2,17918.1,67848.9,167272.2,19525.3,17902.5,90990.7,242058.8,17917.5,129810.4,222932.8,178772,384011.3,3057.4,25539.5,162100.8,17915.7,519545.2
78,0.006702,0.006701,0.0067,0.006699,0.006698,0.006697,0.006696,0.006695,0.006694,0.006693,0.006703,0.006704,0.006705,0.006706,0.006707,0.006708,0.006709,0.00671,0.006711,0.006712,16425,117068.2,129873.6,17918.2,17918.1,67847.4,167267.3,18752.5,19514.3,17902.7,17917.5,17917.3,223024.1,198567.1,455251.3,1491.4,168918,19516.3,161294.2,17915.3
79,0.0067,0.006699,0.006698,0.006697,0.006696,0.006695,0.006694,0.006693,0.006692,0.006691,0.006701,0.006702,0.006703,0.006704,0.006705,0.006706,0.006707,0.006708,0.006709,0.00671,17917.9,56695.4,129906.8,17918.1,39497.2,67856.8,167295.6,53096.7,119470.1,18736.6,16425,17917.7,29863.7,129822.1,49479.1,172449.5,57534.2,211318.4,24706.1,267346.7
80,0.006698,0.006697,0.006696,0.006695,0.006694,0.006693,0.006692,0.006691,0.00669,0.006689,0.006699,0.0067,0.006701,0.006702,0.006703,0.006704,0.006705,0.006706,0.006707,0.006708,16425,64757.4,135337.2,17919.1,67848.2,167322.3,17902.9,20346.2,153196.6,506054.9,1493.4,17918.2,141871.1,17917.7,17917.5,55134.3,169533.6,66207,161777,211318.4
81,0.006697,0.006696,0.006695,0.006694,0.006693,0.006692,0.006691,0.00669,0.006689,0.006688,0.006698,0.006699,0.0067,0.006701,0.006702,0.006703,0.006704,0.006705,0.006706,0.006707,17918.1,56710.4,129955.2,17902.5,67855.3,167345.3,17903.2,97294,336748.1,312046.9,16425,17918.4,141933.1,17917.9,55134.7,167977.9,17917.3,19502.7,17916.6,49478.7
82,0.006689,0.006688,0.006687,0.006686,0.006685,0.006684,0.006683,0.006682,0.006681,0.00668,0.006691,0.006692,0.006693,0.006694,0.006695,0.006696,0.006697,0.006698,0.006699,0.0067,127150.9,130070.4,69830.3,130093.4,17904,19400.8,19505.7,18738.5,17905.3,160060.8,9427.6,17919.9,30054.5,167194,212218.1,50621.3,167269.6,17918.6,20346.3,341834.7
83,0.006689,0.006688,0.006687,0.006686,0.006685,0.006684,0.006683,0.006682,0.006681,0.00668,0.00669,0.006691,0.006692,0.006693,0.006694,0.006695,0.006696,0.006697,0.006698,0.006699,17920.5,56750.8,130084.8,17904,68359.5,169030.1,19473.1,18738.5,17905.3,160060.8,16425,17920.2,142207,17919.3,87838.8,372386.2,50314.3,161438.9,17918.6,148205.1
84,0.006694,0.006693,0.006692,0.006691,0.00669,0.006689,0.006688,0.006687,0.006686,0.006685,0.006695,0.006696,0.006697,0.006698,0.006699,0.0067,0.006701,0.006702,0.006703,0.006704,73998.8,61631.5,130010.6,17920.2,5495.2,67902.7,167444.7,19500.8,55542.5,117904,25851.2,28688.1,30151.2,324377.8,55135.4,167200.3,17917.9,49479.8,120317.8,159840
85,0.0067,0.006699,0.006698,0.006697,0.006696,0.006695,0.006694,0.006693,0.006692,0.006691,0.006701,0.006702,0.006703,0.006704,0.006705,0.006706,0.006707,0.006708,0.006709,0.00671,17917.9,17918.2,56697,179842.1,167271.6,17919.3,17918.4,17919.7,17919.7,116593.7,23722.4,17917.7,30065.4,129822.2,17917,80899.9,361447.6,56731.2,237871.2,496928.7
86,0.006699,0.006698,0.006697,0.006696,0.006695,0.006694,0.006693,0.006692,0.006691,0.00669,0.0067,0.006701,0.006702,0.006703,0.006704,0.006705,0.006706,0.006707,0.006708,0.006709,1493.2,1493.4,63144.6,129937.1,67864.6,167321.1,17919.7,17919.7,55908.4,195041.6,29640.2,129858.7,29932.3,50620,129807.7,18750.4,88263.3,212309.5,17916.4,337037.8
87,0.006693,0.006692,0.006691,0.00669,0.006689,0.006688,0.006687,0.006686,0.006685,0.006684,0.006694,0.006695,0.006696,0.006697,0.006698,0.006699,0.0067,0.006701,0.006702,0.006703,1494.7,56732.9,130027.4,21920.2,67906.7,167458.1,17920.8,17904,19490,55428.8,16425,17919.3,141949.8,17918.8,60275.9,130727.5,19516.8,17917.9,17917.7,50620
88,0.006692,0.006691,0.00669,0.006689,0.006688,0.006687,0.006686,0.006685,0.006684,0.006683,0.006693,0.006694,0.006695,0.006696,0.006697,0.006698,0.006699,0.0067,0.006701,0.006702,30880.2,17919.9,102605.3,144513.8,17920.5,67912.7,169083.9,17904,20234.2,17904.9,1494.5,1494.5,129976,17919.1,48141.8,167245.6,48257.3,20357,341816.9,161649.1
89,0.00669,0.006689,0.006688,0.006687,0.006686,0.006685,0.006684,0.006683,0.006682,0.006681,0.006692,0.006693,0.006694,0.006695,0.006696,0.006697,0.006698,0.006699,0.0067,0.006701,17920.4,56748,130075.7,17920.8,67903.2,167501.4,19400.8,19499.2,18738.5,17905.3,17919.9,17919.7,142056.7,49698.2,167288.8,49480.9,191137.7,167457,117918.2,17917.9
90,0.006696,0.006695,0.006694,0.006693,0.006692,0.006691,0.00669,0.006689,0.006688,0.006687,0.006697,0.006698,0.006699,0.0067,0.006701,0.006702,0.006703,0.006704,0.006705,0.006706,30880.2,17919.1,56722.8,129993.5,32374.9,69088.3,171417.4,17920.6,19500.2,18754.2,17918.8,17918.6,141986.5,54227.7,188400.4,316632.1,17917.5,20320.6,17917,17916.6
91,0.006698,0.006697,0.006696,0.006695,0.006694,0.006693,0.006692,0.006691,0.00669,0.006689,0.006699,0.0067,0.006701,0.006702,0.006703,0.006704,0.006705,0.006706,0.006707,0.006708,30880.2,56706.5,129942.7,17919.1,67871.5,167342.8,32374.9,36999.8,23518.2,18754,1493.2,17918.2,121234.9,279328.8,49479.6,156800.8,167089.3,164207.1,212309.5,261803.3
92,0.0067,0.006699,0.006698,0.006697,0.006696,0.006695,0.006694,0.006693,0.006692,0.006691,0.006701,0.006702,0.006703,0.006704,0.006705,0.006706,0.006707,0.006708,0.006709,0.00671,14455.2,17918.2,56700.9,129924.7,67858.4,167301.9,92395.2,312701.3,378885.8,297570.8,17917.9,17917.7,141620.9,50619.8,198886.2,348185.1,351175.3,164239.2,87761,522518
93,0.006699,0.006698,0.006697,0.006696,0.006695,0.006694,0.006693,0.006692,0.006691,0.00669,0.0067,0.006701,0.006702,0.006703,0.006704,0.006705,0.006706,0.006707,0.006708,0.006709,15948.4,17918.4,56703.6,191999.8,207928.7,17919.7,17919.7,33952,231421.7,839436.8,23722.4,17917.9,141486,17917.5,17917.3,50619.5,238284.5,351175.3,311158.5,87761
94,0.006698,0.006697,0.006696,0.006695,0.006694,0.006693,0.006692,0.006691,0.00669,0.006689,0.006699,0.0067,0.006701,0.006702,0.006703,0.006704,0.006705,0.006706,0.006707,0.006708,15948.6,17918.6,79984.6,167288.5,17919.7,72191.4,181814.7,158028,515193.8,227476.6,16425,17918.2,141399.7,17917.7,50620,130640.9,17917,56744.7,351175.3,390926
95,0.006698,0.006697,0.006696,0.006695,0.006694,0.006693,0.006692,0.006691,0.00669,0.006689,0.006699,0.0067,0.006701,0.006702,0.006703,0.006704,0.006705,0.006706,0.006707,0.006708,17918.4,56343,129941.2,76780,167327.2,17919.7,33968.5,157272.2,573488.7,498565.4,9220.2,17918.2,29392.3,129841.7,80900.8,213854.9,198655.7,320259.3,156782.4,167271.6
96,0.006698,0.006697,0.006696,0.006695,0.006694,0.006693,0.006692,0.006691,0.00669,0.006689,0.006699,0.0067,0.006701,0.006702,0.006703,0.006704,0.006705,0.006706,0.006707,0.006708,17918.4,56706.1,129941.4,17919.1,17919.7,72194.5,181825,156438.8,575924.1,450911.9,17712.8,17918.2,141318.8,17917.7,80900.8,363889.7,49479.1,319430.4,156782.4,314293.7
97,0.006701,0.0067,0.006699,0.006698,0.006697,0.006696,0.006695,0.006694,0.006693,0.006692,0.006702,0.006703,0.006704,0.006705,0.006706,0.006707,0.006708,0.006709,0.00671,0.006711,21752.5,56690.1,129890,17918.4,67847.4,167265.6,17919.1,20332.3,17919.7,32374.9,17917.7,17917.5,258002.8,198573.3,317818.4,156782.4,465843.8,17916.3,164938,264937.8
98,0.006699,0.006698,0.006697,0.006696,0.006695,0.006694,0.006693,0.006692,0.006691,0.00669,0.0067,0.006701,0.006702,0.006703,0.006704,0.006705,0.006706,0.006707,0.006708,0.006709,1493.2,1493.4,17918.6,56708.7,129949.3,68347.9,167334.3,32374.9,158026.1,692382.4,17712.8,137368.7,29208.1,17917.5,55134.3,167087.5,53033.4,363308.5,238542.8,155330.9
99,0.006693,0.006692,0.006691,0.00669,0.006689,0.006688,0.006687,0.006686,0.006685,0.006684,0.006694,0.006695,0.006696,0.006697,0.006698,0.006699,0.0067,0.006701,0.006702,0.006703,17919.7,56732.3,130025.4,21920.2,67904.8,167451.4,17920.8,17904,244080.6,941102.9,16425,17919.3,62021.8,129929.6,49480.7,188846.5,150431.4,17917.7,17917.7,17917.5
100,0.006691,0.00669,0.006689,0.006688,0.006687,0.006686,0.006685,0.006684,0.006683,0.006682,0.006692,0.006693,0.006694,0.006695,0.006696,0.006697,0.006698,0.006699,0.0067,0.006701,20839.5,17920.2,56748,130075,17920.8,17904,68357.8,169024.6,19477.1,145570.9,32544.9,50622.2,141590.4,6974.4,51068.2,168114.3,17918.6,38710.2,148848.9,241802.1
101,0.006694,0.006693,0.006692,0.006691,0.00669,0.006689,0.006688,0.006687,0.006686,0.006685,0.006695,0.006696,0.006697,0.006698,0.006699,0.0067,0.006701,0.006702,0.006703,0.006704,30880.2,129991.1,16800.2,69082.9,171400.4,17920.6,18754,77761.6,229453.5,190683.6,1494.3,1493.8,29671.3,49480.7,113467.1,50620.7,168012.3,19508.4,17917.5,212199.7
102,0.006694,0.006693,0.006692,0.006691,0.00669,0.006689,0.006688,0.006687,0.006686,0.006685,0.006695,0.006696,0.006697,0.006698,0.006699,0.0067,0.006701,0.006702,0.006703,0.006704,1494.3,1494.5,128888.5,17919.9,71899.9,167436.2,17920.6,77732.6,230286.9,117904,24357.4,27592.2,66906.8,129910.6,17918.2,50620.7,169618.7,161942.8,161942.6,17917.3
103,0.006693,0.006692,0.006691,0.00669,0.006689,0.006688,0.006687,0.006686,0.006685,0.006684,0.006694,0.006695,0.006696,0.006697,0.006698,0.006699,0.0067,0.006701,0.006702,0.006703,30880.2,56732.7,130026.7,21920.2,67904.2,167449.1,17920.8,17904,19479.5,135973.3,1494.5,17919.3,61399,167143.4,167379.1,20325,296857.8,17917.7,176654.9,276654.7
104,0.006699,0.006698,0.006697,0.006696,0.006695,0.006694,0.006693,0.006692,0.006691,0.00669,0.0067,0.006701,0.006702,0.006703,0.006704,0.006705,0.006706,0.006707,0.006708,0.006709,30880.2,56698.5,129916.7,56710.4,129955.8,17919.3,17919.5,18753.1,19498.7,21920.2,17918.2,17917.7,29825.9,56669.3,194086.4,317279.9,160774.7,214178.6,360277.3,396609.9
105,0.006699,0.006698,0.006697,0.006696,0.006695,0.006694,0.006693,0.006692,0.006691,0.00669,0.0067,0.006701,0.006702,0.006703,0.006704,0.006705,0.006706,0.006707,0.006708,0.006709,1493.2,1493.4,129923.2,17918.6,67864.5,167321.4,17919.5,17919.7,92980.3,246968.9,34504.4,55134.9,141643.2,17917.5,82181.9,169682.8,308343,214178.6,230466.6,255330.9
106,0.006696,0.006695,0.006694,0.006693,0.006692,0.006691,0.00669,0.006689,0.006688,0.006687,0.006697,0.006698,0.006699,0.0067,0.006701,0.006702,0.006703,0.006704,0.006705,0.006706,1493.6,1494.1,56718.8,179937.9,167358.1,17919.9,21920.2,17920.6,118029.6,342269.5,31654.8,56692.2,141672.8,17918.2,17917.9,55134.7,169561,17917.3,198822.1,289483.3
107,0.006696,0.006695,0.006694,0.006693,0.006692,0.006691,0.00669,0.006689,0.006688,0.006687,0.006697,0.006698,0.006699,0.0067,0.006701,0.006702,0.006703,0.006704,0.006705,0.006706,16425,56716.1,129973.2,17919.5,67884.6,167386.7,21920.2,17920.6,88179.6,242269.5,17918.8,17918.6,61309.6,129878.3,56706.7,168749.3,160735.7,55134.3,309244.8,290189.1
108,0.006697,0.006696,0.006695,0.006694,0.006693,0.006692,0.006691,0.00669,0.006689,0.006688,0.006698,0.006699,0.0067,0.006701,0.006702,0.006703,0.006704,0.006705,0.006706,0.006707,17918.6,56711.7,129959.6,17919.3,67880,167372,41098.4,21920.2,18754,85737.9,16425,17918.4,94233.4,327768.1,87848.2,319871.2,168702.7,235731.1,162865.2,17916.6
109,0.006698,0.006697,0.006696,0.006695,0.006694,0.006693,0.006692,0.006691,0.00669,0.006689,0.006699,0.0067,0.006701,0.006702,0.006703,0.006704,0.006705,0.006706,0.006707,0.006708,16425,129924.7,17918.8,17919.1,64236.2,167330,17919.7,20364.7,57846.7,117920.6,24895.5,17918.2,260423.8,156627.3,431791.4,17917.3,384905.1,164446.3,17916.6,386519.2
110,0.006699,0.006698,0.006697,0.006696,0.006695,0.006694,0.006693,0.006692,0.006691,0.00669,0.0067,0.006701,0.006702,0.006703,0.006704,0.006705,0.006706,0.006707,0.006708,0.006709,16425,1493.4,56701.7,179865.8,167300,17919.3,19498.7,18753.1,142180,543892.6,25850.6,17917.9,29723,186498,247750.5,234897.7,167069.3,523354.7,17916.4,261930.6
111,0.006702,0.006701,0.0067,0.006699,0.006698,0.006697,0.006696,0.006695,0.006694,0.006693,0.006703,0.006704,0.006705,0.006706,0.006707,0.006708,0.006709,0.00671,0.006711,0.006712,50249,129857.7,21917.9,67834.8,167224.7,17918.6,19530.9,18752.5,90176.5,277266.6,1492.5,1492.3,29629.1,198554,216178.8,316281.7,17916.3,389725.4,87965.7,388513.3
112,0.006703,0.006702,0.006701,0.0067,0.006699,0.006698,0.006697,0.006696,0.006695,0.006694,0.006704,0.006705,0.006706,0.006707,0.006708,0.006709,0.00671,0.006711,0.006712,0.006713,11608.7,56679.2,129854.9,21917.9,67834.8,167224.7,20352.9,17918.8,17919.1,90176.5,17917.3,17917,118953.7,328022.2,167174.3,17916.3,538788.3,87965.7,164973.5,117915.3
113,0.006705,0.006704,0.006703,0.006702,0.006701,0.0067,0.006699,0.006698,0.006697,0.006696,0.006706,0.006707,0.006708,0.006709,0.00671,0.006711,0.006712,0.006713,0.006714,0.006715,42771.7,129800,13101,67814.7,168753.1,22751.3,17918.2,17918.4,90142.7,290014,16425,17916.6,29297.8,17916.3,429591.3,199828.1,204151.4,249308.9,156767.5,525833.1
114,0.006715,0.006714,0.006713,0.006712,0.006711,0.00671,0.006709,0.006708,0.006707,0.006706,0.006716,0.006717,0.006718,0.006719,0.00672,0.006721,0.006722,0.006723,0.006724,0.006725,16425,17915,71112,129666.4,68945.9,170956,17915.9,17916.2,19526.8,90884.5,17914.6,150616.9,129573.9,86692.8,286126.6,249050.5,383161.4,90680.8,150551.3,167016.3
115,0.006716,0.006715,0.006714,0.006713,0.006712,0.006711,0.00671,0.006709,0.006708,0.006707,0.006717,0.006718,0.006719,0.00672,0.006721,0.006722,0.006723,0.006724,0.006725,0.006726,16425,16870.6,70852.8,129654.1,17915.5,68945.8,170955.7,17915.9,20354.8,17916.6,17914.4,49476.3,219213.1,50616.2,166735.6,17913.2,366068.7,17912.8,455806.7,670484.8
116,0.006712,0.006711,0.00671,0.006709,0.006708,0.006707,0.006706,0.006705,0.006704,0.006703,0.006713,0.006714,0.006715,0.006716,0.006717,0.006718,0.006719,0.00672,0.006721,0.006722,17915.8,63545.6,129692.6,17915.9,67772.1,167021.3,17916.6,91635.2,242502.4,13101,2979.9,17914.6,61641.7,129610.7,17914.4,49476.3,258848.9,148251.1,17913.5,161101.3
117,0.006712,0.006711,0.00671,0.006709,0.006708,0.006707,0.006706,0.006705,0.006704,0.006703,0.006714,0.006715,0.006716,0.006717,0.006718,0.006719,0.00672,0.006721,0.006722,0.006723,54847.2,123725.1,32907.1,67767.4,167006.8,17916.6,19513.2,90054.9,242502.4,13101,15206.3,17914.6,129611.3,50616.9,161135.1,109985.9,17913.7,17913.5,17913.2,216306.7
118,0.006717,0.006716,0.006715,0.006714,0.006713,0.006712,0.006711,0.00671,0.006709,0.006708,0.006718,0.006719,0.00672,0.006721,0.006722,0.006723,0.006724,0.006725,0.006726,0.006727,22384.9,59829.5,140419.1,17914.8,56622,129671.8,13542.9,18749.3,17915.9,17916.2,3529.7,107557.3,17913.7,129524.5,55130.2,217140.1,166664.8,118538.4,680782.7,160711.9
119,0.006719,0.006718,0.006717,0.006716,0.006715,0.006714,0.006713,0.006712,0.006711,0.00671,0.00672,0.006721,0.006722,0.006723,0.006724,0.006725,0.006726,0.006727,0.006728,0.006729,17913.7,70880.6,140159,67720.1,166853.1,17914.8,19513.7,18748.7,11956.3,17915.9,23722.4,17913.5,113599,327884.9,17912.8,49474.5,686691.7,33352.8,85391.4,483689.1
120,0.006723,0.006722,0.006721,0.00672,0.006719,0.006718,0.006717,0.006716,0.006715,0.006714,0.006724,0.006725,0.006726,0.006727,0.006728,0.006729,0.00673,0.006731,0.006732,0.006733,17913.1,129503.6,28295.8,51836.7,166751.1,29043.1,84495.8,217732.2,75904.4,301509.1,1287.5,1487.6,17912.4,195494.3,248468.4,89031.3,233969.5,468969.4,17910.6,373328.7
121,0.006732,0.006731,0.00673,0.006729,0.006728,0.006727,0.006726,0.006725,0.006724,0.006723,0.006733,0.006734,0.006735,0.006736,0.006737,0.006738,0.006739,0.00674,0.006741,0.006742,16425,129344.1,69793.7,129384.3,17911.9,17911.9,17912.6,20337.8,17911.9,89870.3,3340.7,86689.6,255361,129271.4,88955.9,533740.1,19520.5,167143.1,295880.1,370301.9
122,0.006732,0.006731,0.00673,0.006729,0.006728,0.006727,0.006726,0.006725,0.006724,0.006723,0.006733,0.006734,0.006735,0.006736,0.006737,0.006738,0.006739,0.00674,0.006741,0.006742,1485.8,17911.1,139457.8,17911.5,67636,166579.9,17912.6,19500.6,53109,118746.5,25874.5,50613.1,129287.6,17910.4,80892.7,254883,167943.4,88894.7,533166.5,301616.2
123,0.00673,0.006729,0.006728,0.006727,0.006726,0.006725,0.006724,0.006723,0.006722,0.006721,0.006733,0.006734,0.006735,0.006736,0.006737,0.006738,0.006739,0.00674,0.006741,0.006742,56530.5,129376.8,27865.5,67643.5,166604.9,89857.5,276218.6,120329.5,17913.5,59625.6,17910.8,55127.6,160852.8,147182.1,80892.7,366119.2,148777.1,88894.7,533166.5,301084.2
124,0.006733,0.006732,0.006731,0.00673,0.006729,0.006728,0.006727,0.006726,0.006725,0.006724,0.006734,0.006735,0.006736,0.006737,0.006738,0.006739,0.00674,0.006741,0.006742,0.006743,1485.8,17910.8,56527.7,139305.9,67627.8,166553.7,17911.9,17912.6,89857.5,277812.5,31050,129286.8,49472.5,210574,217666,167925.1,232360.3,676632.1,147589.7,383862.6
125,0.006736,0.006735,0.006734,0.006733,0.006732,0.006731,0.00673,0.006729,0.006728,0.006727,0.006737,0.006738,0.006739,0.00674,0.006741,0.006742,0.006743,0.006744,0.006745,0.006746,24357.4,129281.6,85387.1,17910.6,67610.8,166499.1,24321.6,17911.5,17911.9,89838.2,1484.4,17909.4,49471.5,158814.2,614018.3,17908.4,310234.8,248771.1,163511.5,17908
126,0.006743,0.006742,0.006741,0.00674,0.006739,0.006738,0.006737,0.006736,0.006735,0.006734,0.006744,0.006745,0.006746,0.006747,0.006748,0.006749,0.00675,0.006751,0.006752,0.006753,16425,129166.3,70443.8,133197.5,17909.3,17910,83467.5,254819.2,280722.8,307952.7,371.4,1483.2,55125,198616.3,217148.1,85168,314385.2,90367,88244.3,17906.4
127,0.006751,0.00675,0.006749,0.006748,0.006747,0.006746,0.006745,0.006744,0.006743,0.006742,0.006752,0.006753,0.006754,0.006755,0.006756,0.006757,0.006758,0.006759,0.00676,0.006761,24357.4,54946.6,138559.4,17907.6,67503.5,166150.4,17908.4,17908.4,19504.3,18742,1481.8,17906.4,49467.9,128965.5,118106.1,365089.8,19480.7,455588.3,297810.4,239803.8
128,0.006747,0.006746,0.006745,0.006744,0.006743,0.006742,0.006741,0.00674,0.006739,0.006738,0.006748,0.006749,0.00675,0.006751,0.006752,0.006753,0.006754,0.006755,0.006756,0.006757,24357.4,129098.7,27396.4,67522.2,166210.5,19520.8,18742.5,21909.1,90191.1,240561,1482.1,1482.1,1482.1,50609.3,129004.1,49468.5,196093.4,295526.9,158876.4,218643
129,0.006744,0.006743,0.006742,0.006741,0.00674,0.006739,0.006738,0.006737,0.006736,0.006735,0.006745,0.006746,0.006747,0.006748,0.006749,0.00675,0.006751,0.006752,0.006753,0.006754,1483.4,1483.4,27399.9,57665.2,133186.3,17909.3,67816.1,331139.9,483716.9,308862.3,24296.1,55124.8,129089.4,17907.1,49469.2,149663.3,20321.3,63074,148906.8,158876.4
130,0.00674,0.006739,0.006738,0.006737,0.006736,0.006735,0.006734,0.006733,0.006732,0.006731,0.006741,0.006742,0.006743,0.006744,0.006745,0.006746,0.006747,0.006748,0.006749,0.00675,9416.5,17909.3,27452.1,56495.8,129265.5,68313.9,216025.7,284181.3,250340.7,193226.3,21328.6,129174.3,17908.2,17908.2,49470.3,166175.8,20316.2,17907.1,161756.1,223749.3
131,0.006737,0.006736,0.006735,0.006734,0.006733,0.006732,0.006731,0.00673,0.006729,0.006728,0.006738,0.006739,0.00674,0.006741,0.006742,0.006743,0.006744,0.006745,0.006746,0.006747,9417.4,17910,66181.6,129302.1,17910.6,67607.9,239567.3,311486.5,319000.4,86073.1,18482.2,117734.1,17909.3,17909.1,55125.9,166250.1,17908.2,20311.2,49469.9,150610.3
132,0.006737,0.006736,0.006735,0.006734,0.006733,0.006732,0.006731,0.00673,0.006729,0.006728,0.006738,0.006739,0.00674,0.006741,0.006742,0.006743,0.006744,0.006745,0.006746,0.006747,25842.4,17910,66292.8,129299.8,67600.4,166465.1,17911.1,24318.7,83285.3,218174.2,16425,18966.6,129209.1,17909.1,78731.3,166241.7,17908.2,20313.1,85287.1,240278.9
133,0.006737,0.006736,0.006735,0.006734,0.006733,0.006732,0.006731,0.00673,0.006729,0.006728,0.006738,0.006739,0.00674,0.006741,0.006742,0.006743,0.006744,0.006745,0.006746,0.006747,25842.4,17910,180901.6,17910.4,67600.4,166465.1,77812.3,200673.9,83285.3,218174.2,3115.1,1484.6,17909.3,129188.3,78731.3,167075.1,17908.2,19479.7,85287.1,240278.9
134,0.006737,0.006736,0.006735,0.006734,0.006733,0.006732,0.006731,0.00673,0.006729,0.006728,0.006738,0.006739,0.00674,0.006741,0.006742,0.006743,0.006744,0.006745,0.006746,0.006747,16425,17910,72497.7,129301.6,17910.6,67607.8,166489.1,22744.9,84865,218174.2,10490.3,129220.6,100006.2,248238.5,87497.5,167074.8,53103.8,119503.9,17907.8,17907.8
135,0.006736,0.006735,0.006734,0.006733,0.006732,0.006731,0.00673,0.006729,0.006728,0.006727,0.006738,0.006739,0.00674,0.006741,0.006742,0.006743,0.006744,0.006745,0.006746,0.006747,17910.2,56506.5,139242.4,67600,166463.5,78910.7,199100.1,83285.3,318174.2,54631.8,17909.7,1484.6,112779.1,17909.1,49471,161355.2,396567.6,20311.7,17907.8,17907.8
136,0.006738,0.006737,0.006736,0.006735,0.006734,0.006733,0.006732,0.006731,0.00673,0.006729,0.00674,0.006741,0.006742,0.006743,0.006744,0.006745,0.006746,0.006747,0.006748,0.006749,17909.7,59475.3,139259.8,67589.8,166430.8,17910.6,17910.8,55135.1,123508.4,83285.3,11548,51564.1,112746.6,17908.9,49470.3,166204.3,20346,57741.6,146802.3,317624.3
137,0.006735,0.006734,0.006733,0.006732,0.006731,0.00673,0.006729,0.006728,0.006727,0.006726,0.006736,0.006737,0.006738,0.006739,0.00674,0.006741,0.006742,0.006743,0.006744,0.006745,1485.2,59511.3,139366.5,17910.8,69286.1,170513.5,83285.3,291664.4,336312.9,404506.2,16425,56487.8,199158.3,202569.1,13032.5,304701.9,150664.1,19514.5,17908.2,145580.4
138,0.006733,0.006732,0.006731,0.00673,0.006729,0.006728,0.006727,0.006726,0.006725,0.006724,0.006734,0.006735,0.006736,0.006737,0.006738,0.006739,0.00674,0.006741,0.006742,0.006743,25843,72992.6,139502.2,21911.5,67628.4,166555.9,17911.9,89843.7,256039.3,323123.1,16425,17910.5,129271,17910,87829.4,350995.3,47000,304701.9,129396.7,17908.9
139,0.006734,0.006733,0.006732,0.006731,0.00673,0.006729,0.006728,0.006727,0.006726,0.006725,0.006735,0.006736,0.006737,0.006738,0.006739,0.00674,0.006741,0.006742,0.006743,0.006744,25842.8,17910.6,66973.5,180238,170521.6,17911.5,17911.9,20338.2,89843.7,253596.9,16425,17910.3,56486.9,199155.3,202569.1,13032.5,453080.6,3927.9,17908.9,17908.2
140,0.006735,0.006734,0.006733,0.006732,0.006731,0.00673,0.006729,0.006728,0.006727,0.006726,0.006736,0.006737,0.006738,0.006739,0.00674,0.006741,0.006742,0.006743,0.006744,0.006745,16425,59396.4,138981.1,17910.8,68811.8,170521.6,19480.2,17911.9,18745.3,140697.3,17910.3,1485,189702.8,202569.1,81811.6,453080.6,3902.3,17908.9,17908.2,117908.2
141,0.006733,0.006732,0.006731,0.00673,0.006729,0.006728,0.006727,0.006726,0.006725,0.006724,0.006735,0.006736,0.006737,0.006738,0.006739,0.00674,0.006741,0.006742,0.006743,0.006744,13885.8,56521.9,140108.5,71619.9,166527.2,17911.9,19501.9,141530.7,476646.1,212497.9,16425,49472.4,129252.8,78376.8,239786.1,162266.1,306305.3,1484,148056.4,17908.2
142,0.006732,0.006731,0.00673,0.006729,0.006728,0.006727,0.006726,0.006725,0.006724,0.006723,0.006733,0.006734,0.006735,0.006736,0.006737,0.006738,0.006739,0.00674,0.006741,0.006742,25550.9,1486.1,67369.4,129384.5,68111,166581.3,89843.7,255166.1,213331.3,406833.5,16425,55127.5,160855.6,129270.1,17910,79210.2,204165.5,13032.5,446517,1484
143,0.006733,0.006732,0.006731,0.00673,0.006729,0.006728,0.006727,0.006726,0.006725,0.006724,0.006734,0.006735,0.006736,0.006737,0.006738,0.006739,0.00674,0.006741,0.006742,0.006743,20837.2,17618.5,68678.9,133354.1,69229.1,166550.8,17911.9,92263.9,316483.2,435610.6,17910.5,1485.5,49472.4,129254.5,78376.8,239786.1,162261.9,306294.8,1484,240405.7
144,0.006734,0.006733,0.006732,0.006731,0.00673,0.006729,0.006728,0.006727,0.006726,0.006725,0.006735,0.006736,0.006737,0.006738,0.006739,0.00674,0.006741,0.006742,0.006743,0.006744,8733.1,59703.2,140008.6,17911.1,71623,166537.8,23296.5,20333.2,89843.7,316483.2,1485.5,15651.2,17910,189702.9,239786.1,161428.5,304701.9,3884,17908.9,17908.2
145,0.006736,0.006735,0.006734,0.006733,0.006732,0.006731,0.00673,0.006729,0.006728,0.006727,0.006737,0.006738,0.006739,0.00674,0.006741,0.006742,0.006743,0.006744,0.006745,0.006746,20837.2,17910.2,55467.7,129318.8,67318.4,166498.7,21911.5,68666.6,17911.9,17911.9,8317.5,17909.9,129219.3,13032.5,266551.3,352900.2,17908.9,157922.4,17908.2,240296.5
146,0.006734,0.006733,0.006732,0.006731,0.00673,0.006729,0.006728,0.006727,0.006726,0.006725,0.006735,0.006736,0.006737,0.006738,0.006739,0.00674,0.006741,0.006742,0.006743,0.006744,1485.4,17910.6,28639.1,129336.4,21911.5,67630.1,166561.6,19498.5,89843.7,254430.3,16425,50675.3,129262,17909.9,55126.6,225249.1,448139.1,205289.3,166336.6,429090.3
147,0.006733,0.006732,0.006731,0.00673,0.006729,0.006728,0.006727,0.006726,0.006725,0.006724,0.006734,0.006735,0.006736,0.006737,0.006738,0.006739,0.00674,0.006741,0.006742,0.006743,16425,129043.1,29006.1,21911.5,67629.7,166560,19492.2,83562.1,255128.1,255154.1,1485.5,1485.5,19540.9,129252.2,17909.9,55126.6,226527.2,449720.6,203711.6,166336.6
148,0.006735,0.006734,0.006733,0.006732,0.006731,0.00673,0.006729,0.006728,0.006727,0.006726,0.006736,0.006737,0.006738,0.006739,0.00674,0.006741,0.006742,0.006743,0.006744,0.006745,29089.4,114084.8,129315.4,28896.6,68808,170509,77752.9,195100.5,83766.7,220619.1,1485.2,3115.4,17909.9,129219.9,45735,162003.8,352068.7,167912.9,753832.8,17908.2
149,0.006734,0.006733,0.006732,0.006731,0.00673,0.006729,0.006728,0.006727,0.006726,0.006725,0.006735,0.006736,0.006737,0.006738,0.006739,0.00674,0.006741,0.006742,0.006743,0.006744,25842.8,17910.6,67588.2,160194.4,21911.5,76149,166562.8,83766.7,281043.7,351336.6,23521.3,17910.2,52992.9,148296.2,38701.6,162271.9,80322.1,203711.6,87547.5,535728
150,0.006731,0.00673,0.006729,0.006728,0.006727,0.006726,0.006725,0.006724,0.006723,0.006722,0.006732,0.006733,0.006734,0.006735,0.006736,0.006737,0.006738,0.006739,0.00674,0.006741,16425,56532.4,129383.3,17911.9,67639.6,166592,17912.6,70016.9,220944.8,265063.7,1486.1,1485.8,29399.6,130918.8,49472.3,166368.4,51445.8,133534,13032.5,55126.2
151,0.006737,0.006736,0.006735,0.006734,0.006733,0.006732,0.006731,0.00673,0.006729,0.006728,0.006738,0.006739,0.00674,0.006741,0.006742,0.006743,0.006744,0.006745,0.006746,0.006747,29664.4,88546.9,140907.4,17910.6,67602.8,166472.9,71210.2,170507.6,17911.5,53108.6,1484.9,1484.6,13032.5,166287,203711.6,119390.5,684880.8,17908.2,89138.3,17907.8
152,0.006736,0.006735,0.006734,0.006733,0.006732,0.006731,0.00673,0.006729,0.006728,0.006727,0.006737,0.006738,0.006739,0.00674,0.006741,0.006742,0.006743,0.006744,0.006745,0.006746,1485,17910.6,71489.7,129303.1,17910.8,68810.8,170518.4,20337.9,53108.6,233283.8,24839.3,17909.9,112795,13032.5,115227.5,352068.6,49471,538155.9,17908.2,87554.6
153,0.006736,0.006735,0.006734,0.006733,0.006732,0.006731,0.00673,0.006729,0.006728,0.006727,0.006737,0.006738,0.006739,0.00674,0.006741,0.006742,0.006743,0.006744,0.006745,0.006746,8912,17910.6,67978.5,129315.8,17910.8,68809.7,170514.6,20328.9,53108.6,233283.8,16425,17909.9,112798.7,13032.5,111419.6,352075.3,49471,538153.1,17908.2,87554.6
154,0.006729,0.006728,0.006727,0.006726,0.006725,0.006724,0.006723,0.006722,0.006721,0.00672,0.00673,0.006731,0.006732,0.006733,0.006734,0.006735,0.006736,0.006737,0.006738,0.006739,1486.5,40118.3,129418.5,17912.6,68376.4,278878.8,397300,178048,508079.3,170428.3,17911.7,17911.3,140936.6,17910.6,50613.1,166424.6,2318.4,19522.1,17909.9,1484.6
155,0.006723,0.006722,0.006721,0.00672,0.006719,0.006718,0.006717,0.006716,0.006715,0.006714,0.006724,0.006725,0.006726,0.006727,0.006728,0.006729,0.00673,0.006731,0.006732,0.006733,17913.1,56574.7,129518.2,21913.5,67696.7,166777.2,17914.2,112409.4,360533.2,578135.4,16425,17912.6,141161.2,17912.2,55128.9,166553.6,81408.5,256149.5,156563.6,17910.6
156,0.006722,0.006721,0.00672,0.006719,0.006718,0.006717,0.006716,0.006715,0.006714,0.006713,0.006725,0.006726,0.006727,0.006728,0.006729,0.00673,0.006731,0.006732,0.006733,0.006734,133513.3,135964.9,21913.5,68172.5,168371.2,17914.2,18747.8,17914.8,231480.5,867742.8,148.5,17912.2,29705.9,129417.1,51761.7,229195.7,256154.7,157397,17910.6,159210.2
157,0.006727,0.006726,0.006725,0.006724,0.006723,0.006722,0.006721,0.00672,0.006719,0.006718,0.006728,0.006729,0.00673,0.006731,0.006732,0.006733,0.006734,0.006735,0.006736,0.006737,16425,60090.7,141300,17912.6,17912.7,67675.3,166708.6,82629.5,18747.1,101253.4,1486.7,1486.7,129370.5,221865.7,154436.2,234007.1,18744,56711.2,134187.5,240602.4
158,0.006725,0.006724,0.006723,0.006722,0.006721,0.00672,0.006719,0.006718,0.006717,0.006716,0.006726,0.006727,0.006728,0.006729,0.00673,0.006731,0.006732,0.006733,0.006734,0.006735,1487.6,1487.6,78098.6,129502.2,68878.3,170736.8,17913.7,19481.7,73017.7,241285.7,16425,129423.5,17911.7,38703.7,192356.2,253219,123707.5,85460.4,17910.6,17910
159,0.006724,0.006723,0.006722,0.006721,0.00672,0.006719,0.006718,0.006717,0.006716,0.006715,0.006725,0.006726,0.006727,0.006728,0.006729,0.00673,0.006731,0.006732,0.006733,0.006734,17912.6,17912.7,56571.9,129511.1,71691.8,166761.6,19505.4,17914.2,18747.8,135187.3,16425,17912.4,141385.4,17912.2,17911.7,236446.6,221865.7,84889,308107.1,17910.6
160,0.006724,0.006723,0.006722,0.006721,0.00672,0.006719,0.006718,0.006717,0.006716,0.006715,0.006725,0.006726,0.006727,0.006728,0.006729,0.00673,0.006731,0.006732,0.006733,0.006734,1487.6,17912.7,56574.5,129520,71691.8,166761.6,19490.3,17914.2,18747.8,135187.3,23722.4,17912.4,141434.9,17912.2,72003.5,236446.6,222699.1,19482.6,166578.4,17910.6
161,0.006723,0.006722,0.006721,0.00672,0.006719,0.006718,0.006717,0.006716,0.006715,0.006714,0.006724,0.006725,0.006726,0.006727,0.006728,0.006729,0.00673,0.006731,0.006732,0.006733,1487.7,17912.8,64192.6,140280.8,17913.7,17913.9,67957.1,169238.7,135187.3,452907.4,33150.4,17912.6,141447.9,17912.2,119283.2,167399.4,110890,221865.7,51761.1,297583.8
162,0.006718,0.006717,0.006716,0.006715,0.006714,0.006713,0.006712,0.006711,0.00671,0.006709,0.006719,0.00672,0.006721,0.006722,0.006723,0.006724,0.006725,0.006726,0.006727,0.006728,1488.9,56600.5,129602.2,75904.4,166872.2,17915,128404.2,513276.9,455497.6,438415.7,24357.4,17913.7,29966.6,129506.5,17913.1,56556.1,130291.6,19510.3,83324.3,217265.3
163,0.006718,0.006717,0.006716,0.006715,0.006714,0.006713,0.006712,0.006711,0.00671,0.006709,0.006719,0.00672,0.006721,0.006722,0.006723,0.006724,0.006725,0.006726,0.006727,0.006728,17913.9,56600.5,129602.2,75904.4,166872.2,17915,128404.2,513276.9,455497.6,438415.7,23722.4,17913.7,141660,17913.3,17913.1,56556.1,130291.6,19510.3,49474.3,124938.1
164,0.006717,0.006716,0.006715,0.006714,0.006713,0.006712,0.006711,0.00671,0.006709,0.006708,0.006718,0.006719,0.00672,0.006721,0.006722,0.006723,0.006724,0.006725,0.006726,0.006727,16425,17914.2,49629.8,129630.6,17915,84241.9,166944.4,70281.3,300456.1,223522.7,17914.2,17913.9,30070.5,166752.4,166711.8,18746.5,19480.2,17912.6,89830.9,272495.1
165,0.006717,0.006716,0.006715,0.006714,0.006713,0.006712,0.006711,0.00671,0.006709,0.006708,0.006718,0.006719,0.00672,0.006721,0.006722,0.006723,0.006724,0.006725,0.006726,0.006727,24261.9,123250.1,131507.4,17914.8,67736.1,166904.9,20319.2,21915.9,67681,223522.7,1489.3,1488.9,30089.2,223621.1,162222.6,166685.1,17912.8,18746,73636.5,240933
166,0.006711,0.00671,0.006709,0.006708,0.006707,0.006706,0.006705,0.006704,0.006703,0.006702,0.006712,0.006713,0.006714,0.006715,0.006716,0.006717,0.006718,0.006719,0.00672,0.006721,17915.5,56637.4,129720.2,17916.2,67781.8,167052.6,19485.6,117134.5,458433.1,558652.6,16425,17915.3,30244.4,129622.9,55131.6,166823.9,20358,17913.9,83325.8,223621.1
167,0.006705,0.006704,0.006703,0.006702,0.006701,0.0067,0.006699,0.006698,0.006697,0.006696,0.006706,0.006707,0.006708,0.006709,0.00671,0.006711,0.006712,0.006713,0.006714,0.006715,17916.7,56668.2,129818.9,17917.5,54310.2,171830.3,167210.7,19520,93542.5,292086.8,16425,17916.8,30393.5,129737.3,62851.8,150540.1,18749,52219.4,196577.6,275179.4
168,0.006708,0.006707,0.006706,0.006705,0.006704,0.006703,0.006702,0.006701,0.0067,0.006699,0.006709,0.00671,0.006711,0.006712,0.006713,0.006714,0.006715,0.006716,0.006717,0.006718,16425,56652.8,129770.2,17916.7,67799.5,167109.4,19517.7,55143.6,121917.9,17918.2,1491.2,1490.6,125788.8,17915.6,49477.4,166891.5,19514.4,18748,17914.2,80897.6
169,0.006707,0.006706,0.006705,0.006704,0.006703,0.006702,0.006701,0.0067,0.006699,0.006698,0.006708,0.006709,0.00671,0.006711,0.006712,0.006713,0.006714,0.006715,0.006716,0.006717,17916.4,56658.4,129788.2,17917.3,17917.3,168737.5,55143.6,121917.9,17918.2,133543.7,29121.5,17916.2,30402.2,129689.7,17915.6,50617.8,235678.6,339918.9,252983.9,17914.2
170,0.006703,0.006702,0.006701,0.0067,0.006699,0.006698,0.006697,0.006696,0.006695,0.006694,0.006704,0.006705,0.006706,0.006707,0.006708,0.006709,0.00671,0.006711,0.006712,0.006713,83221.9,17917.5,57874.5,133858.5,67837,167232.2,17918.6,19508.9,18752.5,328530.3,31050,129790.5,30466.4,17916.6,56530.5,167006.4,20318.7,17915.6,50618.1,276597.8
171,0.0067,0.006699,0.006698,0.006697,0.006696,0.006695,0.006694,0.006693,0.006692,0.006691,0.006701,0.006702,0.006703,0.006704,0.006705,0.006706,0.006707,0.006708,0.006709,0.00671,26728,17918.2,56700.7,129924.1,17918.8,67866.8,167329,17919.5,19507.4,215891.5,17917.9,17917.7,142419.8,125188.4,167101.9,20342.8,17916.6,89233,279010,383832.8
172,0.006701,0.0067,0.006699,0.006698,0.006697,0.006696,0.006695,0.006694,0.006693,0.006692,0.006702,0.006703,0.006704,0.006705,0.006706,0.006707,0.006708,0.006709,0.00671,0.006711,29044.6,191445,17918.2,17918.4,67849.4,168843.9,18752.5,17919.3,90183.6,287982.2,25850.1,17917.5,30481.6,129790.5,67778.1,167039.6,22680.5,51766.2,90427,53113.4
173,0.006706,0.006705,0.006704,0.006703,0.006702,0.006701,0.0067,0.006699,0.006698,0.006697,0.006707,0.006708,0.006709,0.00671,0.006711,0.006712,0.006713,0.006714,0.006715,0.006716,15070.7,76797.6,197255.5,17917.3,17917.7,69492.8,172780.8,18751.6,17918.4,17918.6,25849,22680.5,179543.1,51765.6,166948,17915.6,87964.5,121839.3,406068.9,250555.8
174,0.006714,0.006713,0.006712,0.006711,0.00671,0.006709,0.006708,0.006707,0.006706,0.006705,0.006715,0.006716,0.006717,0.006718,0.006719,0.00672,0.006721,0.006722,0.006723,0.006724,16425,187228.6,17915.2,68949.5,170969.2,19482.9,18749.6,17916.2,17916.6,125139.9,1489.8,17914.6,30437.7,17914.3,162258.2,286899,432626.1,399404.9,17913.1,20343.1
175,0.006711,0.00671,0.006709,0.006708,0.006707,0.006706,0.006705,0.006704,0.006703,0.006702,0.006712,0.006713,0.006714,0.006715,0.006716,0.006717,0.006718,0.006719,0.00672,0.006721,1490.2,48256.8,129722.7,17916.2,68029.6,167050.8,19495.8,18750.7,17917.3,64264.9,31654.8,17915.3,142063.8,80960.6,225215.2,67706.9,167643.1,49476,301274.3,226918.5
176,0.006708,0.006707,0.006706,0.006705,0.006704,0.006703,0.006702,0.006701,0.0067,0.006699,0.006709,0.00671,0.006711,0.006712,0.006713,0.006714,0.006715,0.006716,0.006717,0.006718,1491.2,1491.2,56658.1,129787.2,17917.3,67808.1,167138.3,19491.9,22751.3,17918.2,24357.4,129711.3,30146.5,17915.5,67732.5,201575.1,212848,225215.2,17914.2,17914.3
177,0.006707,0.006706,0.006705,0.006704,0.006703,0.006702,0.006701,0.0067,0.006699,0.006698,0.006708,0.006709,0.00671,0.006711,0.006712,0.006713,0.006714,0.006715,0.006716,0.006717,16425,187347.3,17916.8,17917.3,67807.1,167135.1,20329.8,21917.9,17918.2,17918.4,1491.4,17916.2,30134,129690.1,51765.5,166908.3,51089.8,150649.5,225215.2,241272.6
178,0.006708,0.006707,0.006706,0.006705,0.006704,0.006703,0.006702,0.006701,0.0067,0.006699,0.006709,0.00671,0.006711,0.006712,0.006713,0.006714,0.006715,0.006716,0.006717,0.006718,3647,59635.5,129772.9,17916.8,67798.6,167106.5,19510.6,18751.1,21917.9,90115.3,17916.2,17915.9,141877.6,17915.5,17915.3,166892,20345,225215.2,17914.2,17914.3
179,0.006707,0.006706,0.006705,0.006704,0.006703,0.006702,0.006701,0.0067,0.006699,0.006698,0.006708,0.006709,0.00671,0.006711,0.006712,0.006713,0.006714,0.006715,0.006716,0.006717,85061.2,56657.2,174968.7,129806,17917.3,17917.7,18751.1,23524.7,17918.2,63995.1,1491.4,17916.2,30051.5,129697,17915.5,51105.3,166890.4,20327.5,225215.2,117914.2
180,0.006714,0.006713,0.006712,0.006711,0.00671,0.006709,0.006708,0.006707,0.006706,0.006705,0.006715,0.006716,0.006717,0.006718,0.006719,0.00672,0.006721,0.006722,0.006723,0.006724,16425,56621.4,129669.8,17915.5,71762.3,166990.2,19504.7,18749.8,53114.8,163942.8,17914.8,17914.6,141710.8,17914.3,225975.3,17913.7,375737.4,252194.3,167700.6,263964.3
181,0.006713,0.006712,0.006711,0.00671,0.006709,0.006708,0.006707,0.006706,0.006705,0.006704,0.006714,0.006715,0.006716,0.006717,0.006718,0.006719,0.00672,0.006721,0.006722,0.006723,3647,114197.3,129675.7,21915.7,67764.2,166995.9,19494.2,53948.2,226057,171672.4,25847.4,17914.8,30039.3,129588,17914.3,225975.3,166754.5,229325.4,250595.7,390016.7
182,0.006712,0.006711,0.00671,0.006709,0.006708,0.006707,0.006706,0.006705,0.006704,0.006703,0.006713,0.006714,0.006715,0.006716,0.006717,0.006718,0.006719,0.00672,0.006721,0.006722,1490.3,1490.5,56637,129719.5,68244.7,167027,54685.9,226057,172505.8,733559.4,21363,17915,141729.9,17914.6,17914.2,199509.2,228388.8,17913.7,226918.5,250595.7
183,0.006717,0.006716,0.006715,0.006714,0.006713,0.006712,0.006711,0.00671,0.006709,0.006708,0.006718,0.006719,0.00672,0.006721,0.006722,0.006723,0.006724,0.006725,0.006726,0.006727,71886.1,68889,59063.6,17914.8,17915,17915.3,19489.1,21915.7,17915.9,17916.2,1489.3,17913.9,17913.7,141177.4,226330.1,17913.1,439439.2,318638.1,18745.8,240947.6
184,0.006725,0.006724,0.006723,0.006722,0.006721,0.00672,0.006719,0.006718,0.006717,0.006716,0.006727,0.006728,0.006729,0.00673,0.006731,0.006732,0.006733,0.006734,0.006735,0.006736,1487.6,1487.6,67941.7,129503,68876.4,170730.5,17913.7,17913.9,19506.2,90783.9,55129.2,129403.7,51092.8,226173,237743.2,90191.9,166643.1,318276,17910,518868.1
185,0.006725,0.006724,0.006723,0.006722,0.006721,0.00672,0.006719,0.006718,0.006717,0.006716,0.006728,0.006729,0.00673,0.006731,0.006732,0.006733,0.006734,0.006735,0.006736,0.006737,56558.2,129467.6,29040.4,67673.4,166701.2,23495.2,18747.1,89930.1,241260.3,62387.3,17912.2,17911.7,337634.5,17911.3,307538.8,168209,319109.4,147100.3,164700.2,386401.5
186,0.006725,0.006724,0.006723,0.006722,0.006721,0.00672,0.006719,0.006718,0.006717,0.006716,0.006726,0.006727,0.006728,0.006729,0.00673,0.006731,0.006732,0.006733,0.006734,0.006735,16425,56563.5,140369.1,17913.1,68874.8,170725.4,17913.7,20324.5,17914.8,85508.7,17912.4,17912.2,337879,17911.7,51761.3,221033,238789.1,17910.6,55127.6,147100.3
187,0.006724,0.006723,0.006722,0.006721,0.00672,0.006719,0.006718,0.006717,0.006716,0.006715,0.006726,0.006727,0.006728,0.006729,0.00673,0.006731,0.006732,0.006733,0.006734,0.006735,17912.1,59772,140073.1,17913.3,71689.5,166753,20349.8,17914.8,146363.4,459264.2,17912.4,17912.2,337878.4,150829.7,433183.5,305478.7,218980.4,19476.1,162793.6,385575.6
188,0.006725,0.006724,0.006723,0.006722,0.006721,0.00672,0.006719,0.006718,0.006717,0.006716,0.006726,0.006727,0.006728,0.006729,0.00673,0.006731,0.006732,0.006733,0.006734,0.006735,1487.4,17912.1,129470.7,17913.1,17913.3,170731.5,17913.7,20356.2,89939.9,369738.8,16425,17912.2,112985.5,17911.7,118264,375228.6,18744.5,51057.2,538250.3,87759.3
189,0.006727,0.006726,0.006725,0.006724,0.006723,0.006722,0.006721,0.00672,0.006719,0.006718,0.006728,0.006729,0.00673,0.006731,0.006732,0.006733,0.006734,0.006735,0.006736,0.006737,16425,17912.2,28147,67661.6,166665,17913.1,17913.3,24351.9,53111,117913.9,17912.2,1486.7,17911.3,338075.6,17911.1,153242.2,687618.8,89346.7,17910,17910
190,0.006727,0.006726,0.006725,0.006724,0.006723,0.006722,0.006721,0.00672,0.006719,0.006718,0.006728,0.006729,0.00673,0.006731,0.006732,0.006733,0.006734,0.006735,0.006736,0.006737,16425,56553.1,139698.8,67662,166666.2,17913.1,17913.3,96313.4,241193.7,17913.9,24520.2,1486.7,17911.3,338077.3,17911.1,153242.2,757461,149316,17910,161725.4
191,0.006728,0.006727,0.006726,0.006725,0.006724,0.006723,0.006722,0.006721,0.00672,0.006719,0.006729,0.00673,0.006731,0.006732,0.006733,0.006734,0.006735,0.006736,0.006737,0.006738,29631.2,129418,28125.5,17912.4,67661.3,167497.5,19480.1,17913.3,93908.4,241188.3,1486.7,1486.3,17911.3,17911.1,264664.2,595463.8,87748,18743.4,318427.2,119515.6
192,0.006729,0.006728,0.006727,0.006726,0.006725,0.006724,0.006723,0.006722,0.006721,0.00672,0.006731,0.006732,0.006733,0.006734,0.006735,0.006736,0.006737,0.006738,0.006739,0.00674,1486.7,59595,139640.3,17912.2,67656.7,166647.6,17912.8,19525.3,18746.7,93908.4,13486.7,162046.8,197104,227085,51760,192871.9,467004.8,17909.9,205811.6,382711.1
193,0.006727,0.006726,0.006725,0.006724,0.006723,0.006722,0.006721,0.00672,0.006719,0.006718,0.006728,0.006729,0.00673,0.006731,0.006732,0.006733,0.006734,0.006735,0.006736,0.006737,23722.4,17912.2,66816,129466.5,67667.3,166681.9,18746.7,23499.7,17913.7,17913.9,1487.1,17911.8,129371.3,17911.4,51761.1,261027.9,287019,19486.2,118743.4,689690.7
194,0.006724,0.006723,0.006722,0.006721,0.00672,0.006719,0.006718,0.006717,0.006716,0.006715,0.006725,0.006726,0.006727,0.006728,0.006729,0.00673,0.006731,0.006732,0.006733,0.006734,23392.8,17912.8,56823.7,130353.8,19499.7,67700.5,166790,85856,356057.4,508056.4,17912.6,17912.4,129420.6,297468.5,307630,17911.8,17911.4,17911.1,84916.1,511039.5
195,0.006715,0.006714,0.006713,0.006712,0.006711,0.00671,0.006709,0.006708,0.006707,0.006706,0.006718,0.006719,0.00672,0.006721,0.006722,0.006723,0.006724,0.006725,0.006726,0.006727,56607.2,129622.8,17915,67746.5,166938.7,20968.2,146053.3,590583.6,450632.5,93057.6,1488.5,17913.5,45786.3,339625.8,59681.8,129494.7,17912.6,17912.6,17912.4,17912.2
196,0.006712,0.006711,0.00671,0.006709,0.006708,0.006707,0.006706,0.006705,0.006704,0.006703,0.006713,0.006714,0.006715,0.006716,0.006717,0.006718,0.006719,0.00672,0.006721,0.006722,17915.3,56632.5,129705.3,71043,166992.4,17916.4,93057.6,395894.7,299193.1,355887,7924.5,17915,140156.8,49476.6,129594.9,17913.5,17913.5,89463.7,228002.6,58426.1
197,0.00671,0.006709,0.006708,0.006707,0.006706,0.006705,0.006704,0.006703,0.006702,0.006701,0.006712,0.006713,0.006714,0.006715,0.006716,0.006717,0.006718,0.006719,0.00672,0.006721,17915.7,59853.3,129725.5,17916.4,53114.8,167059.8,17917.3,59616.8,320417.8,368854.2,17915.5,17915.3,140575.9,1489.8,49476.6,166814,17913.5,17913.5,89463.7,369078.3
198,0.006712,0.006711,0.00671,0.006709,0.006708,0.006707,0.006706,0.006705,0.006704,0.006703,0.006713,0.006714,0.006715,0.006716,0.006717,0.006718,0.006719,0.00672,0.006721,0.006722,1490,1490,25024.4,56638.3,129723.4,57272.6,167044.9,23302.2,17917.3,147557.3,23722.4,129644.3,44815.4,49476.6,166814,17913.5,19484.5,89463.7,328002.6,50615.8
199,0.00671,0.006709,0.006708,0.006707,0.006706,0.006705,0.006704,0.006703,0.006702,0.006701,0.006711,0.006712,0.006713,0.006714,0.006715,0.006716,0.006717,0.006718,0.006719,0.00672,23722.4,17915.9,40223.1,129755.2,67784.8,167062.8,17917.3,61223.7,228320.4,17917.7,1258.3,17915.3,141116.2,17915.3,50617.3,166839.9,19527.9,50330.1,162017.4,89463.7
200,0.00671,0.006709,0.006708,0.006707,0.006706,0.006705,0.006704,0.006703,0.006702,0.006701,0.006711,0.006712,0.006713,0.006714,0.006715,0.006716,0.006717,0.006718,0.006719,0.00672,23722.4,17915.9,68467.9,129754.7,17916.6,67793.4,168672.3,134705.9,409111.7,18737.4,17683.3,129678.7,17915.3,49477.4,167688.2,17914.5,17914.5,51907.9,162017.4,105888.7
201,0.006712,0.006711,0.00671,0.006709,0.006708,0.006707,0.006706,0.006705,0.006704,0.006703,0.006713,0.006714,0.006715,0.006716,0.006717,0.006718,0.006719,0.00672,0.006721,0.006722,21152.2,50297.8,145742.6,17915.9,68157,167021.1,19502.4,17916.8,18737,134705.9,1490.3,1490.3,129135.3,17914.5,58028.4,468461.1,18733.2,107486.5,228002.6,17913.3
202,0.00672,0.006719,0.006718,0.006717,0.006716,0.006715,0.006714,0.006713,0.006712,0.006711,0.006722,0.006723,0.006724,0.006725,0.006726,0.006727,0.006728,0.006729,0.00673,0.006731,59809.2,129555.3,13589.3,63281.4,150390.6,17914.8,19489.8,17915,50612.9,180069.3,17914.8,1489.8,129475.5,82064.7,228921.4,67883.1,215341.1,461898.4,315842.5,17911.4
203,0.006717,0.006716,0.006715,0.006714,0.006713,0.006712,0.006711,0.00671,0.006709,0.006708,0.006718,0.006719,0.00672,0.006721,0.006722,0.006723,0.006724,0.006725,0.006726,0.006727,16425,43754.7,141590.8,17914.8,58223.5,166914.6,6793.6,23484.9,17915.9,64606.3,1489.3,17914,56580,129534.7,54044.7,166695,17912.6,117622.5,373869.1,17912.2
204,0.006721,0.00672,0.006719,0.006718,0.006717,0.006716,0.006715,0.006714,0.006713,0.006712,0.006722,0.006723,0.006724,0.006725,0.006726,0.006727,0.006728,0.006729,0.00673,0.006731,1488.7,17913.7,68434.6,129568.5,17914.2,51767.7,166850.6,104154.3,298706.3,17915.3,16425,17914.8,129474.4,120343.8,531155.2,201274.6,164465.7,319201.3,296145.9,17911.4
205,0.006719,0.006718,0.006717,0.006716,0.006715,0.006714,0.006713,0.006712,0.006711,0.00671,0.006721,0.006722,0.006723,0.006724,0.006725,0.006726,0.006727,0.006728,0.006729,0.00673,1488.7,1489.2,141105.3,68192.7,166850.6,17914.8,17915,19502.5,43185.4,194012.3,27021.2,114141,130313,17912.6,114506.2,518855.3,17912.2,17912.1,319201.3,308526.4
206,0.006719,0.006718,0.006717,0.006716,0.006715,0.006714,0.006713,0.006712,0.006711,0.00671,0.00672,0.006721,0.006722,0.006723,0.006724,0.006725,0.006726,0.006727,0.006728,0.006729,24357.4,129569.7,29252.2,67716.6,166840.2,19496.3,17915,49793.2,106793.6,94832,1488.6,1488.6,17913.4,17914.8,129471,113735.6,420341.3,168194.1,17912.1,319201.3
207,0.00672,0.006719,0.006718,0.006717,0.006716,0.006715,0.006714,0.006713,0.006712,0.006711,0.006721,0.006722,0.006723,0.006724,0.006725,0.006726,0.006727,0.006728,0.006729,0.00673,17913.3,1488.7,67835.2,129581.2,17914.8,83794.7,166870.5,88010.1,261390.1,106793.6,24487.2,17913.4,129489.1,67901.4,230465.2,300191.1,19517.7,82176.7,389163,166688.2
208,0.006716,0.006715,0.006714,0.006713,0.006712,0.006711,0.00671,0.006709,0.006708,0.006707,0.006717,0.006718,0.006719,0.00672,0.006721,0.006722,0.006723,0.006724,0.006725,0.006726,1489.8,23295.4,56616.6,129654.4,17915.3,57826.8,170965.4,17915.9,17820.7,148517.7,16963.6,17914.2,140812.6,27935.8,51435.7,166718.2,19495.1,51762.6,206682.6,300191.1
209,0.006717,0.006716,0.006715,0.006714,0.006713,0.006712,0.006711,0.00671,0.006709,0.006708,0.006718,0.006719,0.00672,0.006721,0.006722,0.006723,0.006724,0.006725,0.006726,0.006727,23722.4,51702,113189.9,17914.8,70952.2,166913.8,8380.1,81229.8,198707.2,18640.4,3605.6,17913.9,29088.4,129535.8,17913.4,68484.5,166666.5,105075.8,300191.1,340930.1
210,0.006719,0.006718,0.006717,0.006716,0.006715,0.006714,0.006713,0.006712,0.006711,0.00671,0.00672,0.006721,0.006722,0.006723,0.006724,0.006725,0.006726,0.006727,0.006728,0.006729,16425,56593.9,129581.9,51702,113189.9,17914.8,19497.4,17915.3,6793.6,141210.8,1488.5,1488.5,17913.4,129493.6,17912.6,141789,448900.9,19494.6,51762.1,389163
211,0.006728,0.006727,0.006726,0.006725,0.006724,0.006723,0.006722,0.006721,0.00672,0.006719,0.006729,0.00673,0.006731,0.006732,0.006733,0.006734,0.006735,0.006736,0.006737,0.006738,24357.4,129412.9,29068.1,82505.3,166642.3,17912.8,19524,17913.3,22733.2,89917.6,1486.8,1486.8,17911.4,229957.9,129335.2,105885.8,384401.5,315016.7,160576.9,117909.9
212,0.006724,0.006723,0.006722,0.006721,0.00672,0.006719,0.006718,0.006717,0.006716,0.006715,0.006725,0.006726,0.006727,0.006728,0.006729,0.00673,0.006731,0.006732,0.006733,0.006734,17912.4,43437.9,140536.3,68879.3,170740.3,17913.7,17913.7,19495.1,18734.5,95035,16425,17912.6,17911.9,129407.4,17911.8,17911.8,113291.7,380116.4,17910.6,105885.8
213,0.006728,0.006727,0.006726,0.006725,0.006724,0.006723,0.006722,0.006721,0.00672,0.006719,0.006729,0.00673,0.006731,0.006732,0.006733,0.006734,0.006735,0.006736,0.006737,0.006738,7932.4,129418.1,28794.7,17912.4,68130.2,168233.7,17913.1,17913.3,22733.2,53110.9,23290.8,1486.8,17911.4,341385.9,17910.6,146553.8,501347.9,166531.6,290420.5,119495
214,0.006728,0.006727,0.006726,0.006725,0.006724,0.006723,0.006722,0.006721,0.00672,0.006719,0.006729,0.00673,0.006731,0.006732,0.006733,0.006734,0.006735,0.006736,0.006737,0.006738,16425,17911.9,70506.6,129453.1,68130.2,166668.4,19486,78665.4,202704.8,53930.6,17911.8,1486.8,129357.4,229957.9,50292.4,254421.3,352019.7,168111.6,159010.4,117909.9
215,0.006727,0.006726,0.006725,0.006724,0.006723,0.006722,0.006721,0.00672,0.006719,0.006718,0.006728,0.006729,0.00673,0.006731,0.006732,0.006733,0.006734,0.006735,0.006736,0.006737,1486.9,43280.9,140012.3,82116.2,166668.7,17913.1,19505.5,21913.5,53930.6,234931.8,24381.1,17911.8,1486.8,129361.4,341386,18730.3,105885.8,350879.3,200823.4,159010.4
216,0.006722,0.006721,0.00672,0.006719,0.006718,0.006717,0.006716,0.006715,0.006714,0.006713,0.006725,0.006726,0.006727,0.006728,0.006729,0.00673,0.006731,0.006732,0.006733,0.006734,17913.1,59715.8,140042,17913.7,67705.4,166806.2,17914.8,19523.9,139471.3,522154.2,16425,129443.5,61847.6,130489,17911.8,34648.1,211296.1,260640.7,161603.9,17910.6
217,0.006718,0.006717,0.006716,0.006715,0.006714,0.006713,0.006712,0.006711,0.00671,0.006709,0.00672,0.006721,0.006722,0.006723,0.006724,0.006725,0.006726,0.006727,0.006728,0.006729,17913.7,129587.7,17914.8,67725.5,166869.9,17915,17915.3,8402.9,57933.3,159152.9,17913.7,1488.4,140123.7,17912.9,70781.9,167462.2,19524.9,17911.9,18996.6,51761.8
218,0.006718,0.006717,0.006716,0.006715,0.006714,0.006713,0.006712,0.006711,0.00671,0.006709,0.006719,0.00672,0.006721,0.006722,0.006723,0.006724,0.006725,0.006726,0.006727,0.006728,1488.7,56601.3,129605.1,17914.8,78495.4,166891.2,84053.2,221567.6,92663,363310,16425,17913.7,12260,179515.4,167503.1,17913.3,17912.6,19493.2,17911.9,86713.4
219,0.006719,0.006718,0.006717,0.006716,0.006715,0.006714,0.006713,0.006712,0.006711,0.00671,0.00672,0.006721,0.006722,0.006723,0.006724,0.006725,0.006726,0.006727,0.006728,0.006729,7297.4,17913.7,56600.1,129600.9,17914.8,67731.8,166891.2,84053.2,221567.6,92663,17913.7,113096.5,17913.4,18732.6,67656,166642.1,19493.2,17911.9,86713.4,272425.7
220,0.006718,0.006717,0.006716,0.006715,0.006714,0.006713,0.006712,0.006711,0.00671,0.006709,0.006719,0.00672,0.006721,0.006722,0.006723,0.006724,0.006725,0.006726,0.006727,0.006728,1488.7,1489.2,129600.9,17914.8,67731.8,166891.2,84053.2,221567.6,92663,433313.4,16425,17913.7,124177.5,17913.4,52582.6,166667.4,19518.2,49474.5,158569.2,85628.7
221,0.006723,0.006722,0.006721,0.00672,0.006719,0.006718,0.006717,0.006716,0.006715,0.006714,0.006724,0.006725,0.006726,0.006727,0.006728,0.006729,0.00673,0.006731,0.006732,0.006733,23722.4,73759.2,187089.1,21913.5,67697.3,166779.2,19513.4,18734.5,17914.8,89961.8,1487.9,17912.6,17912.4,129420.7,17911.9,281163.7,301633,353768.2,269786.7,240749
222,0.006729,0.006728,0.006727,0.006726,0.006725,0.006724,0.006723,0.006722,0.006721,0.00672,0.00673,0.006731,0.006732,0.006733,0.006734,0.006735,0.006736,0.006737,0.006738,0.006739,94332.8,55550.1,140696.8,17912.2,69227.9,166639.8,17912.8,18732.8,17913.3,21913.5,1486.8,1486.4,17911.1,129321.6,231418.1,135092.5,505531.5,237302.9,267082.2,85698.6
223,0.00674,0.006739,0.006738,0.006737,0.006736,0.006735,0.006734,0.006733,0.006732,0.006731,0.006741,0.006742,0.006743,0.006744,0.006745,0.006746,0.006747,0.006748,0.006749,0.00675,9416.9,59748,140162.5,17910,65695.8,158473.4,17910.8,74312.2,238689,18730.8,28519.1,17908.9,112729.2,17908.2,17908.2,138585.5,549166.9,234009.4,89255.7,151879.7
224,0.00674,0.006739,0.006738,0.006737,0.006736,0.006735,0.006734,0.006733,0.006732,0.006731,0.006741,0.006742,0.006743,0.006744,0.006745,0.006746,0.006747,0.006748,0.006749,0.00675,17909.5,129218.6,28505.6,67574.3,166379.6,11554.2,17910.8,73554.2,282198.9,145761.8,11720.7,17908.9,1484.5,129135.9,17908.2,138585.5,432245,234009.4,89276.2,151879.7
225,0.006731,0.00673,0.006729,0.006728,0.006727,0.006726,0.006725,0.006724,0.006723,0.006722,0.006732,0.006733,0.006734,0.006735,0.006736,0.006737,0.006738,0.006739,0.00674,0.006741,17911.1,17911.3,17911.5,55550.1,129417.1,67651,166629.2,19502.2,53996.7,117913.1,25645.2,129319.8,28265.6,51760.4,130090.7,17909.7,17909.7,19499.1,113610.3,340462
226,0.006732,0.006731,0.00673,0.006729,0.006728,0.006727,0.006726,0.006725,0.006724,0.006723,0.006733,0.006734,0.006735,0.006736,0.006737,0.006738,0.006739,0.00674,0.006741,0.006742,7508.1,50819.1,265529.8,67810.9,165555.5,17911.9,19517.6,17912.6,90111.4,241872.1,25100.6,17910.6,28195.3,129273,17909.7,49471.8,166333.1,18729,69204.8,166481.2
227,0.006731,0.00673,0.006729,0.006728,0.006727,0.006726,0.006725,0.006724,0.006723,0.006722,0.006732,0.006733,0.006734,0.006735,0.006736,0.006737,0.006738,0.006739,0.00674,0.006741,23722.4,182784.1,129381.5,16919.1,105332.5,363351,217110.7,165322.1,68081.3,210098.7,1486.1,17911,139683.7,17910.4,17910.4,50291.5,166352.4,19513,17909.3,101453.7
228,0.00673,0.006729,0.006728,0.006727,0.006726,0.006725,0.006724,0.006723,0.006722,0.006721,0.006731,0.006732,0.006733,0.006734,0.006735,0.006736,0.006737,0.006738,0.006739,0.00674,138252.7,98138.1,335914.4,252832.8,314072.3,106886.5,379612,131675.8,487473.4,276579.8,7297.3,17911.1,17911,129318.4,17910.4,50612.9,167197.9,17909.7,19513,17909.3
229,0.006731,0.00673,0.006729,0.006728,0.006727,0.006726,0.006725,0.006724,0.006723,0.006722,0.006732,0.006733,0.006734,0.006735,0.006736,0.006737,0.006738,0.006739,0.00674,0.006741,19198.9,138252.7,70477.9,178843.8,264947.5,371912.5,309237.4,648518.5,278658,1193640.8,1486.3,17911,112877.7,17910.4,50612.9,167200.8,17909.7,19485.4,17909.3,101453.7
230,0.00673,0.006729,0.006728,0.006727,0.006726,0.006725,0.006724,0.006723,0.006722,0.006721,0.006731,0.006732,0.006733,0.006734,0.006735,0.006736,0.006737,0.006738,0.006739,0.00674,104087.7,17911.5,67353.2,225406.8,320005.6,99943.4,382465,278658,728906.2,256174.4,23722.4,17911.3,129328.4,112880.7,17910.4,17910.4,18729.4,17909.7,19487.3,17909.3
231,0.006734,0.006733,0.006732,0.006731,0.00673,0.006729,0.006728,0.006727,0.006726,0.006725,0.006735,0.006736,0.006737,0.006738,0.006739,0.00674,0.006741,0.006742,0.006743,0.006744,68243.3,129317.1,18621.4,55078.1,214678.9,368772.7,218503.4,211302.6,293660.7,807514.8,7297.4,1485.4,17909.7,129237.5,17909.5,17909.3,167102.5,17908.9,17909.5,53337.5
232,0.006743,0.006742,0.006741,0.00674,0.006739,0.006738,0.006737,0.006736,0.006735,0.006734,0.006744,0.006745,0.006746,0.006747,0.006748,0.006749,0.00675,0.006751,0.006752,0.006753,17908.4,171220.1,140884.7,71496.2,166301.3,17909.5,19475.5,221755,251843.8,311362,43388.1,17908.2,1482.8,129087.2,17907.1,68307.4,166099.3,19471.9,17906.8,82171
233,0.006744,0.006743,0.006742,0.006741,0.00674,0.006739,0.006738,0.006737,0.006736,0.006735,0.006745,0.006746,0.006747,0.006748,0.006749,0.00675,0.006751,0.006752,0.006753,0.006754,102278.9,92070.5,29642.3,17908.9,81100.2,166308.6,17909.5,68412.2,217494.5,251024.1,1483.2,1482.8,17907.8,129070.1,17907.1,67476,166879.7,17906.8,82171,275487.3
234,0.006739,0.006738,0.006737,0.006736,0.006735,0.006734,0.006733,0.006732,0.006731,0.00673,0.00674,0.006741,0.006742,0.006743,0.006744,0.006745,0.006746,0.006747,0.006748,0.006749,1484.3,56490.5,129249.5,67581.5,166402.2,19497,17910.6,42429.3,191603.3,358224.8,23685.9,17909.1,29647.2,129159.2,129137.5,18727.9,1482.8,17907.8,19474.1,17907.1
235,0.006735,0.006734,0.006733,0.006732,0.006731,0.00673,0.006729,0.006728,0.006727,0.006726,0.006736,0.006737,0.006738,0.006739,0.00674,0.006741,0.006742,0.006743,0.006744,0.006745,23722.4,160084,209948.7,191885.4,240783.7,404019.6,212914,163204.9,18731.6,236125.2,1485.2,1485,29763.8,129220.7,17909.5,51759.1,166261,18728.3,100660,404373.4
236,0.006736,0.006735,0.006734,0.006733,0.006732,0.006731,0.00673,0.006729,0.006728,0.006727,0.006737,0.006738,0.006739,0.00674,0.006741,0.006742,0.006743,0.006744,0.006745,0.006746,17910.2,60680.4,181884.9,360317.8,342052.2,120838.7,452999.4,212914,264024.6,66925,16425,17909.5,142567.3,17909.5,17909.1,49471,167069.8,20047.9,49809.2,147768.6
237,0.006735,0.006734,0.006733,0.006732,0.006731,0.00673,0.006729,0.006728,0.006727,0.006726,0.006736,0.006737,0.006738,0.006739,0.00674,0.006741,0.006742,0.006743,0.006744,0.006745,1287.7,89785.8,280939.8,6988.2,125746.1,422323,68473.1,219992.1,169536.2,183693.9,17910.2,17910,141374.2,19215.5,17909.5,51759.1,182360,18728.3,21631.1,84735.3
238,0.006738,0.006737,0.006736,0.006735,0.006734,0.006733,0.006732,0.006731,0.00673,0.006729,0.006739,0.00674,0.006741,0.006742,0.006743,0.006744,0.006745,0.006746,0.006747,0.006748,52760,56496.5,180913.1,225136.1,213220.4,129315.5,162090,174235.6,496239.6,263052.6,2790.5,17909.5,30235,129171.3,17908.6,168358.2,18727.9,1482.8,17907.8,52181.9
239,0.006737,0.006736,0.006735,0.006734,0.006733,0.006732,0.006731,0.00673,0.006729,0.006728,0.006738,0.006739,0.00674,0.006741,0.006742,0.006743,0.006744,0.006745,0.006746,0.006747,93565.7,129268.1,17910.3,146061.5,440468.3,125507,265480.4,534478.7,270391.2,608541,7297.4,17909.5,30377.1,129189.9,17908.9,51758.6,168362.4,18727.9,1482.8,17907.8
240,0.006736,0.006735,0.006734,0.006733,0.006732,0.006731,0.00673,0.006729,0.006728,0.006727,0.006737,0.006738,0.006739,0.00674,0.006741,0.006742,0.006743,0.006744,0.006745,0.006746,23722.4,6418.7,56508.2,217230.6,310593.1,127347.4,495061.3,228692.9,648809.2,579169.4,17910,17909.7,141859,17909.5,17909.1,67533.5,166246.7,20867.6,17908.2,68499.7
241,0.006738,0.006737,0.006736,0.006735,0.006734,0.006733,0.006732,0.006731,0.00673,0.006729,0.006739,0.00674,0.006741,0.006742,0.006743,0.006744,0.006745,0.006746,0.006747,0.006748,7297.4,17909.7,56501.6,129285,97398.3,282823,59750.3,279263,340827.2,173668,15810.5,17909.5,141947.9,17908.9,166235.1,20867.6,17908.2,68480.3,240265.5,85804.9
242,0.006737,0.006736,0.006735,0.006734,0.006733,0.006732,0.006731,0.00673,0.006729,0.006728,0.006738,0.006739,0.00674,0.006741,0.006742,0.006743,0.006744,0.006745,0.006746,0.006747,38361.9,56500.9,129282.6,56508.2,129306.1,8595.1,125746.1,340827.2,138344.6,344741.8,23722.4,17910,14276,129187.9,17908.9,50611.1,168363.1,18727.9,84896,291733.9
243,0.006732,0.006731,0.00673,0.006729,0.006728,0.006727,0.006726,0.006725,0.006724,0.006723,0.006733,0.006734,0.006735,0.006736,0.006737,0.006738,0.006739,0.00674,0.006741,0.006742,7297.4,88344.3,235957.1,56237.3,181415.7,172308.1,65004.6,290242.9,627124.8,748594.6,17910.8,17910.6,142196.8,17910.2,17909.7,49471.8,167143.6,1484.5,17909.1,19493.2
244,0.00673,0.006729,0.006728,0.006727,0.006726,0.006725,0.006724,0.006723,0.006722,0.006721,0.006731,0.006732,0.006733,0.006734,0.006735,0.006736,0.006737,0.006738,0.006739,0.00674,91642,53963.5,128407.6,68805.9,219075.3,370186.3,541113.8,392409.4,484982.5,239998.2,16425,17911.1,30934.5,129303.3,17910.4,67821,167205.5,17909.7,19518.7,65749.1
245,0.00673,0.006729,0.006728,0.006727,0.006726,0.006725,0.006724,0.006723,0.006722,0.006721,0.006731,0.006732,0.006733,0.006734,0.006735,0.006736,0.006737,0.006738,0.006739,0.00674,87488.3,56241.2,128407.8,17911.9,211023.2,626497.9,576048.6,464018.1,447413.6,592257.6,16425,17911.1,136788.6,17910.6,17910.4,166394.7,18729.4,17909.7,17910,67352.7
246,0.006727,0.006726,0.006725,0.006724,0.006723,0.006722,0.006721,0.00672,0.006719,0.006718,0.006728,0.006729,0.00673,0.006731,0.006732,0.006733,0.006734,0.006735,0.006736,0.006737,23722.4,59763.5,129446.4,90108.1,389105.4,223391.4,273785.3,317196.8,410360.2,365984.8,25844.3,17911.7,14698,129359,65890.9,160736.3,17910.6,40198.9,17910.2,84923.2
247,0.006724,0.006723,0.006722,0.006721,0.00672,0.006719,0.006718,0.006717,0.006716,0.006715,0.006725,0.006726,0.006727,0.006728,0.006729,0.00673,0.006731,0.006732,0.006733,0.006734,17912.6,98043.4,280302.9,69469.6,218063.6,231748.5,516968.2,556999.9,429231.3,121730.6,16425,17912.3,142681.6,17911.9,51626.3,112946.9,18731,19490.1,12180.8,17910.6
248,0.006725,0.006724,0.006723,0.006722,0.006721,0.00672,0.006719,0.006718,0.006717,0.006716,0.006726,0.006727,0.006728,0.006729,0.00673,0.006731,0.006732,0.006733,0.006734,0.006735,54659,17912.6,56568.4,213599.2,365257.2,247338.8,315353,666227.9,962551.1,811740,23722.4,17912.3,142752.7,13340,1486.3,130183.4,17911.1,12180.8,17910.6,19481.5
249,0.006724,0.006723,0.006722,0.006721,0.00672,0.006719,0.006718,0.006717,0.006716,0.006715,0.006725,0.006726,0.006727,0.006728,0.006729,0.00673,0.006731,0.006732,0.006733,0.006734,66897.1,56569.7,129503.7,64195.2,178185.9,123099.1,513464,462232.1,125588.6,373339.6,7297.4,17912.6,142799.5,17911.9,161978.5,1486.3,17911.3,17911.1,12180.8,82175.2
250,0.006726,0.006725,0.006724,0.006723,0.006722,0.006721,0.00672,0.006719,0.006718,0.006717,0.006727,0.006728,0.006729,0.00673,0.006731,0.006732,0.006733,0.006734,0.006735,0.006736,53020.6,56559.1,129469,48492.1,207332.9,219224.8,262150.6,353886,464597.6,533417.8,7297.4,17911.9,26343.4,112959.5,17911.3,49473.2,160734.2,17910.6,17910.4,53106.2
251,0.006726,0.006725,0.006724,0.006723,0.006722,0.006721,0.00672,0.006719,0.006718,0.006717,0.006727,0.006728,0.006729,0.00673,0.006731,0.006732,0.006733,0.006734,0.006735,0.006736,68862.9,48482.8,129469.4,17912.8,54093.7,219468.2,202947.9,149932.7,670095.5,1345208.8,9419.6,17911.9,137678.3,1486.3,49473.4,166489.2,12180.8,17910.6,17910.4,53106.2
252,0.006728,0.006727,0.006726,0.006725,0.006724,0.006723,0.006722,0.006721,0.00672,0.006719,0.006729,0.00673,0.006731,0.006732,0.006733,0.006734,0.006735,0.006736,0.006737,0.006738,63185,55129.6,124681.4,17912.6,67663.1,166668.5,19505.7,61116.1,254105.4,680789.7,23722.4,17911.5,134727.8,17911.1,123592.8,17910.6,17910.4,17910.2,17909.7,128778.9
253,0.006727,0.006726,0.006725,0.006724,0.006723,0.006722,0.006721,0.00672,0.006719,0.006718,0.006728,0.006729,0.00673,0.006731,0.006732,0.006733,0.006734,0.006735,0.006736,0.006737,7297.4,38929.2,56559.1,129469,17912.8,69249.7,220259,177762.3,178049.7,569737.4,17912.2,17911.7,142392,10355.6,166493.1,12180.8,17910.6,19508.1,17910.2,50612.2
254,0.006726,0.006725,0.006724,0.006723,0.006722,0.006721,0.00672,0.006719,0.006718,0.006717,0.006727,0.006728,0.006729,0.00673,0.006731,0.006732,0.006733,0.006734,0.006735,0.006736,23285.4,129451.9,17912.6,11845.9,64594,219309.4,220202.9,338963.6,732961.2,450523.4,7297.4,4876.8,31069.9,129383.1,35696.8,166487.7,12180.8,17910.6,103060.2,240645.5
255,0.006724,0.006723,0.006722,0.006721,0.00672,0.006719,0.006718,0.006717,0.006716,0.006715,0.006725,0.006726,0.006727,0.006728,0.006729,0.00673,0.006731,0.006732,0.006733,0.006734,1487.6,50501.7,129500.1,107803.2,323661.8,126220.5,574003,666300.2,261427,536504.4,30782.4,17912.4,142727.2,4876.8,49473.8,166533.6,4706.7,17911.1,12180.8,19497.7
256,0.006721,0.00672,0.006719,0.006718,0.006717,0.006716,0.006715,0.006714,0.006713,0.006712,0.006722,0.006723,0.006724,0.006725,0.006726,0.006727,0.006728,0.006729,0.00673,0.006731,1488.3,17913.5,56590,129568.9,107827.8,413592,567094.3,931185.3,482834.5,377929.2,30782.4,17913.1,126602.7,17912.6,67645.2,166609.2,4876.8,17911.7,19513.7,4706.7
257,0.00672,0.006719,0.006718,0.006717,0.006716,0.006715,0.006714,0.006713,0.006712,0.006711,0.006721,0.006722,0.006723,0.006724,0.006725,0.006726,0.006727,0.006728,0.006729,0.00673,42105.5,168221.2,218777.9,243122,452679.4,698247.9,702357.2,400211.8,209049.8,274509.3,7932.4,17913.3,31791.1,129256.8,17912.6,126723,166609.2,4876.8,17911.7,19513.7
258,0.006717,0.006716,0.006715,0.006714,0.006713,0.006712,0.006711,0.00671,0.006709,0.006708,0.006718,0.006719,0.00672,0.006721,0.006722,0.006723,0.006724,0.006725,0.006726,0.006727,1488.9,17914.6,63366.6,129622.8,65394.5,210256.5,225515,278875.4,554123.2,891250.6,23722.4,17913.9,143167.1,17913.5,53643.9,166689.4,17699,17912.6,17912.4,69438.9
259,0.006715,0.006714,0.006713,0.006712,0.006711,0.00671,0.006709,0.006708,0.006707,0.006706,0.006717,0.006718,0.006719,0.00672,0.006721,0.006722,0.006723,0.006724,0.006725,0.006726,60728.6,56613.2,178043.4,213347.1,255738.7,378660.1,400217.8,574025.4,511399.5,480941.3,16425,17914.2,143755.7,17913.7,49475.6,168494.3,17913.5,17699,19485.3,53643
260,0.006719,0.006718,0.006717,0.006716,0.006715,0.006714,0.006713,0.006712,0.006711,0.00671,0.00672,0.006721,0.006722,0.006723,0.006724,0.006725,0.006726,0.006727,0.006728,0.006729,32200.8,73780.3,187157.7,84078.5,223228.3,166866.8,66317,206899.1,294853.2,602856.9,16425,17913.5,33036.9,129489,17699,53643.2,166616.6,18731,75576.6,271564.7
261,0.006716,0.006715,0.006714,0.006713,0.006712,0.006711,0.00671,0.006709,0.006708,0.006707,0.006717,0.006718,0.006719,0.00672,0.006721,0.006722,0.006723,0.006724,0.006725,0.006726,49459.4,56611.3,129637.3,17915.2,56435.2,206384.4,279072.6,594235.7,754197.5,479321,16425,17914.3,142965.7,17913.7,49475.6,168482.6,18732.4,17699,19522.4,17912.4
262,0.006713,0.006712,0.006711,0.00671,0.006709,0.006708,0.006707,0.006706,0.006705,0.006704,0.006714,0.006715,0.006716,0.006717,0.006718,0.006719,0.00672,0.006721,0.006722,0.006723,1490.2,10062.8,57826.8,204369.3,400217.8,542486,107967.8,449726.8,345550.5,225991.8,31654.8,17914.8,143165.4,17914.3,67700.3,166787.4,17913.7,18732.5,19693.4,54622.2
263,0.006712,0.006711,0.00671,0.006709,0.006708,0.006707,0.006706,0.006705,0.006704,0.006703,0.006713,0.006714,0.006715,0.006716,0.006717,0.006718,0.006719,0.00672,0.006721,0.006722,4745.6,16425,59146.5,128229.4,68366.7,326031.1,661610.8,650648.2,272891,565704.1,19710,16425,128133.1,16425,47987.1,165319.3,17244.4,1568.9,16425,18205.1
264,0.006706,0.006705,0.006704,0.006703,0.006702,0.006701,0.0067,0.006699,0.006698,0.006697,0.006707,0.006709,0.00671,0.006711,0.006712,0.006713,0.006714,0.006715,0.006716,0.006717,2210.2,16425,54730.8,208680.5,340234.3,347920.2,473856.1,228009.4,70482.6,216407.4,19814.3,111807.7,16425,128200.7,16425,17245.2,16425,17997.4,16425,87992.7
265,0.006694,0.006693,0.006692,0.006691,0.00669,0.006689,0.006688,0.006687,0.006686,0.006685,0.006697,0.006698,0.0067,0.006701,0.006702,0.006703,0.006704,0.006705,0.006706,0.006707,16425,51794.9,178020.6,204287.7,245162.9,374744.1,171850.1,16425,173646,698151.9,16425,128416.9,16425,49127.5,165676.8,17247.1,16425,18025.5,51177.9,178875.5
266,0.006695,0.006694,0.006693,0.006692,0.006691,0.00669,0.006689,0.006688,0.006687,0.006686,0.006699,0.0067,0.006702,0.006703,0.006704,0.006705,0.006706,0.006707,0.006708,0.006709,77828.8,128481.6,65938.7,210294.4,196506.4,242799.5,317883.7,105632.1,317665.8,88314.6,16425,171434.9,49127.5,196691.2,17247.1,16425,52786.5,116425,123700.1,406246
267,0.0067,0.006699,0.006698,0.006697,0.006696,0.006695,0.006694,0.006693,0.006692,0.006691,0.006703,0.006704,0.006705,0.006706,0.006707,0.006708,0.006709,0.00671,0.006711,0.006712,78455.5,186282.8,128409.6,66272.4,248412.8,365037.7,58717.7,150463.7,16425,16425,16425,128327.8,16425,65842.8,166375.9,16425,47987.1,118004,16425,133765.5
268,0.006704,0.006703,0.006702,0.006701,0.0067,0.006699,0.006698,0.006697,0.006696,0.006695,0.006706,0.006707,0.006709,0.00671,0.006711,0.006712,0.006713,0.006714,0.006715,0.006716,46770.5,112309.1,128342.8,16425,59281.1,131745.5,53941.6,166384.4,59261.2,237123,16425,128268.5,16425,60915.5,166294,1594.6,83299.1,339905.5,67182.2,202723.4
269,0.006695,0.006694,0.006692,0.006691,0.00669,0.006689,0.006688,0.006687,0.006686,0.006685,0.006698,0.006699,0.006701,0.006702,0.006703,0.006704,0.006705,0.006706,0.006707,0.006708,57335.1,186055.9,16425,105078.7,318718.5,76871.9,413736,693620.9,428379.5,350354.8,16425,129847.5,16425,47987.1,166469.7,18029.2,16425,49127.5,183650.3,178875.5
270,0.006698,0.006697,0.006696,0.006694,0.006693,0.006692,0.006691,0.00669,0.006689,0.006688,0.006703,0.006705,0.006706,0.006707,0.006708,0.006709,0.006712,0.006714,0.006715,0.006719,32680.6,85061.9,174414.2,16425,1582.5,16425,107856.4,446576.3,60608,230180.7,16425,17247.1,50722.6,183650.3,116425,16425,19539.4,78875.5,171126.7,16425
271,0.006701,0.0067,0.006699,0.006698,0.006697,0.006696,0.006694,0.006693,0.006692,0.006691,0.006705,0.006706,0.006707,0.006708,0.00671,0.006711,0.006712,0.006713,0.006714,0.006715,35905.7,105268.2,292529,163519.6,61123.9,166170.2,65797,165400.3,16425,16425,16425,9941,16425,17247.1,16425,62218.4,164578.2,52155.6,164578.2,16425
272,0.006702,0.006701,0.0067,0.006698,0.006697,0.006696,0.006695,0.006694,0.006693,0.006692,0.006705,0.006706,0.006708,0.00671,0.006711,0.006715,0.006716,0.006717,0.006718,0.006719,2589.2,30528.3,4000,99616.5,299289.2,65792.4,166207.1,51177.9,116425,83654.2,16425,17983,16425,17247.1,17994.7,65792.4,165385,80689.6,297995.6,171752.9
273,0.006699,0.006698,0.006696,0.006695,0.006693,0.006692,0.006691,0.00669,0.006689,0.006688,0.006701,0.006702,0.006706,0.006708,0.006709,0.006711,0.006712,0.006713,0.006714,0.006715,45852,79506.8,16425,18009.2,16425,84476.3,233163.2,209251.8,296971.9,60752.5,16425,28914.8,17247.1,16425,1590.7,16425,51177.9,116425,16425,65792.4
274,0.006703,0.006702,0.0067,0.006699,0.006696,0.006695,0.006694,0.006693,0.006692,0.006691,0.006708,0.006712,0.006713,0.006714,0.006715,0.006716,0.006717,0.006718,0.006719,0.00672,33296,64305.8,4000,1569.2,822.1,39852.2,133508.3,85137.1,361264.6,216738.2,16425,822.1,1610.3,16425,65792.4,265385,16425,66378.6,165385,60299
275,0.006703,0.006702,0.0067,0.006699,0.006698,0.006697,0.006696,0.006695,0.006694,0.006692,0.006708,0.006712,0.006713,0.006714,0.006715,0.006716,0.006717,0.006718,0.006719,0.00672,60948.8,34920,70110.8,389612.7,491361.7,236100.8,389503.5,291098.4,151246.2,42683.7,16425,822.1,1594.1,16425,51177.9,116425,52155.6,167672.2,97940.7,341634.2
276,0.006703,0.006702,0.006701,0.0067,0.006698,0.006697,0.006696,0.006695,0.006694,0.006693,0.006708,0.006709,0.006712,0.006714,0.006715,0.006716,0.006717,0.006718,0.006719,0.00672,71448.8,211490.8,2322.6,5611.1,40321.1,208405.8,390585.2,729317,533068.4,150232.7,16425,21817.2,822.1,16425,52761.8,116425,52155.6,167672.2,97940.7,343979.7
277,0.006702,0.006701,0.0067,0.006699,0.006698,0.006697,0.006696,0.006695,0.006694,0.006693,0.006706,0.006707,0.006709,0.00671,0.006711,0.006714,0.006715,0.006716,0.006718,0.006719,52281.9,175148.9,4000,44566.4,194729.6,228269.7,390585.2,578070.8,579489.5,431293.1,16425,128263.9,66642.7,165479.5,1568.2,108593.9,389688.5,167015.8,52155.6,167015.8
278,0.006698,0.006697,0.006696,0.006695,0.006694,0.006693,0.006692,0.006691,0.00669,0.006689,0.006702,0.006703,0.006704,0.006705,0.006706,0.006707,0.006708,0.00671,0.006711,0.006712,123015.5,57573.8,83205,297910.2,97448.2,512453.8,503585.4,150053.5,4000,307555.9,16425,17925,128321.2,52977.7,165576.5,16425,18035.3,16425,83144.1,239939.7
279,0.006698,0.006697,0.006696,0.006695,0.006694,0.006693,0.006692,0.006691,0.00669,0.006689,0.006702,0.006703,0.006704,0.006706,0.006707,0.006708,0.006711,0.006712,0.006713,0.006714,104819.9,112003.8,45095.1,150981.5,137606.1,510743.5,833855.8,254219,407556.1,144619.5,16425,176869.4,16425,50596.6,166385.4,18016.1,16425,123505.1,389402.1,82740
280,0.0067,0.006699,0.006698,0.006697,0.006696,0.006695,0.006694,0.006693,0.006692,0.006691,0.006704,0.006706,0.006707,0.006708,0.006709,0.00671,0.006711,0.006712,0.006713,0.006714,185311.9,27231,111987.4,46801.8,191338.8,133774.1,176517,887110.5,723845.3,400638.6,16425,128296.4,16425,50596.6,149908.4,1578.4,16425,88045,275663.7,167832.2
281,0.006702,0.006701,0.0067,0.006699,0.006698,0.006697,0.006696,0.006695,0.006694,0.006693,0.006705,0.006706,0.006708,0.006709,0.006711,0.006712,0.006713,0.006714,0.006715,0.006716,18382.9,116260.8,61573.8,74382,260849,1606.8,44680.6,149683.7,176517,810772.9,48529.4,111871.4,34171.6,149908.4,1608.8,71620,223508.1,49338.1,148861.6,70393.4
282,0.006701,0.006699,0.006698,0.006697,0.006696,0.006695,0.006694,0.006693,0.006692,0.006691,0.006706,0.006708,0.006709,0.006711,0.006713,0.006714,0.006715,0.006716,0.006717,0.006718,99219.7,27231,149316.1,1572.9,44435.2,148861.6,177339.1,810772.9,775552.4,471149.8,111859.8,44825.8,149914.9,1572.9,64439.5,272790.3,148861.6,99995.2,281121,100000
283,0.006699,0.006697,0.006696,0.006695,0.006694,0.006693,0.006692,0.006691,0.006689,0.006688,0.006704,0.006705,0.006706,0.006707,0.006708,0.006709,0.006711,0.006712,0.006713,0.006714,103202,31701.7,149362.2,44855.7,321483.7,662733.4,857250,249231.4,43272.6,188239.3,5158,111878.5,57573.8,45334.3,149119.7,1569.9,35730.6,144967.7,96001.6,368419.9
284,0.0067,0.006699,0.006698,0.006696,0.006695,0.006694,0.006693,0.006692,0.006691,0.00669,0.006704,0.006705,0.006706,0.006708,0.006709,0.00671,0.006711,0.006712,0.006713,0.006714,111956,90466.8,149318.7,92129,436856.1,597595,603438.9,492023.4,354868.1,353891.7,2289,29850,111859.8,45326.4,149093.2,1573.1,35730.6,144967.7,96001.6,368419.9
285,0.0067,0.006699,0.006698,0.006696,0.006695,0.006694,0.006693,0.006692,0.006691,0.006685,0.006704,0.006705,0.006708,0.006709,0.00671,0.006713,0.006714,0.006717,0.006718,0.006719,102500.5,32893,149318.7,162286.7,534418.7,177339.1,603438.9,492023.4,249231.4,34479.8,2588,111876,45326.4,149093.2,1596,64439.5,223452.2,31562.1,103068.8,6432.8
286,0.006703,0.006701,0.0067,0.006699,0.006698,0.006697,0.006696,0.006695,0.006694,0.006693,0.006708,0.006709,0.00671,0.006711,0.006712,0.006717,0.006718,0.00672,0.006721,0.006722,111903.8,37980.8,149260,44903.1,145160.6,228335.7,278832.5,180791.3,212061.9,379301.2,38507,111815.6,44487.3,149858.2,1600.8,123510.6,468499.1,40825.2,3045.5,1780.1
287,0.006702,0.0067,0.006699,0.006697,0.006696,0.006695,0.006694,0.006693,0.006692,0.006691,0.006705,0.006706,0.006707,0.006708,0.006709,0.00671,0.006711,0.006712,0.006714,0.006715,111921.3,51869.8,149291.9,84764.6,313980.7,324408.7,101394.1,522918.6,528921.3,392848.8,2341,35730.6,111843.4,57573.8,45787.8,150639,44483.5,143617.4,65733.7,256116.9
288,0.006702,0.0067,0.006699,0.006697,0.006696,0.006695,0.006694,0.006693,0.006692,0.006691,0.006707,0.006709,0.00671,0.006712,0.006713,0.006714,0.006715,0.006716,0.006717,0.006718,88775.4,85164.3,292409.9,84764.6,519143.4,671789.9,529137.2,390151.2,534483.5,580053.1,111843.4,45787.8,149066.6,44336.9,178870.5,208873.6,256116.9,143139.9,29850,243139.9
