timestamp,bid_price_0,bid_price_1,bid_price_2,bid_price_3,bid_price_4,bid_price_5,bid_price_6,bid_price_7,bid_price_8,bid_price_9,ask_price_0,ask_price_1,ask_price_2,ask_price_3,ask_price_4,ask_price_5,ask_price_6,ask_price_7,ask_price_8,ask_price_9,bid_size_0,bid_size_1,bid_size_2,bid_size_3,bid_size_4,bid_size_5,bid_size_6,bid_size_7,bid_size_8,bid_size_9,ask_size_0,ask_size_1,ask_size_2,ask_size_3,ask_size_4,ask_size_5,ask_size_6,ask_size_7,ask_size_8,ask_size_9
0,0.006731,0.00673,0.006729,0.006728,0.006727,0.006726,0.006725,0.006724,0.006723,0.006722,0.006732,0.006733,0.006734,0.006735,0.006736,0.006737,0.006738,0.006739,0.00674,0.006741,56830.9,92218.6,29592.6,17911.8,49045.4,188213.8,1487.4,18746,17912.6,78877.7,17911.7,1486.7,25338.9,310213.5,87196.5,304052.6,176049.1,119511.9,332185.8,17908.5
1,0.006728,0.006727,0.006726,0.006725,0.006724,0.006723,0.006722,0.006721,0.00672,0.006719,0.006729,0.00673,0.006731,0.006732,0.006733,0.006734,0.006735,0.006736,0.006737,0.006738,23722.4,129429.6,29441.1,17912.4,67668.2,166685.5,17913.5,17913.5,24679,218008.5,1486.6,17911.6,17911.1,17911.1,500610.8,331270.7,200428,375678.4,155567.4,275292.8
2,0.00673,0.006729,0.006728,0.006727,0.006726,0.006725,0.006724,0.006723,0.006722,0.006721,0.006731,0.006732,0.006733,0.006734,0.006735,0.006736,0.006737,0.006738,0.006739,0.00674,1486.5,18983.8,29547,67644.5,166608.6,17912.4,68139.2,168263.3,125058.7,386984.1,16425,129349.2,17911.7,25338.9,347346.7,458426.5,314778.9,118743.1,175550,17908.5
3,0.00673,0.006729,0.006728,0.006727,0.006726,0.006725,0.006724,0.006723,0.006722,0.006721,0.006732,0.006733,0.006734,0.006735,0.006736,0.006737,0.006738,0.006739,0.00674,0.006741,1486.2,17911.8,141033.7,75680.9,166605,20311.5,17912.6,17912.6,17913.5,91449.5,16425,21593.8,129321.9,198825.5,458426.5,446919.4,119490,160779.6,17908.5,241316.5
4,0.006728,0.006727,0.006726,0.006725,0.006724,0.006723,0.006722,0.006721,0.00672,0.006719,0.006729,0.00673,0.006731,0.006732,0.006733,0.006734,0.006735,0.006736,0.006737,0.006738,9187.9,17911.8,141008.6,17912.4,17912.6,68150.1,168299.9,18746.9,23105.1,186602.8,16425,17911.6,129364.3,17911.2,235799.8,17911.8,198825.5,519640.1,311856.5,117909.7
5,0.006729,0.006728,0.006727,0.006726,0.006725,0.006724,0.006723,0.006722,0.006721,0.00672,0.00673,0.006731,0.006732,0.006733,0.006734,0.006735,0.006736,0.006737,0.006738,0.006739,7297.4,17911.7,56551.9,129447.5,17912.4,73283.9,167507.9,17913.5,17913.5,23105.1,17911.6,17911.2,140962.4,87237.2,17911.8,347343.9,389139.7,427027.9,119508.4,382640.9
6,0.006727,0.006726,0.006725,0.006724,0.006723,0.006722,0.006721,0.00672,0.006719,0.006718,0.006728,0.006729,0.00673,0.006731,0.006732,0.006733,0.006734,0.006735,0.006736,0.006737,1486.8,56556.1,129460.8,72536.1,167517.1,19506.2,17913.5,23105.1,254382.2,777785.9,16425,17911.8,73713.1,128932,49473.3,129332.9,17911.8,198825.5,455819.4,157145.7
7,0.006725,0.006724,0.006723,0.006722,0.006721,0.00672,0.006719,0.006718,0.006717,0.006716,0.006726,0.006727,0.006728,0.006729,0.00673,0.006731,0.006732,0.006733,0.006734,0.006735,1487.4,17912.6,56572.6,129514.2,69239,171944.8,79738.6,199067.4,84816.6,113478.3,17175,60705.7,143361.9,17911.7,67486.7,166081.6,17911.2,17911.8,17911.8,200415.6
8,0.006715,0.006714,0.006713,0.006712,0.006711,0.00671,0.006709,0.006708,0.006707,0.006706,0.006716,0.006717,0.006718,0.006719,0.00672,0.006721,0.006722,0.006723,0.006724,0.006725,1489.8,17914.8,17915.3,57768.3,184825.7,171908.7,20352.8,17916.4,111909.3,584131.9,20549.4,49476.5,141367.5,17913.7,67689.9,166754.4,17913.1,19495.2,87343.3,149784.5
9,0.006713,0.006712,0.006711,0.00671,0.006709,0.006708,0.006707,0.006706,0.006705,0.006704,0.006714,0.006715,0.006716,0.006717,0.006718,0.006719,0.00672,0.006721,0.006722,0.006723,1490.3,1490.3,17915.4,61567.7,179572.5,167019,20321.4,137244,302776,87390.1,16425,49477.1,141504.9,17914.4,56589.7,129565.5,17913.7,19501.8,17913.1,18746.5
10,0.006707,0.006706,0.006705,0.006704,0.006703,0.006702,0.006701,0.0067,0.006699,0.006698,0.006708,0.006709,0.00671,0.006711,0.006712,0.006713,0.006714,0.006715,0.006716,0.006717,1491.4,17916.6,17917,56668.9,179963.1,227996,202680.9,131081.3,447848.5,306067.1,16425,60220.4,141725.1,17915.5,49477.6,166931.9,17915,17915,200958.7,19492.4
11,0.006708,0.006707,0.006706,0.006705,0.006704,0.006703,0.006702,0.006701,0.0067,0.006699,0.00671,0.006711,0.006712,0.006713,0.006714,0.006715,0.006716,0.006717,0.006718,0.006719,75096.6,214786.1,17916.6,17917,69116.3,168729.9,17917.5,17917.7,131081.3,498689,1490.5,33052.6,141951,17915,67729.4,166882.5,200958.7,162660,256029.1,242803
12,0.006708,0.006707,0.006706,0.006705,0.006704,0.006703,0.006702,0.006701,0.0067,0.006699,0.00671,0.006711,0.006712,0.006713,0.006714,0.006715,0.006716,0.006717,0.006718,0.006719,85817.1,129766.8,17916.6,72912.3,167941.2,17917.3,17917.5,186408.1,782481.4,646465.1,17915.5,60326.4,142079.9,17915,67729.4,166882.5,200958.7,162660,382484.2,342831.4
13,0.006708,0.006707,0.006706,0.006705,0.006704,0.006703,0.006702,0.006701,0.0067,0.006699,0.00671,0.006711,0.006712,0.006713,0.006714,0.006715,0.006716,0.006717,0.006718,0.006719,17916,56656.9,129784.1,17917,69114.3,168723.4,17917.5,17917.7,212072.7,770431,17915.5,49477.6,142264.3,67737,166908,17915,200958.7,164262.2,383317.6,341228.2
14,0.00672,0.006719,0.006718,0.006717,0.006716,0.006715,0.006714,0.006713,0.006712,0.006711,0.006721,0.006722,0.006723,0.006724,0.006725,0.006726,0.006727,0.006728,0.006729,0.00673,32291,70010.4,142530.6,67714.3,166834.4,20329,17914.8,17915,17915.3,17915.4,275.8,1488.1,69848.1,198228.2,201434.3,17912.4,166611,225356,345712.9,241692.3
15,0.00672,0.006719,0.006718,0.006717,0.006716,0.006715,0.006714,0.006713,0.006712,0.006711,0.006721,0.006722,0.006723,0.006724,0.006725,0.006726,0.006727,0.006728,0.006729,0.00673,43691,199263.1,34258.5,67711.1,166823.7,20325.1,17914.8,17915,17915.3,137929.4,1488.3,1488.3,69376.4,126130,49474.7,166632.2,164983.8,408776.4,244130.9,17911.3
16,0.00672,0.006719,0.006718,0.006717,0.006716,0.006715,0.006714,0.006713,0.006712,0.006711,0.006721,0.006722,0.006723,0.006724,0.006725,0.006726,0.006727,0.006728,0.006729,0.00673,15982.9,17913.7,56844.3,129586.8,82204.2,169280.2,17914.8,17915,17915.3,137929.4,16425,56565.9,129489.5,14570.8,67650,166624.3,164228.4,555092.6,245712.4,18744.7
17,0.006728,0.006727,0.006726,0.006725,0.006724,0.006723,0.006722,0.006721,0.00672,0.006719,0.006729,0.00673,0.006731,0.006732,0.006733,0.006734,0.006735,0.006736,0.006737,0.006738,120991.2,129413.5,68080.2,131859.6,17912.6,17912.8,17913.1,17913.3,94710.2,241188.9,1486.7,1486.3,17465.2,49473.3,179219.1,201641.4,466821.4,354662.3,17909.7,117909.7
18,0.006729,0.006728,0.006727,0.006726,0.006725,0.006724,0.006723,0.006722,0.006721,0.00672,0.00673,0.006731,0.006732,0.006733,0.006734,0.006735,0.006736,0.006737,0.006738,0.006739,16425,17911.9,71421.2,129434.5,67656.6,166647.2,25817.9,17913.1,17913.3,94710.2,1486.5,129353.8,17911.2,67808.5,232621.8,392553.6,354662.3,19483.8,118743.1,388609
19,0.006732,0.006731,0.00673,0.006729,0.006728,0.006727,0.006726,0.006725,0.006724,0.006723,0.006733,0.006734,0.006735,0.006736,0.006737,0.006738,0.006739,0.00674,0.006741,0.006742,1485.8,1486.1,68289.2,130907.7,17911.9,68475.8,166602,19488.6,17912.6,69474.7,23722.4,17910.5,129291.3,17910.4,201709.8,166362.6,17909.7,568982.6,19515.8,162726.9
20,0.006738,0.006737,0.006736,0.006735,0.006734,0.006733,0.006732,0.006731,0.00673,0.006729,0.006739,0.00674,0.006741,0.006742,0.006743,0.006744,0.006745,0.006746,0.006747,0.006748,24357.4,129248.3,28833.3,67586.6,166420.1,20327.7,17910.8,1486.1,149052.6,535314.8,1484.7,1483.5,17908.5,129181.6,916437,17908.5,165794.7,17908,103092.4,18740.8
21,0.006749,0.006748,0.006747,0.006746,0.006745,0.006744,0.006743,0.006742,0.006741,0.00674,0.00675,0.006751,0.006752,0.006753,0.006754,0.006755,0.006756,0.006757,0.006758,0.006759,31654.8,59589.7,139639,56449.4,129117.6,17908.2,20311.5,17908.6,17908.9,93134.3,1482.4,1481,494167.5,128985.4,311333.7,165973.3,117905.8,19514.9,294764.4,239912
22,0.006755,0.006754,0.006753,0.006752,0.006751,0.00675,0.006749,0.006748,0.006747,0.006746,0.006756,0.006757,0.006758,0.006759,0.00676,0.006761,0.006762,0.006763,0.006764,0.006765,1481,1481,28217,128999.3,17906.9,73008.4,166928,17907.5,19490,119494.7,39166.6,17920.2,312627.7,17920.2,312658.9,165869.3,17920.2,453640,159042.9,118754
23,0.006753,0.006752,0.006751,0.00675,0.006749,0.006748,0.006747,0.006746,0.006745,0.006744,0.006754,0.006755,0.006756,0.006757,0.006758,0.006759,0.00676,0.006761,0.006762,0.006763,17906.9,128986.5,79158.2,170863,17907.1,18740.9,19483.4,17907.8,89651.3,240345.9,1638.6,17155.8,1480.8,156415.8,312624.5,146693.4,312658.9,17920.2,294615.3,454482.7
24,0.006765,0.006764,0.006763,0.006762,0.006761,0.00676,0.006759,0.006758,0.006757,0.006756,0.006767,0.006768,0.006769,0.00677,0.006771,0.006772,0.006773,0.006774,0.006775,0.006776,17601.7,128797.9,27563.1,67404.5,165829.1,23540.3,19499.4,17905.1,17905.6,85041.3,17903.2,19765.2,17902.7,128706.5,17902.5,165611.1,1493.8,17918.6,355533.6,88450.4
25,0.006768,0.006767,0.006766,0.006765,0.006764,0.006763,0.006762,0.006761,0.00676,0.006759,0.006769,0.00677,0.006771,0.006772,0.006773,0.006774,0.006775,0.006776,0.006777,0.006778,9410.3,17903.2,138251.3,67079.1,164742,17904.5,18737.9,19503.6,94302.3,275045.4,16425,34389.7,1477.5,128688.5,17918.8,17918.6,353920.7,235226.2,229843.9,372568.2
26,0.00677,0.006769,0.006768,0.006767,0.006766,0.006765,0.006764,0.006763,0.006762,0.006761,0.006772,0.006773,0.006774,0.006775,0.006776,0.006777,0.006778,0.006779,0.00678,0.006781,1477.6,17902.7,76848.7,128736.6,86594.4,230120.1,17712.9,91057.9,239762,54532.5,27011.6,166851.4,17902.3,10149.7,18657.1,165513,244459.2,242125.1,19804.4,117917
27,0.006767,0.006766,0.006765,0.006764,0.006763,0.006762,0.006761,0.00676,0.006759,0.006758,0.006768,0.006769,0.00677,0.006771,0.006772,0.006773,0.006774,0.006775,0.006776,0.006777,25835.6,59138.1,138139.1,16879.5,67398.8,165810.1,19495.6,23540.3,89506.4,239870.9,22279,17903.2,17902.5,128690.1,17902.4,17902.1,165565.7,137536.1,20261.8,18751.3
28,0.006766,0.006765,0.006764,0.006763,0.006762,0.006761,0.00676,0.006759,0.006758,0.006757,0.006767,0.006768,0.006769,0.00677,0.006771,0.006772,0.006773,0.006774,0.006775,0.006776,9357.4,128779,25911.7,17904.5,68234.5,167408.4,22706.9,17904.9,89523,239925.8,1478.4,1478.2,17903.2,128702.6,17902.5,17902.4,165582.6,169802.4,139142.4,18657.1
29,0.006769,0.006768,0.006767,0.006766,0.006765,0.006764,0.006763,0.006762,0.006761,0.00676,0.00677,0.006771,0.006772,0.006773,0.006774,0.006775,0.006776,0.006777,0.006778,0.006779,1477.7,1478.2,56662.9,112865.9,82295.2,16879.5,68705.7,167396.4,90925.7,244627.3,32874,128689.5,17902.4,17902.1,17902.3,157779.1,18657.1,19511.4,243708.7,84510.4
30,0.006771,0.00677,0.006769,0.006768,0.006767,0.006766,0.006765,0.006764,0.006763,0.006762,0.006772,0.006773,0.006774,0.006775,0.006776,0.006777,0.006778,0.006779,0.00678,0.006781,17902.3,124695.3,26473.3,67361.5,165689.4,4436.7,17903.6,16879.5,17904.5,125450,7125,22345.5,17902.7,15644.4,129361.6,17917.9,242875.3,375807.2,162417.8,340782.4
31,0.006771,0.00677,0.006769,0.006768,0.006767,0.006766,0.006765,0.006764,0.006763,0.006762,0.006772,0.006773,0.006774,0.006775,0.006776,0.006777,0.006778,0.006779,0.00678,0.006781,23722.4,128697.6,10095.6,17903.2,63928.2,151395.7,17903.6,16879.5,89472.2,347303.4,1477.1,1477.1,17902.7,23397,129374.7,165508,382543.1,84510.4,161060.3,286832.8
32,0.006773,0.006772,0.006771,0.00677,0.006769,0.006768,0.006767,0.006766,0.006765,0.006764,0.006774,0.006775,0.006776,0.006777,0.006778,0.006779,0.00678,0.006781,0.006782,0.006783,1477.1,17902.1,17902.3,167140.9,1477.5,17903.2,166534,3593.3,17903.6,16879.5,31329.5,20241.6,127891.1,17917.9,17917.7,232067,19804.4,17917,20346.8,17916.6
33,0.006767,0.006766,0.006765,0.006764,0.006763,0.006762,0.006761,0.00676,0.006759,0.006758,0.006769,0.00677,0.006771,0.006772,0.006773,0.006774,0.006775,0.006776,0.006777,0.006778,17903.2,112867.1,26827.7,66367.1,165787.7,20305.8,100412.6,207446.4,17904.9,216148.4,17902.9,17902.7,128686.7,1476.8,17901.8,17901.8,165536.7,147206.6,19526,18751.1
34,0.006766,0.006765,0.006764,0.006763,0.006762,0.006761,0.00676,0.006759,0.006758,0.006757,0.006767,0.006768,0.006769,0.00677,0.006771,0.006772,0.006773,0.006774,0.006775,0.006776,9410.8,17903.6,74027.3,128803.2,67403.5,165825.7,23540.3,17904.9,217760.6,722247.7,31050,17606.1,128725.1,17902.7,17901.8,149176.2,19501.8,18735.2,172970,147206.6
35,0.006763,0.006762,0.006761,0.00676,0.006759,0.006758,0.006757,0.006756,0.006755,0.006754,0.006764,0.006765,0.006766,0.006767,0.006768,0.006769,0.00677,0.006771,0.006772,0.006773,1479.5,17904.5,128841.3,22706.9,67423.7,165892.1,17905.6,20320.5,17905.8,145957.2,31050,20153.8,128770.4,17903.4,15752.1,17902.9,165636.4,19473.1,2310.2,170491.2
36,0.00676,0.006759,0.006758,0.006757,0.006756,0.006755,0.006754,0.006753,0.006752,0.006751,0.006761,0.006762,0.006763,0.006764,0.006765,0.006766,0.006767,0.006768,0.006769,0.00677,1479.9,17904.9,56385.9,128913.9,17905.6,68172.6,168397.9,17906.9,156778.4,599334.9,26908.5,17904,138450.3,203643.9,600229.4,128770.4,19473.9,16585.5,17902.9,170541.5
37,0.006755,0.006754,0.006753,0.006752,0.006751,0.00675,0.006749,0.006748,0.006747,0.006746,0.006756,0.006757,0.006758,0.006759,0.00676,0.006761,0.006762,0.006763,0.006764,0.006765,1480.8,17905.8,128983.8,17906.9,69160.2,170869.5,19488.7,70157.4,203899.3,362653.6,38982.4,17905.6,29389.1,128886.1,19385,12409.2,167421.7,17904,204477.3,600229.4
38,0.006752,0.006751,0.00675,0.006749,0.006748,0.006747,0.006746,0.006745,0.006744,0.006743,0.006753,0.006754,0.006755,0.006756,0.006757,0.006758,0.006759,0.00676,0.006761,0.006762,16425,56421.5,129027.1,17907.1,67498.1,166966.1,128216.8,368710.9,17908.2,190530.8,5530.7,17905.8,28361.9,128936.4,17905.6,165913.1,17905.1,19385,14823,17904
39,0.006751,0.00675,0.006749,0.006748,0.006747,0.006746,0.006745,0.006744,0.006743,0.006742,0.006752,0.006753,0.006754,0.006755,0.006756,0.006757,0.006758,0.006759,0.00676,0.006761,1481.9,1481.9,17907.1,129053.2,17907.5,17907.8,168596,17908.2,17908.4,603835.5,31050,17906.4,139850.9,17905.8,17905.8,165936.7,17905.3,20318.9,19385,12409.2
40,0.006747,0.006746,0.006745,0.006744,0.006743,0.006742,0.006741,0.00674,0.006739,0.006738,0.006748,0.006749,0.00675,0.006751,0.006752,0.006753,0.006754,0.006755,0.006756,0.006757,17907.5,17907.8,129115.3,17908.2,67533.1,166247,20326.6,48520.7,107106.8,557511.2,16425,17906.9,146567.7,17906.9,17906.7,166027,19493.7,17905.8,18739.2,303289.8
41,0.006735,0.006734,0.006733,0.006732,0.006731,0.00673,0.006729,0.006728,0.006727,0.006726,0.006736,0.006737,0.006738,0.006739,0.00674,0.006741,0.006742,0.006743,0.006744,0.006745,23722.4,17910.8,56516.3,129331.5,17911.1,71622.6,166536.5,20322.4,17911.7,79151,17910.3,19410,140605.7,55125.4,205087.3,166277.4,17908.4,19485.5,18741.8,17908.2
42,0.00673,0.006729,0.006728,0.006727,0.006726,0.006725,0.006724,0.006723,0.006722,0.006721,0.006731,0.006732,0.006733,0.006734,0.006735,0.006736,0.006737,0.006738,0.006739,0.00674,1486.5,17911.5,17911.9,17911.7,17912.2,17912.4,18746,54702.1,211743.9,365686.8,31654.7,55127.6,143004.6,17910.5,47933.8,166402.5,17909.4,19505.3,18742.8,11834.6
43,0.006724,0.006723,0.006722,0.006721,0.00672,0.006719,0.006718,0.006717,0.006716,0.006715,0.006727,0.006728,0.006729,0.00673,0.006731,0.006732,0.006733,0.006734,0.006735,0.006736,71756.1,235269.9,44571.8,13878.9,58668.4,167587.4,17913.9,18766.6,198588.8,656780.3,1486.7,1486.7,140547.1,238229.9,166030.8,17910.6,17910.6,55127.5,241559.3,17910.2
44,0.006725,0.006724,0.006723,0.006722,0.006721,0.00672,0.006719,0.006718,0.006717,0.006716,0.006726,0.006727,0.006728,0.006729,0.00673,0.006731,0.006732,0.006733,0.006734,0.006735,1487.2,56563.4,129485.2,17912.1,17912.1,72160.9,168333.8,18747.3,18766.6,138170.3,16425,17912.2,28997.3,129401.3,38703.4,166047.9,66371.8,206986.5,19478.4,116371.7
45,0.006721,0.00672,0.006719,0.006718,0.006717,0.006716,0.006715,0.006714,0.006713,0.006712,0.006722,0.006723,0.006724,0.006725,0.006726,0.006727,0.006728,0.006729,0.00673,0.006731,1487.1,1488.3,56590.3,129569.9,18766.6,17914.4,68203.3,168471.3,144325.1,407851,24357.4,129488,28806.6,49474.5,129447.6,18745.6,17912.1,85376.1,226011.3,17439.4
46,0.006715,0.006714,0.006713,0.006712,0.006711,0.00671,0.006709,0.006708,0.006707,0.006706,0.006716,0.006717,0.006718,0.006719,0.00672,0.006721,0.006722,0.006723,0.006724,0.006725,1489.6,40188.1,129642.5,17915.3,69422.5,218972.9,179906,320611.7,561084.1,395721.5,24357.4,55131.2,140559,17913.9,17913.7,49475.6,208621.3,604199.1,19506.6,148031.2
47,0.006716,0.006715,0.006714,0.006713,0.006712,0.006711,0.00671,0.006709,0.006708,0.006707,0.006717,0.006718,0.006719,0.00672,0.006721,0.006722,0.006723,0.006724,0.006725,0.006726,60835.3,135764.3,17914.8,17915,69354.1,166929.4,69168.7,117916,17916,151596.4,1489.2,1489.2,29002.7,129538.9,17913.5,97036.9,532361.8,166665.8,18745.8,90540.8
48,0.006718,0.006717,0.006716,0.006715,0.006714,0.006713,0.006712,0.006711,0.00671,0.006709,0.00672,0.006721,0.006722,0.006723,0.006724,0.006725,0.006726,0.006727,0.006728,0.006729,17913.9,92362.5,92371.2,17914.6,67731.5,166890.1,17915.3,19511.6,68335.3,190849.3,30920.5,17913.5,140417.7,55130.1,167502.5,17912.4,19493.4,17912.2,49474.2,416421.5
49,0.006717,0.006716,0.006715,0.006714,0.006713,0.006712,0.006711,0.00671,0.006709,0.006708,0.006718,0.006719,0.00672,0.006721,0.006722,0.006723,0.006724,0.006725,0.006726,0.006727,1489.4,117845.5,129606.1,17914.8,67740.8,166920.7,19491.4,68335.3,118749.4,90022.7,24357.4,61191.8,140448.5,17913.5,50615.6,167529.6,17912.8,56716.7,147802.1,17912.2
50,0.006718,0.006717,0.006716,0.006715,0.006714,0.006713,0.006712,0.006711,0.00671,0.006709,0.006719,0.00672,0.006721,0.006722,0.006723,0.006724,0.006725,0.006726,0.006727,0.006728,90863,92363.3,17914.4,17914.6,68209.2,168490.6,17915.3,18748.8,117927.5,341529.7,1488.9,17913.7,66134.7,129507.4,70371.2,166674.3,18745.8,147466.5,19491.6,17912.1
51,0.00672,0.006719,0.006718,0.006717,0.006716,0.006715,0.006714,0.006713,0.006712,0.006711,0.006721,0.006722,0.006723,0.006724,0.006725,0.006726,0.006727,0.006728,0.006729,0.00673,17913.5,131007.9,129555.6,17914.2,68199.5,168459.2,17914.8,18748.4,241427.9,17915.4,25845.9,17913.1,66024.4,162179.4,129458.1,17912.4,17912.2,49474.2,318848.4,314308.7
52,0.00672,0.006719,0.006718,0.006717,0.006716,0.006715,0.006714,0.006713,0.006712,0.006711,0.006721,0.006722,0.006723,0.006724,0.006725,0.006726,0.006727,0.006728,0.006729,0.00673,74415.9,91872.5,17913.9,17914.2,68188.2,168421.3,17914.8,18748.4,89990.6,241458.3,1075.5,1488.1,28605.6,129473.7,17912.4,55129.4,166598.3,50307.6,318005.3,167773.5
53,0.006719,0.006718,0.006717,0.006716,0.006715,0.006714,0.006713,0.006712,0.006711,0.00671,0.00672,0.006721,0.006722,0.006723,0.006724,0.006725,0.006726,0.006727,0.006728,0.006729,1488.6,1488.9,61416.3,129601.8,67725.5,168472.2,17915,89990.6,242291.7,57113.5,31654.8,17913.5,140338.2,56560.6,129472.3,17912.4,18745.8,50614.7,197378.7,316421.5
54,0.006715,0.006714,0.006713,0.006712,0.006711,0.00671,0.006709,0.006708,0.006707,0.006706,0.006716,0.006717,0.006718,0.006719,0.00672,0.006721,0.006722,0.006723,0.006724,0.006725,16425,56616.5,129654.3,17915.3,54545.9,172562.2,17916,17916,18749.7,79964.9,1489.6,20893.4,29037.7,166772.7,208143.4,50616,167538.8,17913.1,51072.7,240995.6
55,0.006712,0.006711,0.00671,0.006709,0.006708,0.006707,0.006706,0.006705,0.006704,0.006703,0.006714,0.006715,0.006716,0.006717,0.006718,0.006719,0.00672,0.006721,0.006722,0.006723,16425,75010.2,191271.2,17915.9,69347.5,167028,17916.6,18750.4,17917,138962.4,17915,17914.8,140909.6,70930.2,166794,55130.7,208976.8,17913.5,242712.4,17913.1
56,0.006709,0.006708,0.006707,0.006706,0.006705,0.006704,0.006703,0.006702,0.006701,0.0067,0.00671,0.006711,0.006712,0.006713,0.006714,0.006715,0.006716,0.006717,0.006718,0.006719,17915.9,56647.3,129753.1,17916.6,67795.4,167096.8,81696.4,276232.2,349073,461391.6,27339.4,17915.7,75455.8,129659.3,17915,50617.3,167682,20893.4,19480.7,55130.7
57,0.006701,0.0067,0.006699,0.006698,0.006697,0.006696,0.006695,0.006694,0.006693,0.006692,0.006703,0.006704,0.006705,0.006706,0.006707,0.006708,0.006709,0.00671,0.006711,0.006712,17917.6,56689.4,129886.7,17901.6,67825.8,167249.7,19490.2,18735.9,80276.7,381228.2,16853.1,17916.8,125031,67781.5,167050.9,17916.2,74379.6,215642.2,150558.4,241437.8
58,0.006704,0.006703,0.006702,0.006701,0.0067,0.006699,0.006698,0.006697,0.006696,0.006695,0.006705,0.006706,0.006707,0.006708,0.006709,0.00671,0.006711,0.006712,0.006713,0.006714,1492.6,1492.6,56679.4,129855.2,21918.2,69439.4,167212.7,19514.5,18735.2,57431.6,16425,129775.4,29830.5,17916.2,105941.7,433598.1,236643.6,18748.7,17915.3,317621.9
59,0.006697,0.006696,0.006695,0.006694,0.006693,0.006692,0.006691,0.00669,0.006689,0.006688,0.0067,0.006701,0.006702,0.006703,0.006704,0.006705,0.006706,0.006707,0.006708,0.006709,50932.7,56689.1,129940.8,17902.5,67854,167340.9,20335.6,103706.1,319505.8,460298.3,16425,17917.9,142040,1492.4,55134.4,167089.2,17916.8,20328.4,49478.3,217257.9
60,0.006701,0.0067,0.006699,0.006698,0.006697,0.006696,0.006695,0.006694,0.006693,0.006692,0.006702,0.006703,0.006704,0.006705,0.006706,0.006707,0.006708,0.006709,0.00671,0.006711,16425,58130.3,189751.1,56698.9,129918,17901.8,19484.3,17902.5,18736.1,17902.9,1492.7,1492.4,210663.4,242177,238292.4,314241.8,17916.2,39567.9,311221.4,264621.3
61,0.006705,0.006704,0.006703,0.006702,0.006701,0.0067,0.006699,0.006698,0.006697,0.006696,0.006706,0.006707,0.006708,0.006709,0.00671,0.006711,0.006712,0.006713,0.006714,0.006715,50205.2,51765.7,113395.2,17917.5,69015.6,172770,21040.5,17918.4,17918.7,53095.5,9345.3,3324.2,141750.8,37162.6,49478,155132.7,358537.5,90095.9,241393.6,534866.9
62,0.006705,0.006704,0.006703,0.006702,0.006701,0.0067,0.006699,0.006698,0.006697,0.006696,0.006706,0.006707,0.006708,0.006709,0.00671,0.006711,0.006712,0.006713,0.006714,0.006715,16425,50819.1,187390.2,17917.5,69017.1,171187.3,17918.4,19519.9,18752.1,90128.3,1491.8,3324.2,141754.8,37162.6,49478,155132.7,358535.9,89253,242195.8,534866.9
63,0.006704,0.006703,0.006702,0.006701,0.0067,0.006699,0.006698,0.006697,0.006696,0.006695,0.006705,0.006706,0.006707,0.006708,0.006709,0.00671,0.006711,0.006712,0.006713,0.006714,1492.3,1492.3,60337.3,131336.6,21917.8,17918.4,68089.1,168836.7,90961.7,277158.6,24357.4,17916.6,141795.1,17916.4,74552.4,199691.8,168991.6,361366.4,17915.3,49477.1
64,0.006704,0.006703,0.006702,0.006701,0.0067,0.006699,0.006698,0.006697,0.006696,0.006695,0.006705,0.006706,0.006707,0.006708,0.006709,0.00671,0.006711,0.006712,0.006713,0.006714,35392.8,114248.6,129841,59487.2,139261.3,17918.4,19531.7,17918.7,53928.9,190143.1,1492,17916.6,141749.2,17916.4,24706.1,129684.2,415679,211119.2,163351.5,163351.2
65,0.006698,0.006697,0.006696,0.006695,0.006694,0.006693,0.006692,0.006691,0.00669,0.006689,0.006699,0.0067,0.006701,0.006702,0.006703,0.006704,0.006705,0.006706,0.006707,0.006708,1493.4,56700.8,129923.3,17901.8,17902.5,53096.7,168937.6,18736.6,144979.4,486270.4,16425,17917.5,61444.8,129853.1,17917.5,55134,169505.8,36689.7,265882.5,17916.4
66,0.006695,0.006694,0.006693,0.006692,0.006691,0.00669,0.006689,0.006688,0.006687,0.006686,0.006697,0.006698,0.006699,0.0067,0.006701,0.006702,0.006703,0.006704,0.006705,0.006706,17919.1,56699.7,129974,67861.3,167364.8,21903.4,17903.4,19492.1,82020.6,380585,55135.9,129910,29858.3,17917.5,50620,167154.6,18750.9,67887.2,49479.1,225219.2
67,0.006696,0.006695,0.006694,0.006693,0.006692,0.006691,0.00669,0.006689,0.006688,0.006687,0.006697,0.006698,0.006699,0.0067,0.006701,0.006702,0.006703,0.006704,0.006705,0.006706,16425,75492.9,56700,129974.9,17902.9,69063,173000.8,18736.8,17903.8,81187.2,17918.9,129908.9,29953.6,17917.5,55134.5,167159.5,18750.9,19490.8,49479.1,225219.2
68,0.006703,0.006702,0.006701,0.0067,0.006699,0.006698,0.006697,0.006696,0.006695,0.006694,0.006705,0.006706,0.006707,0.006708,0.006709,0.00671,0.006711,0.006712,0.006713,0.006714,75491.1,56678.6,129852.3,21918.1,67834.8,167225,19500.9,17918.8,116344.8,342015.9,16425,129774.8,29793.1,86086.7,243576.9,50618.4,247731.5,211113.7,17915.3,341387.3
69,0.006701,0.0067,0.006699,0.006698,0.006697,0.006696,0.006695,0.006694,0.006693,0.006692,0.006703,0.006704,0.006705,0.006706,0.006707,0.006708,0.006709,0.00671,0.006711,0.006712,39475.3,56690.3,129890,67841.2,167246.4,17918.8,19507.5,17902.5,149944,506325.5,17917.5,55134.3,141497.1,17916.6,50619.1,150602.7,27137.7,17915.9,195241.5,566962.2
70,0.006699,0.006698,0.006697,0.006696,0.006695,0.006694,0.006693,0.006692,0.006691,0.00669,0.0067,0.006701,0.006702,0.006703,0.006704,0.006705,0.006706,0.006707,0.006708,0.006709,16425,123930.7,129921,17918.8,17919.1,67849,168936.2,18736.3,54291.4,262638.2,310.6,17917.9,29660.1,129826.6,55134.3,129795.6,17916.6,53044.3,179185.8,170838.4
71,0.006701,0.0067,0.006699,0.006698,0.006697,0.006696,0.006695,0.006694,0.006693,0.006692,0.006703,0.006704,0.006705,0.006706,0.006707,0.006708,0.006709,0.00671,0.006711,0.006712,17917.5,56690.7,129891.2,17918.1,67848.9,167272.2,19525.3,17902.5,90990.7,242058.8,17917.5,129810.4,222932.8,178772,384011.3,3057.4,25539.5,162100.8,17915.7,519545.2
72,0.006702,0.006701,0.0067,0.006699,0.006698,0.006697,0.006696,0.006695,0.006694,0.006693,0.006703,0.006704,0.006705,0.006706,0.006707,0.006708,0.006709,0.00671,0.006711,0.006712,16425,117068.2,129873.6,17918.2,17918.1,67847.4,167267.3,18752.5,19514.3,17902.7,17917.5,17917.3,223024.1,198567.1,455251.3,1491.4,168918,19516.3,161294.2,17915.3
73,0.0067,0.006699,0.006698,0.006697,0.006696,0.006695,0.006694,0.006693,0.006692,0.006691,0.006701,0.006702,0.006703,0.006704,0.006705,0.006706,0.006707,0.006708,0.006709,0.00671,17917.9,56695.4,129906.8,17918.1,39497.2,67856.8,167295.6,53096.7,119470.1,18736.6,16425,17917.7,29863.7,129822.1,49479.1,172449.5,57534.2,211318.4,24706.1,267346.7
74,0.006698,0.006697,0.006696,0.006695,0.006694,0.006693,0.006692,0.006691,0.00669,0.006689,0.006699,0.0067,0.006701,0.006702,0.006703,0.006704,0.006705,0.006706,0.006707,0.006708,16425,64757.4,135337.2,17919.1,67848.2,167322.3,17902.9,20346.2,153196.6,506054.9,1493.4,17918.2,141871.1,17917.7,17917.5,55134.3,169533.6,66207,161777,211318.4
75,0.006697,0.006696,0.006695,0.006694,0.006693,0.006692,0.006691,0.00669,0.006689,0.006688,0.006698,0.006699,0.0067,0.006701,0.006702,0.006703,0.006704,0.006705,0.006706,0.006707,17918.1,56710.4,129955.2,17902.5,67855.3,167345.3,17903.2,97294,336748.1,312046.9,16425,17918.4,141933.1,17917.9,55134.7,167977.9,17917.3,19502.7,17916.6,49478.7
76,0.006689,0.006688,0.006687,0.006686,0.006685,0.006684,0.006683,0.006682,0.006681,0.00668,0.006691,0.006692,0.006693,0.006694,0.006695,0.006696,0.006697,0.006698,0.006699,0.0067,127150.9,130070.4,69830.3,130093.4,17904,19400.8,19505.7,18738.5,17905.3,160060.8,9427.6,17919.9,30054.5,167194,212218.1,50621.3,167269.6,17918.6,20346.3,341834.7
77,0.006689,0.006688,0.006687,0.006686,0.006685,0.006684,0.006683,0.006682,0.006681,0.00668,0.00669,0.006691,0.006692,0.006693,0.006694,0.006695,0.006696,0.006697,0.006698,0.006699,17920.5,56750.8,130084.8,17904,68359.5,169030.1,19473.1,18738.5,17905.3,160060.8,16425,17920.2,142207,17919.3,87838.8,372386.2,50314.3,161438.9,17918.6,148205.1
78,0.006694,0.006693,0.006692,0.006691,0.00669,0.006689,0.006688,0.006687,0.006686,0.006685,0.006695,0.006696,0.006697,0.006698,0.006699,0.0067,0.006701,0.006702,0.006703,0.006704,73998.8,61631.5,130010.6,17920.2,5495.2,67902.7,167444.7,19500.8,55542.5,117904,25851.2,28688.1,30151.2,324377.8,55135.4,167200.3,17917.9,49479.8,120317.8,159840
79,0.006701,0.0067,0.006699,0.006698,0.006697,0.006696,0.006695,0.006694,0.006693,0.006692,0.006702,0.006703,0.006704,0.006705,0.006706,0.006707,0.006708,0.006709,0.00671,0.006711,16425,114262.7,129886.2,17918.4,67849,167271.6,19493.4,18751.8,17919.7,17919.7,17917.7,17917.5,30082.4,129793.2,80899.9,361447.6,55133.4,237871.2,498502.8,17915.7
80,0.006699,0.006698,0.006697,0.006696,0.006695,0.006694,0.006693,0.006692,0.006691,0.00669,0.0067,0.006701,0.006702,0.006703,0.006704,0.006705,0.006706,0.006707,0.006708,0.006709,1493.2,1493.4,63144.6,129937.1,67864.6,167321.1,17919.7,17919.7,55908.4,195041.6,29640.2,129858.7,29932.3,50620,129807.7,18750.4,88263.3,212309.5,17916.4,337037.8
81,0.006693,0.006692,0.006691,0.00669,0.006689,0.006688,0.006687,0.006686,0.006685,0.006684,0.006694,0.006695,0.006696,0.006697,0.006698,0.006699,0.0067,0.006701,0.006702,0.006703,1494.7,56732.9,130027.4,21920.2,67906.7,167458.1,17920.8,17904,19490,55428.8,16425,17919.3,141949.8,17918.8,60275.9,130727.5,19516.8,17917.9,17917.7,50620
82,0.006692,0.006691,0.00669,0.006689,0.006688,0.006687,0.006686,0.006685,0.006684,0.006683,0.006693,0.006694,0.006695,0.006696,0.006697,0.006698,0.006699,0.0067,0.006701,0.006702,30880.2,17919.9,102605.3,144513.8,17920.5,67912.7,169083.9,17904,20234.2,17904.9,1494.5,1494.5,129976,17919.1,48141.8,167245.6,48257.3,20357,341816.9,161649.1
83,0.00669,0.006689,0.006688,0.006687,0.006686,0.006685,0.006684,0.006683,0.006682,0.006681,0.006692,0.006693,0.006694,0.006695,0.006696,0.006697,0.006698,0.006699,0.0067,0.006701,17920.4,56748,130075.7,17920.8,67903.2,167501.4,19400.8,19499.2,18738.5,17905.3,17919.9,17919.7,142056.7,49698.2,167288.8,49480.9,191137.7,167457,117918.2,17917.9
84,0.006696,0.006695,0.006694,0.006693,0.006692,0.006691,0.00669,0.006689,0.006688,0.006687,0.006697,0.006698,0.006699,0.0067,0.006701,0.006702,0.006703,0.006704,0.006705,0.006706,30880.2,17919.1,56722.8,129993.5,32374.9,69088.3,171417.4,17920.6,19500.2,18754.2,17918.8,17918.6,141986.5,54227.7,188400.4,316632.1,17917.5,20320.6,17917,17916.6
85,0.006698,0.006697,0.006696,0.006695,0.006694,0.006693,0.006692,0.006691,0.00669,0.006689,0.006699,0.0067,0.006701,0.006702,0.006703,0.006704,0.006705,0.006706,0.006707,0.006708,30880.2,56706.5,129942.7,17919.1,67871.5,167342.8,32374.9,17920.2,23518.2,18754,1493.2,17918.2,113319.1,279328.8,49479.6,156800.8,167089.3,164207.1,212309.5,261803.3
86,0.0067,0.006699,0.006698,0.006697,0.006696,0.006695,0.006694,0.006693,0.006692,0.006691,0.006701,0.006702,0.006703,0.006704,0.006705,0.006706,0.006707,0.006708,0.006709,0.00671,14455.2,17918.2,56700.9,129924.7,67858.4,167301.9,92395.2,312701.3,378885.8,297570.8,17917.9,17917.7,154912.1,50619.8,198886.2,348185.1,351175.3,164239.2,87761,522518
87,0.006699,0.006698,0.006697,0.006696,0.006695,0.006694,0.006693,0.006692,0.006691,0.00669,0.0067,0.006701,0.006702,0.006703,0.006704,0.006705,0.006706,0.006707,0.006708,0.006709,15948.4,17918.4,56703.6,191999.8,207928.7,17919.7,17919.7,33952,231421.7,839436.8,23722.4,17917.9,141486,17917.5,17917.3,50619.5,238284.5,351175.3,311158.5,87761
88,0.006698,0.006697,0.006696,0.006695,0.006694,0.006693,0.006692,0.006691,0.00669,0.006689,0.006699,0.0067,0.006701,0.006702,0.006703,0.006704,0.006705,0.006706,0.006707,0.006708,15948.6,17918.6,79984.6,167288.5,17919.7,72191.4,181814.7,158028,515193.8,227476.6,16425,17918.2,141399.7,17917.7,50620,130640.9,17917,56744.7,351175.3,390926
89,0.006698,0.006697,0.006696,0.006695,0.006694,0.006693,0.006692,0.006691,0.00669,0.006689,0.006699,0.0067,0.006701,0.006702,0.006703,0.006704,0.006705,0.006706,0.006707,0.006708,17918.4,56343,129941.2,76780,167327.2,17919.7,33968.5,157272.2,573488.7,498565.4,9220.2,17918.2,29392.3,129841.7,80900.8,213854.9,198655.7,320259.3,156782.4,167271.6
90,0.006698,0.006697,0.006696,0.006695,0.006694,0.006693,0.006692,0.006691,0.00669,0.006689,0.006699,0.0067,0.006701,0.006702,0.006703,0.006704,0.006705,0.006706,0.006707,0.006708,17918.4,56706.1,129941.4,17919.1,17919.7,72194.5,181825,156438.8,575924.1,450911.9,17712.8,17918.2,141318.8,17917.7,80900.8,363889.7,49479.1,319430.4,156782.4,314293.7
91,0.006701,0.0067,0.006699,0.006698,0.006697,0.006696,0.006695,0.006694,0.006693,0.006692,0.006702,0.006703,0.006704,0.006705,0.006706,0.006707,0.006708,0.006709,0.00671,0.006711,21752.5,56690.1,129890,17918.4,67847.4,167265.6,17919.1,20332.3,17919.7,32374.9,17917.7,17917.5,258002.8,198573.3,317818.4,156782.4,465843.8,17916.3,164938,264937.8
92,0.006699,0.006698,0.006697,0.006696,0.006695,0.006694,0.006693,0.006692,0.006691,0.00669,0.0067,0.006701,0.006702,0.006703,0.006704,0.006705,0.006706,0.006707,0.006708,0.006709,1493.2,1493.4,17918.6,56708.7,129949.3,68347.9,167334.3,32374.9,158026.1,692382.4,17712.8,137368.7,29208.1,17917.5,55134.3,167087.5,53033.4,363308.5,238542.8,155330.9
93,0.006693,0.006692,0.006691,0.00669,0.006689,0.006688,0.006687,0.006686,0.006685,0.006684,0.006694,0.006695,0.006696,0.006697,0.006698,0.006699,0.0067,0.006701,0.006702,0.006703,17919.7,56732.3,130025.4,21920.2,67904.8,167451.4,17920.8,17904,244080.6,941102.9,16425,17919.3,62021.8,129929.6,49480.7,188846.5,150431.4,17917.7,17917.7,17917.5
94,0.006691,0.00669,0.006689,0.006688,0.006687,0.006686,0.006685,0.006684,0.006683,0.006682,0.006692,0.006693,0.006694,0.006695,0.006696,0.006697,0.006698,0.006699,0.0067,0.006701,20839.5,17920.2,56748,130075,17920.8,17904,68357.8,169024.6,19477.1,145570.9,32544.9,50622.2,141590.4,6974.4,51068.2,168114.3,17918.6,38710.2,148848.9,241802.1
95,0.006694,0.006693,0.006692,0.006691,0.00669,0.006689,0.006688,0.006687,0.006686,0.006685,0.006695,0.006696,0.006697,0.006698,0.006699,0.0067,0.006701,0.006702,0.006703,0.006704,30880.2,129991.1,16800.2,69082.9,171400.4,17920.6,17920.6,77761.6,230286.9,190683.6,1494.3,1493.8,29671.3,49480.7,113467.1,50620.7,168012.3,19508.4,17917.5,212199.7
96,0.006694,0.006693,0.006692,0.006691,0.00669,0.006689,0.006688,0.006687,0.006686,0.006685,0.006695,0.006696,0.006697,0.006698,0.006699,0.0067,0.006701,0.006702,0.006703,0.006704,1494.3,1494.5,128888.5,17919.9,71899.9,167436.2,17920.6,77732.6,230286.9,117904,24357.4,27592.2,66906.8,129910.6,17918.2,50620.7,169618.7,161942.8,161942.6,17917.3
97,0.006693,0.006692,0.006691,0.00669,0.006689,0.006688,0.006687,0.006686,0.006685,0.006684,0.006694,0.006695,0.006696,0.006697,0.006698,0.006699,0.0067,0.006701,0.006702,0.006703,30880.2,56732.7,130026.7,21920.2,67904.2,167449.1,17920.8,17904,19479.5,135973.3,1494.5,17919.3,61399,167143.4,167379.1,20325,296857.8,17917.7,176654.9,276654.7
