timestamp,bid_price_0,bid_price_1,bid_price_2,bid_price_3,bid_price_4,bid_price_5,bid_price_6,bid_price_7,bid_price_8,bid_price_9,ask_price_0,ask_price_1,ask_price_2,ask_price_3,ask_price_4,ask_price_5,ask_price_6,ask_price_7,ask_price_8,ask_price_9,bid_size_0,bid_size_1,bid_size_2,bid_size_3,bid_size_4,bid_size_5,bid_size_6,bid_size_7,bid_size_8,bid_size_9,ask_size_0,ask_size_1,ask_size_2,ask_size_3,ask_size_4,ask_size_5,ask_size_6,ask_size_7,ask_size_8,ask_size_9
0,0.006728,0.006727,0.006726,0.006725,0.006724,0.006723,0.006722,0.006721,0.00672,0.006719,0.006729,0.00673,0.006731,0.006732,0.006733,0.006734,0.006735,0.006736,0.006737,0.006738,1486.7,1486.9,129447.4,67662.7,166667.6,17912.6,105630.7,406309.6,380298.8,225231.4,22692.8,21911.5,70718.1,140269.8,18738,60999.4,168837,63783.3,163720.3,49471.8
1,0.006726,0.006725,0.006724,0.006723,0.006722,0.006721,0.00672,0.006719,0.006718,0.006717,0.006727,0.006728,0.006729,0.00673,0.006731,0.006732,0.006733,0.006734,0.006735,0.006736,23722.4,151567.5,17912.6,17912.6,67684.2,166735.9,22305.1,109850.8,486402.1,497178.1,9419.6,17911.9,60617.2,133391.4,67611.3,168110.9,19571.4,17910.6,60999.2,205883.1
2,0.006726,0.006725,0.006724,0.006723,0.006722,0.006721,0.00672,0.006719,0.006718,0.006717,0.006727,0.006728,0.006729,0.00673,0.006731,0.006732,0.006733,0.006734,0.006735,0.006736,1487.3,22017.6,129477.9,50728,166705.1,17913.5,22305.1,17913.7,233836.2,846400.4,16425,57082.9,142525.8,21911.5,17911.5,94154.7,325480.2,70222,175247.6,63783.3
3,0.006726,0.006725,0.006724,0.006723,0.006722,0.006721,0.00672,0.006719,0.006718,0.006717,0.006728,0.006729,0.00673,0.006731,0.006732,0.006733,0.006734,0.006735,0.006736,0.006737,22017.5,56559.3,129470.2,50728,204436,17913.5,22305.1,19517.6,135571.2,497178.1,17912.1,129403.4,33333.8,17911.5,60999.9,169746.8,70222,175247.6,95345.4,321057.5
4,0.006729,0.006728,0.006727,0.006726,0.006725,0.006724,0.006723,0.006722,0.006721,0.00672,0.006731,0.006732,0.006733,0.006734,0.006735,0.006736,0.006737,0.006738,0.006739,0.00674,1486.9,22008.6,56547.8,129433.4,17912.4,67668.7,166687.1,17913.5,92048.7,247162.6,58329.5,160911,60657.7,311357.3,460918.6,157978.9,163720.3,17909.7,17909.7,17908.5
5,0.00673,0.006729,0.006728,0.006727,0.006726,0.006725,0.006724,0.006723,0.006722,0.006721,0.006731,0.006732,0.006733,0.006734,0.006735,0.006736,0.006737,0.006738,0.006739,0.00674,31654.8,17911.5,71820,129416.3,17912.1,51232.1,166649,17912.6,17913.5,20324,673.5,17911.1,95051.5,334569.7,460891.7,415284.9,163720.3,175215.7,240557,175214.5
6,0.006731,0.00673,0.006729,0.006728,0.006727,0.006726,0.006725,0.006724,0.006723,0.006722,0.006732,0.006733,0.006734,0.006735,0.006736,0.006737,0.006738,0.006739,0.00674,0.006741,74301.7,92218.6,29592.6,17911.8,49045.4,166612.7,1487.4,18746,17912.6,78877.7,17911.7,1486.7,25338.9,310213.5,87196.5,304052.6,176049.1,119511.9,332185.8,17908.5
7,0.006728,0.006727,0.006726,0.006725,0.006724,0.006723,0.006722,0.006721,0.00672,0.006719,0.006729,0.00673,0.006731,0.006732,0.006733,0.006734,0.006735,0.006736,0.006737,0.006738,23722.4,66440.8,140975.2,17912.4,67668.2,166685.5,17913.5,17913.5,25512.4,218008.5,17911.6,17911.6,129363.8,17911.1,389175.4,331270.7,200428,375678.4,155567.4,275292.8
8,0.00673,0.006729,0.006728,0.006727,0.006726,0.006725,0.006724,0.006723,0.006722,0.006721,0.006731,0.006732,0.006733,0.006734,0.006735,0.006736,0.006737,0.006738,0.006739,0.00674,1486.5,18983.8,29547,67644.5,166608.6,17912.4,68139.2,168263.3,125058.7,386984.1,16425,129349.2,17911.7,25338.9,347346.7,458426.5,314778.9,118743.1,175550,17908.5
9,0.00673,0.006729,0.006728,0.006727,0.006726,0.006725,0.006724,0.006723,0.006722,0.006721,0.006732,0.006733,0.006734,0.006735,0.006736,0.006737,0.006738,0.006739,0.00674,0.006741,1486.2,17911.8,141033.7,75680.9,166605,20311.5,17912.6,17912.6,17913.5,91449.5,16425,21593.8,129321.9,198825.5,458426.5,446919.4,119490,160779.6,17908.5,241316.5
10,0.006728,0.006727,0.006726,0.006725,0.006724,0.006723,0.006722,0.006721,0.00672,0.006719,0.006729,0.00673,0.006731,0.006732,0.006733,0.006734,0.006735,0.006736,0.006737,0.006738,9187.9,17911.8,141008.6,17912.4,17912.6,68150.1,168299.9,18746.9,23105.1,186602.8,16425,17911.6,129364.3,17911.2,235799.8,17911.8,198825.5,519640.1,311856.5,117909.7
11,0.006728,0.006727,0.006726,0.006725,0.006724,0.006723,0.006722,0.006721,0.00672,0.006719,0.006729,0.00673,0.006731,0.006732,0.006733,0.006734,0.006735,0.006736,0.006737,0.006738,17911.7,56551.9,129447.5,17912.4,84268.1,167507.9,19514.6,17913.5,23105.1,186602.8,16425,17911.6,29521.6,129347.6,87237.2,17911.8,347343.9,389139.7,427027.9,119508.4
12,0.006727,0.006726,0.006725,0.006724,0.006723,0.006722,0.006721,0.00672,0.006719,0.006718,0.006728,0.006729,0.00673,0.006731,0.006732,0.006733,0.006734,0.006735,0.006736,0.006737,1486.8,56556.1,129460.8,72536.1,167517.1,19506.2,17913.5,23105.1,254382.2,777785.9,16425,17911.8,73713.1,128932,49473.3,129332.9,17911.8,198825.5,455819.4,157145.7
13,0.006725,0.006724,0.006723,0.006722,0.006721,0.00672,0.006719,0.006718,0.006717,0.006716,0.006726,0.006727,0.006728,0.006729,0.00673,0.006731,0.006732,0.006733,0.006734,0.006735,1487.4,17912.6,56572.6,129514.2,69239,171944.8,79738.6,199067.4,84816.6,113478.3,17175,60705.7,143361.9,17911.7,67486.7,166081.6,17911.2,17911.8,17911.8,200415.6
14,0.006715,0.006714,0.006713,0.006712,0.006711,0.00671,0.006709,0.006708,0.006707,0.006706,0.006716,0.006717,0.006718,0.006719,0.00672,0.006721,0.006722,0.006723,0.006724,0.006725,1489.8,17914.8,17915.3,57768.3,184825.7,171908.7,20352.8,17916.4,111909.3,584131.9,20549.4,49476.5,141367.5,17913.7,67689.9,166754.4,17913.1,19495.2,87343.3,149784.5
15,0.006713,0.006712,0.006711,0.00671,0.006709,0.006708,0.006707,0.006706,0.006705,0.006704,0.006714,0.006715,0.006716,0.006717,0.006718,0.006719,0.00672,0.006721,0.006722,0.006723,1490.3,1490.3,17915.4,61567.7,179572.5,167019,20321.4,137244,302776,87390.1,16425,49477.1,141504.9,17914.4,56589.7,129565.5,17913.7,19501.8,17913.1,18746.5
16,0.006707,0.006706,0.006705,0.006704,0.006703,0.006702,0.006701,0.0067,0.006699,0.006698,0.006708,0.006709,0.00671,0.006711,0.006712,0.006713,0.006714,0.006715,0.006716,0.006717,1491.4,17916.6,17917,56668.9,179963.1,227996,202680.9,131081.3,447848.5,306067.1,16425,60220.4,141725.1,17915.5,49477.6,166931.9,17915,17915,200958.7,19492.4
17,0.006708,0.006707,0.006706,0.006705,0.006704,0.006703,0.006702,0.006701,0.0067,0.006699,0.00671,0.006711,0.006712,0.006713,0.006714,0.006715,0.006716,0.006717,0.006718,0.006719,75096.6,214786.1,17916.6,17917,69116.3,168729.9,17917.5,17917.7,131081.3,498689,1490.5,33052.6,141951,17915,67729.4,166882.5,200958.7,162660,256029.1,242803
18,0.006708,0.006707,0.006706,0.006705,0.006704,0.006703,0.006702,0.006701,0.0067,0.006699,0.00671,0.006711,0.006712,0.006713,0.006714,0.006715,0.006716,0.006717,0.006718,0.006719,85817.1,129766.8,17916.6,72912.3,167941.2,17917.3,17917.5,186408.1,782481.4,646465.1,17915.5,60326.4,142079.9,17915,94638.4,166882.5,200958.7,162660,382484.2,342831.4
19,0.006708,0.006707,0.006706,0.006705,0.006704,0.006703,0.006702,0.006701,0.0067,0.006699,0.00671,0.006711,0.006712,0.006713,0.006714,0.006715,0.006716,0.006717,0.006718,0.006719,17916,56656.9,129784.1,17917,69114.3,168723.4,17917.5,17917.7,212072.7,770431,17915.5,49477.6,142264.3,67737,166908,17915,200958.7,164262.2,383317.6,341228.2
20,0.006718,0.006717,0.006716,0.006715,0.006714,0.006713,0.006712,0.006711,0.00671,0.006709,0.00672,0.006721,0.006722,0.006723,0.006724,0.006725,0.006726,0.006727,0.006728,0.006729,161030.7,141275.3,75488.2,18748,217403.2,17915,17915.3,17915.4,22847.2,90019.3,1488.7,1488.1,17913.1,101410.2,166666.1,201434.3,244165.2,166611,225356,119493.7
21,0.00672,0.006719,0.006718,0.006717,0.006716,0.006715,0.006714,0.006713,0.006712,0.006711,0.006721,0.006722,0.006723,0.006724,0.006725,0.006726,0.006727,0.006728,0.006729,0.00673,41760.6,199263.1,34258.5,67711.1,166823.7,20325.1,17914.8,17915,17915.3,137929.4,1488.3,1488.3,69376.4,126130,49474.7,166632.2,164983.8,408776.4,244130.9,17911.3
22,0.00672,0.006719,0.006718,0.006717,0.006716,0.006715,0.006714,0.006713,0.006712,0.006711,0.006722,0.006723,0.006724,0.006725,0.006726,0.006727,0.006728,0.006729,0.00673,0.006731,15982.9,17913.7,56844.3,129586.8,82204.2,169280.2,17914.8,17915,17915.3,137929.4,56565.9,129489.5,14570.8,67650,166624.3,164228.4,555092.6,245712.4,18744.7,532766.7
23,0.006728,0.006727,0.006726,0.006725,0.006724,0.006723,0.006722,0.006721,0.00672,0.006719,0.006729,0.00673,0.006731,0.006732,0.006733,0.006734,0.006735,0.006736,0.006737,0.006738,120991.2,129413.5,68080.2,131859.6,17912.6,17912.8,17913.1,17913.3,94710.2,241188.9,1486.7,1486.3,17465.2,49473.3,179219.1,201641.4,466821.4,354662.3,17909.7,117909.7
24,0.006729,0.006728,0.006727,0.006726,0.006725,0.006724,0.006723,0.006722,0.006721,0.00672,0.00673,0.006731,0.006732,0.006733,0.006734,0.006735,0.006736,0.006737,0.006738,0.006739,16425,17911.9,71421.2,129434.5,67656.6,166647.2,20316.4,17913.1,17913.3,94710.2,1486.5,129353.8,17911.2,67808.5,232621.8,392553.6,354662.3,19483.8,118743.1,388609
25,0.006732,0.006731,0.00673,0.006729,0.006728,0.006727,0.006726,0.006725,0.006724,0.006723,0.006733,0.006734,0.006735,0.006736,0.006737,0.006738,0.006739,0.00674,0.006741,0.006742,1485.8,1486.1,68289.2,130907.7,17911.9,68475.8,166602,19488.6,17912.6,69474.7,23722.4,17910.5,129291.3,17910.4,201709.8,166362.6,17909.7,568982.6,19515.8,162726.9
26,0.006738,0.006737,0.006736,0.006735,0.006734,0.006733,0.006732,0.006731,0.00673,0.006729,0.006739,0.00674,0.006741,0.006742,0.006743,0.006744,0.006745,0.006746,0.006747,0.006748,24357.4,129248.3,28833.3,67586.6,166420.1,20327.7,17910.8,1486.1,149052.6,535314.8,1484.7,1483.5,17908.5,129181.6,916437,17908.5,165794.7,17908,103092.4,18740.8
27,0.006749,0.006748,0.006747,0.006746,0.006745,0.006744,0.006743,0.006742,0.006741,0.00674,0.00675,0.006751,0.006752,0.006753,0.006754,0.006755,0.006756,0.006757,0.006758,0.006759,31654.8,59589.7,139639,56449.4,129117.6,17908.2,20311.5,17908.6,17908.9,93134.3,1482.4,1481,494167.5,128985.4,311333.7,165973.3,117905.8,19514.9,294764.4,239912
28,0.006755,0.006754,0.006753,0.006752,0.006751,0.00675,0.006749,0.006748,0.006747,0.006746,0.006756,0.006757,0.006758,0.006759,0.00676,0.006761,0.006762,0.006763,0.006764,0.006765,1481,1481,28217,128999.3,17906.9,73008.4,166928,17907.5,19490,119494.7,39166.6,17920.2,312627.7,17920.2,312658.9,165869.3,17920.2,454473.4,159042.9,117920.6
29,0.006754,0.006753,0.006752,0.006751,0.00675,0.006749,0.006748,0.006747,0.006746,0.006745,0.006755,0.006756,0.006757,0.006758,0.006759,0.00676,0.006761,0.006762,0.006763,0.006764,127486.9,17906.9,27958.9,101354.7,171696.4,19517.4,17907.5,17907.5,17907.8,89651.3,730.8,1480.8,156415.8,201625.9,257674,312658.9,17920.2,146693.4,601542.3,313978.1
30,0.006765,0.006764,0.006763,0.006762,0.006761,0.00676,0.006759,0.006758,0.006757,0.006756,0.006767,0.006768,0.006769,0.00677,0.006771,0.006772,0.006773,0.006774,0.006775,0.006776,17601.7,128797.9,27563.1,67404.5,165829.1,23540.3,19499.4,17905.1,17905.6,85041.3,17903.2,19765.2,17902.7,128706.5,17902.5,165611.1,1493.8,17918.6,355533.6,88450.4
31,0.006768,0.006767,0.006766,0.006765,0.006764,0.006763,0.006762,0.006761,0.00676,0.006759,0.006769,0.00677,0.006771,0.006772,0.006773,0.006774,0.006775,0.006776,0.006777,0.006778,17902.9,128751.7,17903.6,67079.1,164742,17904.5,18737.9,17904.5,147911.7,275045.4,16425,34389.7,1477.5,17919.3,128682.3,17918.6,353920.7,235226.2,229843.9,372568.2
32,0.00677,0.006769,0.006768,0.006767,0.006766,0.006765,0.006764,0.006763,0.006762,0.006761,0.006772,0.006773,0.006774,0.006775,0.006776,0.006777,0.006778,0.006779,0.00678,0.006781,1477.6,17902.7,76848.7,128736.6,67376.4,165738.1,17712.9,91057.9,239762,54532.5,27011.6,166851.4,17902.3,10149.7,18657.1,165513,244459.2,242125.1,19804.4,117917
33,0.006767,0.006766,0.006765,0.006764,0.006763,0.006762,0.006761,0.00676,0.006759,0.006758,0.006768,0.006769,0.00677,0.006771,0.006772,0.006773,0.006774,0.006775,0.006776,0.006777,25835.6,59138.1,138139.1,16879.5,67398.8,165810.1,19495.6,23540.3,89506.4,239870.9,22279,17903.2,17902.5,128690.1,17902.4,17902.1,165565.7,137536.1,20261.8,18751.3
34,0.006766,0.006765,0.006764,0.006763,0.006762,0.006761,0.00676,0.006759,0.006758,0.006757,0.006767,0.006768,0.006769,0.00677,0.006771,0.006772,0.006773,0.006774,0.006775,0.006776,9357.4,128779,25911.7,17904.5,68234.5,167408.4,22706.9,17904.9,89523,239925.8,1478.4,1478.2,17903.2,128702.6,17902.5,17902.4,165582.6,169802.4,139142.4,18657.1
35,0.006769,0.006768,0.006767,0.006766,0.006765,0.006764,0.006763,0.006762,0.006761,0.00676,0.00677,0.006771,0.006772,0.006773,0.006774,0.006775,0.006776,0.006777,0.006778,0.006779,1477.7,1478.2,56662.9,112865.9,17903.6,16879.5,18737.9,19498,90925.7,244627.3,32874,17902.5,17902.4,17902.1,17902.3,157779.1,18657.1,19511.4,243708.7,84510.4
36,0.006771,0.00677,0.006769,0.006768,0.006767,0.006766,0.006765,0.006764,0.006763,0.006762,0.006772,0.006773,0.006774,0.006775,0.006776,0.006777,0.006778,0.006779,0.00678,0.006781,17902.3,124695.3,26473.3,67361.5,165689.4,4436.7,17903.6,16879.5,17904.5,125450,7125,22345.5,17902.7,15644.4,129361.6,17917.9,242875.3,375807.2,162417.8,340782.4
37,0.006771,0.00677,0.006769,0.006768,0.006767,0.006766,0.006765,0.006764,0.006763,0.006762,0.006772,0.006773,0.006774,0.006775,0.006776,0.006777,0.006778,0.006779,0.00678,0.006781,23722.4,128697.6,10095.6,17903.2,63928.2,151395.7,17903.6,16879.5,89472.2,347303.4,1477.1,1477.1,17902.7,23397,129374.7,165508,382543.1,84510.4,161060.3,286832.8
38,0.006773,0.006772,0.006771,0.00677,0.006769,0.006768,0.006767,0.006766,0.006765,0.006764,0.006774,0.006775,0.006776,0.006777,0.006778,0.006779,0.00678,0.006781,0.006782,0.006783,1477.1,17902.1,17902.3,167140.9,1477.5,17903.2,166534,3593.3,17903.6,16879.5,31329.5,20241.6,127891.1,17917.9,17917.7,232067,19804.4,17917,20346.8,17916.6
39,0.006767,0.006766,0.006765,0.006764,0.006763,0.006762,0.006761,0.00676,0.006759,0.006758,0.006769,0.00677,0.006771,0.006772,0.006773,0.006774,0.006775,0.006776,0.006777,0.006778,17903.2,112867.1,26827.7,66367.1,165787.7,20305.8,100412.6,207446.4,17904.9,216148.4,17902.9,17902.7,128686.7,1476.8,17901.8,17901.8,165536.7,147206.6,19526,18751.1
40,0.006766,0.006765,0.006764,0.006763,0.006762,0.006761,0.00676,0.006759,0.006758,0.006757,0.006767,0.006768,0.006769,0.00677,0.006771,0.006772,0.006773,0.006774,0.006775,0.006776,9410.8,17903.6,74027.3,128803.2,67403.5,165825.7,23540.3,17904.9,217760.6,722247.7,31050,17606.1,128725.1,17902.7,17901.8,149176.2,19501.8,18735.2,172970,147206.6
41,0.006763,0.006762,0.006761,0.00676,0.006759,0.006758,0.006757,0.006756,0.006755,0.006754,0.006764,0.006765,0.006766,0.006767,0.006768,0.006769,0.00677,0.006771,0.006772,0.006773,1479.5,50143.2,128841.3,22706.9,67423.7,165892.1,17905.6,20320.5,17905.8,145957.2,31050,20153.8,128770.4,17903.4,15752.1,17902.9,165636.4,19473.1,2310.2,170491.2
42,0.00676,0.006759,0.006758,0.006757,0.006756,0.006755,0.006754,0.006753,0.006752,0.006751,0.006761,0.006762,0.006763,0.006764,0.006765,0.006766,0.006767,0.006768,0.006769,0.00677,1479.9,17904.9,56385.9,128913.9,17905.6,68172.6,168397.9,17906.9,156778.4,599334.9,26908.5,17904,138450.3,203643.9,600229.4,128770.4,19473.9,16585.5,17902.9,170541.5
43,0.006755,0.006754,0.006753,0.006752,0.006751,0.00675,0.006749,0.006748,0.006747,0.006746,0.006756,0.006757,0.006758,0.006759,0.00676,0.006761,0.006762,0.006763,0.006764,0.006765,1480.8,17905.8,128983.8,17906.9,69160.2,170869.5,19488.7,70157.4,203899.3,362653.6,38982.4,17905.6,29389.1,128886.1,19385,12409.2,167421.7,17904,204477.3,600229.4
44,0.006752,0.006751,0.00675,0.006749,0.006748,0.006747,0.006746,0.006745,0.006744,0.006743,0.006753,0.006754,0.006755,0.006756,0.006757,0.006758,0.006759,0.00676,0.006761,0.006762,16425,56421.5,129027.1,17907.1,67498.1,166966.1,128216.8,368710.9,17908.2,190530.8,5530.7,17905.8,28361.9,128936.4,17905.6,165913.1,17905.1,19385,14823,17904
45,0.006751,0.00675,0.006749,0.006748,0.006747,0.006746,0.006745,0.006744,0.006743,0.006742,0.006752,0.006753,0.006754,0.006755,0.006756,0.006757,0.006758,0.006759,0.00676,0.006761,1481.9,1481.9,17907.1,129053.2,17907.5,17907.8,168596,17908.2,17908.4,603835.5,31050,17906.4,139850.9,17905.8,17905.8,165936.7,17905.3,20318.9,19385,12409.2
46,0.006747,0.006746,0.006745,0.006744,0.006743,0.006742,0.006741,0.00674,0.006739,0.006738,0.006748,0.006749,0.00675,0.006751,0.006752,0.006753,0.006754,0.006755,0.006756,0.006757,17907.5,17907.8,56453.9,17908.2,67533.1,166247,20326.6,48520.7,107106.8,557511.2,31050,17906.9,146567.7,17906.9,17906.7,166027,19493.7,17905.8,18739.2,303289.8
47,0.006735,0.006734,0.006733,0.006732,0.006731,0.00673,0.006729,0.006728,0.006727,0.006726,0.006736,0.006737,0.006738,0.006739,0.00674,0.006741,0.006742,0.006743,0.006744,0.006745,23722.4,17910.8,56516.3,129331.5,17911.1,71622.6,166536.5,20322.4,17911.7,79151,17910.3,19410,140605.7,55125.4,205087.3,166277.4,17908.4,19485.5,18741.8,17908.2
48,0.00673,0.006729,0.006728,0.006727,0.006726,0.006725,0.006724,0.006723,0.006722,0.006721,0.006731,0.006732,0.006733,0.006734,0.006735,0.006736,0.006737,0.006738,0.006739,0.00674,1486.5,17911.5,17911.9,17911.7,17912.2,17912.4,18746,54702.1,211743.9,365686.8,31654.7,55127.6,143004.6,17910.5,47933.8,166402.5,17909.4,19505.3,18742.8,11834.6
49,0.006724,0.006723,0.006722,0.006721,0.00672,0.006719,0.006718,0.006717,0.006716,0.006715,0.006727,0.006728,0.006729,0.00673,0.006731,0.006732,0.006733,0.006734,0.006735,0.006736,71756.1,235269.9,44571.8,13878.9,58668.4,167587.4,17913.9,18766.6,198588.8,656780.3,1486.7,1486.7,140547.1,238229.9,166030.8,17910.6,17910.6,55127.5,241559.3,17910.2
50,0.006725,0.006724,0.006723,0.006722,0.006721,0.00672,0.006719,0.006718,0.006717,0.006716,0.006726,0.006727,0.006728,0.006729,0.00673,0.006731,0.006732,0.006733,0.006734,0.006735,1487.2,56563.4,129485.2,17912.1,17912.1,72160.9,168333.8,18747.3,18766.6,138170.3,16425,17912.2,28997.3,129401.3,38703.4,166047.9,66371.8,206986.5,19478.4,116371.7
51,0.006721,0.00672,0.006719,0.006718,0.006717,0.006716,0.006715,0.006714,0.006713,0.006712,0.006722,0.006723,0.006724,0.006725,0.006726,0.006727,0.006728,0.006729,0.00673,0.006731,1487.1,1488.3,56590.3,129569.9,18766.6,17914.4,68203.3,168471.3,144325.1,407851,24357.4,129488,28806.6,49474.5,129447.6,18745.6,17912.1,85376.1,226011.3,17439.4
52,0.006715,0.006714,0.006713,0.006712,0.006711,0.00671,0.006709,0.006708,0.006707,0.006706,0.006716,0.006717,0.006718,0.006719,0.00672,0.006721,0.006722,0.006723,0.006724,0.006725,1489.6,40188.1,129642.5,17915.3,69422.5,218972.9,179906,320611.7,561084.1,395721.5,24357.4,55131.2,140559,17913.9,17913.7,49475.6,208621.3,604199.1,19506.6,148031.2
53,0.006716,0.006715,0.006714,0.006713,0.006712,0.006711,0.00671,0.006709,0.006708,0.006707,0.006717,0.006718,0.006719,0.00672,0.006721,0.006722,0.006723,0.006724,0.006725,0.006726,60835.3,135764.3,17914.8,17915,69354.1,166929.4,69168.7,117916,17916,151596.4,1489.2,1489.2,29002.7,129538.9,17913.5,97036.9,532361.8,166665.8,18745.8,90540.8
54,0.006718,0.006717,0.006716,0.006715,0.006714,0.006713,0.006712,0.006711,0.00671,0.006709,0.00672,0.006721,0.006722,0.006723,0.006724,0.006725,0.006726,0.006727,0.006728,0.006729,17913.9,92362.5,92371.2,17914.6,67731.5,166890.1,17915.3,19511.6,68335.3,190849.3,30920.5,17913.5,140417.7,55130.1,167502.5,17912.4,19493.4,17912.2,49474.2,416421.5
