timestamp,bid_price_0,bid_price_1,bid_price_2,bid_price_3,bid_price_4,bid_price_5,bid_price_6,bid_price_7,bid_price_8,bid_price_9,ask_price_0,ask_price_1,ask_price_2,ask_price_3,ask_price_4,ask_price_5,ask_price_6,ask_price_7,ask_price_8,ask_price_9,bid_size_0,bid_size_1,bid_size_2,bid_size_3,bid_size_4,bid_size_5,bid_size_6,bid_size_7,bid_size_8,bid_size_9,ask_size_0,ask_size_1,ask_size_2,ask_size_3,ask_size_4,ask_size_5,ask_size_6,ask_size_7,ask_size_8,ask_size_9
0,1.0001,1,0.9999,0.9998,0.9997,0.9996,0.9995,0.9994,0.9993,0.9992,1.0002,1.0003,1.0004,1.0005,1.0006,1.0007,1.0008,1.0009,1.001,1.0011,87842729,69415249,12182782,2323084,2506170,5864615,4660173,8046908,53604,506876,169541173,14289842,2054144,5669689,844964,712344,237761,531070,540106,25048
1,1.0001,1,0.9999,0.9998,0.9997,0.9996,0.9995,0.9994,0.9993,0.9992,1.0002,1.0003,1.0004,1.0005,1.0006,1.0007,1.0008,1.0009,1.001,1.0011,87656141,69418249,12182187,2503306,2506170,5864615,4660188,8046908,53604,506861,169238240,14285362,2052732,5669689,844964,712344,237761,531070,540106,25048
2,1.0001,1,0.9999,0.9998,0.9997,0.9996,0.9995,0.9994,0.9993,0.9992,1.0002,1.0003,1.0004,1.0005,1.0006,1.0007,1.0008,1.0009,1.001,1.0011,84218648,72351159,12181389,2503306,2506170,5864615,4660173,8046908,53604,506861,172421032,14278554,2052732,5669689,844964,712344,237761,531070,540106,25048
3,1.0001,1,0.9999,0.9998,0.9997,0.9996,0.9995,0.9994,0.9993,0.9992,1.0002,1.0003,1.0004,1.0005,1.0006,1.0007,1.0008,1.0009,1.001,1.0011,83949845,72348159,12158411,2503306,2506170,5864615,4660173,8046908,53604,506861,172446766,14281570,2054144,5669689,844964,714954,237761,528460,540106,25048
4,1.0001,1,0.9999,0.9998,0.9997,0.9996,0.9995,0.9994,0.9993,0.9992,1.0002,1.0003,1.0004,1.0005,1.0006,1.0007,1.0008,1.0009,1.001,1.0011,83709587,72351159,12182269,2503306,2506170,5864615,4660173,8046908,53604,506861,172271841,14293924,2054144,5669689,844964,714954,237761,528460,540106,25048
5,1.0001,1,0.9999,0.9998,0.9997,0.9996,0.9995,0.9994,0.9993,0.9992,1.0002,1.0003,1.0004,1.0005,1.0006,1.0007,1.0008,1.0009,1.001,1.0011,83462489,69440154,12158421,2503306,2506170,5864615,4660173,8046908,53604,506861,172471010,14291127,2052732,5669689,844964,714954,237761,528460,540106,25048
6,1.0001,1,0.9999,0.9998,0.9997,0.9996,0.9995,0.9994,0.9993,0.9992,1.0002,1.0003,1.0004,1.0005,1.0006,1.0007,1.0008,1.0009,1.001,1.0011,83356897,69420759,12158421,2503306,2506170,5864615,4660173,8046908,53604,506861,173320198,14281570,2052732,5669689,844964,714954,237761,528460,540106,25048
7,1.0001,1,0.9999,0.9998,0.9997,0.9996,0.9995,0.9994,0.9993,0.9992,1.0002,1.0003,1.0004,1.0005,1.0006,1.0007,1.0008,1.0009,1.001,1.0011,83289185,70481986,12158421,2503306,2506170,5864615,4660173,8046908,53604,506861,173209397,14289342,2054144,5669689,844964,714954,237761,528460,540106,25048
8,1.0001,1,0.9999,0.9998,0.9997,0.9996,0.9995,0.9994,0.9993,0.9992,1.0002,1.0003,1.0004,1.0005,1.0006,1.0007,1.0008,1.0009,1.001,1.0011,83130708,70463971,12183241,2503306,2506170,5864615,4660173,8046908,53604,506861,173148246,14281570,2052732,5669689,844964,714954,237761,528460,540106,25048
9,1.0001,1,0.9999,0.9998,0.9997,0.9996,0.9995,0.9994,0.9993,0.9992,1.0002,1.0003,1.0004,1.0005,1.0006,1.0007,1.0008,1.0009,1.001,1.0011,82684640,70393971,12158421,2503306,2506170,5864615,4660173,8046908,53604,506861,173239756,14289140,2052732,5669689,844964,714954,237761,528460,540106,25048
10,1.0001,1,0.9999,0.9998,0.9997,0.9996,0.9995,0.9994,0.9993,0.9992,1.0002,1.0003,1.0004,1.0005,1.0006,1.0007,1.0008,1.0009,1.001,1.0011,82320947,70390971,12158421,2503306,2506170,5864615,4660173,8046908,53604,506861,173557264,14288424,2054144,5669689,844964,714954,237761,528460,540106,25048
11,1.0001,1,0.9999,0.9998,0.9997,0.9996,0.9995,0.9994,0.9993,0.9992,1.0002,1.0003,1.0004,1.0005,1.0006,1.0007,1.0008,1.0009,1.001,1.0011,82184068,70412568,12158421,2503306,2506170,5864615,4660173,8046908,53604,506861,173475022,14286438,2052732,5669689,844964,715004,237761,528410,540106,25048
12,1.0001,1,0.9999,0.9998,0.9997,0.9996,0.9995,0.9994,0.9993,0.9992,1.0002,1.0003,1.0004,1.0005,1.0006,1.0007,1.0008,1.0009,1.001,1.0011,82278008,70411089,12158421,2503306,2506170,5864615,4660173,8046908,53604,506861,172827265,14291671,2052732,5669689,844964,715004,237761,528410,540106,25048
13,1.0001,1,0.9999,0.9998,0.9997,0.9996,0.9995,0.9994,0.9993,0.9992,1.0002,1.0003,1.0004,1.0005,1.0006,1.0007,1.0008,1.0009,1.001,1.0011,82121199,70416217,12158421,2503306,2506170,5864615,4660173,8046908,53604,506861,172627178,14288900,2052732,5669689,844964,715004,237761,528410,540106,25048
14,1.0001,1,0.9999,0.9998,0.9997,0.9996,0.9995,0.9994,0.9993,0.9992,1.0002,1.0003,1.0004,1.0005,1.0006,1.0007,1.0008,1.0009,1.001,1.0011,81789403,70390981,12158421,2503306,2506170,5864615,4660173,8046908,53604,506861,172909867,14287444,2052732,5669689,844964,715004,237761,528410,540106,25048
15,1.0001,1,0.9999,0.9998,0.9997,0.9996,0.9995,0.9994,0.9993,0.9992,1.0002,1.0003,1.0004,1.0005,1.0006,1.0007,1.0008,1.0009,1.001,1.0011,81181053,70407944,12158421,2503306,2506170,5864615,4660173,8046908,53604,506861,173411967,14278540,2052732,5669689,844964,715004,237761,528410,540106,25048
16,1.0001,1,0.9999,0.9998,0.9997,0.9996,0.9995,0.9994,0.9993,0.9992,1.0002,1.0003,1.0004,1.0005,1.0006,1.0007,1.0008,1.0009,1.001,1.0011,76987933,73412673,12158421,2503306,2506170,5864615,4660173,8046908,53604,506861,174446664,14287596,2052732,5669689,844964,715004,237761,528410,540106,25048
17,1.0001,1,0.9999,0.9998,0.9997,0.9996,0.9995,0.9994,0.9993,0.9992,1.0002,1.0003,1.0004,1.0005,1.0006,1.0007,1.0008,1.0009,1.001,1.0011,55332583,73432387,12158421,2504502,2506170,5864615,4660173,8046908,53604,506861,176582497,14296385,2053237,5669689,844964,715004,237761,528410,540106,25048
18,1.0001,1,0.9999,0.9998,0.9997,0.9996,0.9995,0.9994,0.9993,0.9992,1.0002,1.0003,1.0004,1.0005,1.0006,1.0007,1.0008,1.0009,1.001,1.0011,53829142,73677429,12158431,2504502,2506170,5864615,4660173,8046908,53604,506861,177621158,14352385,2051825,5669689,844964,715004,237761,528410,540106,25048
19,1.0001,1,0.9999,0.9998,0.9997,0.9996,0.9995,0.9994,0.9993,0.9992,1.0002,1.0003,1.0004,1.0005,1.0006,1.0007,1.0008,1.0009,1.001,1.0011,53650762,73579309,12091412,2504502,2506170,5864615,4660173,8046908,53604,506861,177432188,14361266,2053237,5669689,844964,715004,237761,528410,540106,25048
20,1,0.9999,0.9998,0.9997,0.9996,0.9995,0.9994,0.9993,0.9992,0.9991,1.0001,1.0002,1.0003,1.0004,1.0005,1.0006,1.0007,1.0008,1.0009,1.001,127152330,12079920,2512211,2501430,5869355,4660179,8046908,53604,506861,281,28820861,129533659,12204285,2044688,5569739,844964,714998,237761,528410,540106
21,1,0.9999,0.9998,0.9997,0.9996,0.9995,0.9994,0.9993,0.9992,0.9991,1.0001,1.0002,1.0003,1.0004,1.0005,1.0006,1.0007,1.0008,1.0009,1.001,127374811,12495165,2512211,2501430,5869355,4660179,8046908,53604,506861,281,35708905,128278974,12178285,2043194,5574395,844964,714998,237761,528410,540106
22,1,0.9999,0.9998,0.9997,0.9996,0.9995,0.9994,0.9993,0.9992,0.9991,1.0001,1.0002,1.0003,1.0004,1.0005,1.0006,1.0007,1.0008,1.0009,1.001,127443579,12495165,2512211,2501430,5869355,4660179,8046908,53604,506861,281,37045329,128178445,12191058,2043194,5574395,844964,714998,237761,528410,540106
23,1,0.9999,0.9998,0.9997,0.9996,0.9995,0.9994,0.9993,0.9992,0.9991,1.0001,1.0002,1.0003,1.0004,1.0005,1.0006,1.0007,1.0008,1.0009,1.001,127948351,12495165,2512211,2501430,5869355,4660179,8046908,53604,506861,281,38601298,127922524,12190264,2043194,5574395,844964,714998,237761,528410,540106
24,1,0.9999,0.9998,0.9997,0.9996,0.9995,0.9994,0.9993,0.9992,0.9991,1.0001,1.0002,1.0003,1.0004,1.0005,1.0006,1.0007,1.0008,1.0009,1.001,127951072,12495165,2512211,2501430,5869355,4660179,8046908,53604,506861,281,40204468,127695611,12033993,2043194,5574395,844964,714998,237761,528410,540106
25,1,0.9999,0.9998,0.9997,0.9996,0.9995,0.9994,0.9993,0.9992,0.9991,1.0001,1.0002,1.0003,1.0004,1.0005,1.0006,1.0007,1.0008,1.0009,1.001,128348508,12520087,2512211,2501430,5869355,4660179,8046908,53604,506861,281,41772142,127162090,12017300,2043194,5574395,844964,714998,237761,528410,540106
26,1,0.9999,0.9998,0.9997,0.9996,0.9995,0.9994,0.9993,0.9992,0.9991,1.0001,1.0002,1.0003,1.0004,1.0005,1.0006,1.0007,1.0008,1.0009,1.001,128288983,12495165,2512211,2501430,5869355,4660179,8046908,53604,506861,281,42515208,127250401,12004585,2043194,5574395,844964,714998,237761,528410,540106
27,1,0.9999,0.9998,0.9997,0.9996,0.9995,0.9994,0.9993,0.9992,0.9991,1.0001,1.0002,1.0003,1.0004,1.0005,1.0006,1.0007,1.0008,1.0009,1.001,126230755,12519253,2512211,2501430,5869355,4660179,8046908,53604,506861,281,43356807,126621564,12006178,2043194,5574395,844964,714998,237761,528410,540106
28,1,0.9999,0.9998,0.9997,0.9996,0.9995,0.9994,0.9993,0.9992,0.9991,1.0001,1.0002,1.0003,1.0004,1.0005,1.0006,1.0007,1.0008,1.0009,1.001,126196502,12495165,2512211,2498820,5869355,4660179,8046908,53604,506861,281,43954878,127018215,12008352,2043248,5574395,844964,712388,237761,529976,538540
29,1,0.9999,0.9998,0.9997,0.9996,0.9995,0.9994,0.9993,0.9992,0.9991,1.0001,1.0002,1.0003,1.0004,1.0005,1.0006,1.0007,1.0008,1.0009,1.001,125839698,12495165,2512211,2498820,5869355,4660179,8046908,53604,506861,281,44503298,127290954,12004191,2043194,5574395,844964,712388,237761,529976,538540
30,1,0.9999,0.9998,0.9997,0.9996,0.9995,0.9994,0.9993,0.9992,0.9991,1.0001,1.0002,1.0003,1.0004,1.0005,1.0006,1.0007,1.0008,1.0009,1.001,125168604,12518451,2512211,2498820,5869355,4660179,8046908,53604,506861,281,44709756,127170816,12006945,2043194,5574395,844964,712388,237761,529976,538540
31,1,0.9999,0.9998,0.9997,0.9996,0.9995,0.9994,0.9993,0.9992,0.9991,1.0001,1.0002,1.0003,1.0004,1.0005,1.0006,1.0007,1.0008,1.0009,1.001,125072863,12495165,2512211,2498820,5869355,4660179,8046908,53604,506861,281,46053413,125950902,12004389,2043194,5574395,844964,712388,237761,529976,538540
32,1,0.9999,0.9998,0.9997,0.9996,0.9995,0.9994,0.9993,0.9992,0.9991,1.0001,1.0002,1.0003,1.0004,1.0005,1.0006,1.0007,1.0008,1.0009,1.001,124764903,12518189,2512211,2498820,5869355,4660179,8046908,53604,506861,281,45714180,125953401,12009220,2043194,5574395,844964,712388,237761,529976,538540
33,1,0.9999,0.9998,0.9997,0.9996,0.9995,0.9994,0.9993,0.9992,0.9991,1.0001,1.0002,1.0003,1.0004,1.0005,1.0006,1.0007,1.0008,1.0009,1.001,124786786,12495215,2512211,2498820,5869355,4660179,8046908,53604,506861,281,48926034,125434607,11908051,2043194,5574395,844964,712388,237761,529976,538540
34,1,0.9999,0.9998,0.9997,0.9996,0.9995,0.9994,0.9993,0.9992,0.9991,1.0001,1.0002,1.0003,1.0004,1.0005,1.0006,1.0007,1.0008,1.0009,1.001,124952881,12495215,2512211,2498820,5869355,4660179,8046908,53604,506861,281,48664609,125457808,11906084,2043194,5574395,844964,712388,237761,529976,538540
35,1,0.9999,0.9998,0.9997,0.9996,0.9995,0.9994,0.9993,0.9992,0.9991,1.0001,1.0002,1.0003,1.0004,1.0005,1.0006,1.0007,1.0008,1.0009,1.001,120608120,12495215,2512211,2498820,5869355,4660179,8046908,53604,506861,281,51580634,124305223,11897585,2043194,5574395,844964,712388,237761,529976,538540
36,1,0.9999,0.9998,0.9997,0.9996,0.9995,0.9994,0.9993,0.9992,0.9991,1.0001,1.0002,1.0003,1.0004,1.0005,1.0006,1.0007,1.0008,1.0009,1.001,120789588,12495215,2512211,2501430,5869355,4660179,8046908,53604,506861,281,52718211,124427273,11893254,2043194,5574395,844964,712388,237761,529976,538540
37,1,0.9999,0.9998,0.9997,0.9996,0.9995,0.9994,0.9993,0.9992,0.9991,1.0001,1.0002,1.0003,1.0004,1.0005,1.0006,1.0007,1.0008,1.0009,1.001,120762971,12495215,2512211,2501430,5869355,4660179,8046908,53604,506861,281,52467721,124469828,11893837,2043194,5574395,844964,712388,237761,529976,538540
38,1,0.9999,0.9998,0.9997,0.9996,0.9995,0.9994,0.9993,0.9992,0.9991,1.0001,1.0002,1.0003,1.0004,1.0005,1.0006,1.0007,1.0008,1.0009,1.001,120772116,12595216,2512211,2501430,5869355,4660179,8046908,53604,506861,281,53338752,124344285,11893141,2043194,5574395,844964,712388,237761,529976,538540
39,1,0.9999,0.9998,0.9997,0.9996,0.9995,0.9994,0.9993,0.9992,0.9991,1.0001,1.0002,1.0003,1.0004,1.0005,1.0006,1.0007,1.0008,1.0009,1.001,120968332,12648031,2512211,2501430,5869355,4660179,8046908,53604,506861,281,53308186,124143649,11891954,2042494,5574395,844964,712388,237761,529976,538540
40,1,0.9999,0.9998,0.9997,0.9996,0.9995,0.9994,0.9993,0.9992,0.9991,1.0001,1.0002,1.0003,1.0004,1.0005,1.0006,1.0007,1.0008,1.0009,1.001,120977349,12648031,2512211,2501430,5869355,4660179,8046908,53604,506861,281,53504659,124124063,11889623,2042494,5574395,844964,712388,237761,529976,538540
41,1,0.9999,0.9998,0.9997,0.9996,0.9995,0.9994,0.9993,0.9992,0.9991,1.0001,1.0002,1.0003,1.0004,1.0005,1.0006,1.0007,1.0008,1.0009,1.001,121298734,12648031,2512211,2501430,5869355,4660179,8046908,53604,506861,281,53166703,124164390,11889735,2042494,5574395,844964,712388,237761,529976,538540
42,1,0.9999,0.9998,0.9997,0.9996,0.9995,0.9994,0.9993,0.9992,0.9991,1.0001,1.0002,1.0003,1.0004,1.0005,1.0006,1.0007,1.0008,1.0009,1.001,121605638,12876910,2512211,2501430,5869355,4660179,8046908,53604,506861,281,52231325,124298310,11893225,2042494,5574444,844964,712388,237761,529976,538540
43,1,0.9999,0.9998,0.9997,0.9996,0.9995,0.9994,0.9993,0.9992,0.9991,1.0001,1.0002,1.0003,1.0004,1.0005,1.0006,1.0007,1.0008,1.0009,1.001,121707831,12899948,2512211,2501430,5869355,4660179,8046908,53604,506861,281,52036555,124418312,11892799,2042494,5574444,844964,712388,237761,529976,538540
44,1,0.9999,0.9998,0.9997,0.9996,0.9995,0.9994,0.9993,0.9992,0.9991,1.0001,1.0002,1.0003,1.0004,1.0005,1.0006,1.0007,1.0008,1.0009,1.001,121177281,12876910,2512211,2501430,5869355,4660179,8046908,53604,506861,281,52893109,124173028,11890366,2042494,5574444,844964,712388,237761,529976,538540
45,1,0.9999,0.9998,0.9997,0.9996,0.9995,0.9994,0.9993,0.9992,0.9991,1.0001,1.0002,1.0003,1.0004,1.0005,1.0006,1.0007,1.0008,1.0009,1.001,121209986,12905804,2512211,2501430,5869355,4660179,8046908,53604,506861,281,52775846,124037161,11896914,2042494,5574444,844964,712388,237761,529976,538540
46,1,0.9999,0.9998,0.9997,0.9996,0.9995,0.9994,0.9993,0.9992,0.9991,1.0001,1.0002,1.0003,1.0004,1.0005,1.0006,1.0007,1.0008,1.0009,1.001,121179484,12885720,2512211,2501430,5869355,4660179,8046908,53604,506861,281,52579250,124054161,11895293,2042494,5574444,844964,712388,237761,529976,538540
47,1,0.9999,0.9998,0.9997,0.9996,0.9995,0.9994,0.9993,0.9992,0.9991,1.0001,1.0002,1.0003,1.0004,1.0005,1.0006,1.0007,1.0008,1.0009,1.001,117899298,15887269,2512211,2501430,5869355,4660179,8046908,53604,506861,281,53793014,123194376,11896506,2042494,5574444,844964,712388,237761,529976,538540
48,1,0.9999,0.9998,0.9997,0.9996,0.9995,0.9994,0.9993,0.9992,0.9991,1.0001,1.0002,1.0003,1.0004,1.0005,1.0006,1.0007,1.0008,1.0009,1.001,118716415,15888338,2512211,2501430,5869355,4660179,8046908,53604,506861,281,52340859,123605867,11909533,2042494,5574444,844964,712388,237761,529976,538540
49,1,0.9999,0.9998,0.9997,0.9996,0.9995,0.9994,0.9993,0.9992,0.9991,1.0001,1.0002,1.0003,1.0004,1.0005,1.0006,1.0007,1.0008,1.0009,1.001,118698680,15888338,2512211,2501430,5869355,4660179,8046908,53604,506861,281,52651756,123648672,11913905,2042494,5574444,844964,712388,237761,529976,538540
50,1,0.9999,0.9998,0.9997,0.9996,0.9995,0.9994,0.9993,0.9992,0.9991,1.0001,1.0002,1.0003,1.0004,1.0005,1.0006,1.0007,1.0008,1.0009,1.001,115997550,15888338,2512211,2501430,5869355,4660179,8046908,53604,506861,281,56244416,122709979,11895863,2042494,5574444,844964,712388,237761,529976,538540
51,1,0.9999,0.9998,0.9997,0.9996,0.9995,0.9994,0.9993,0.9992,0.9991,1.0001,1.0002,1.0003,1.0004,1.0005,1.0006,1.0007,1.0008,1.0009,1.001,116373541,15888369,2512211,2501430,5869355,4660179,8046908,53604,506861,281,55724352,122753546,11894118,2042494,5574200,844964,712388,237761,529976,538540
52,1,0.9999,0.9998,0.9997,0.9996,0.9995,0.9994,0.9993,0.9992,0.9991,1.0001,1.0002,1.0003,1.0004,1.0005,1.0006,1.0007,1.0008,1.0009,1.001,116428489,15912881,2512211,2501430,5869355,4660179,8046908,53604,506861,281,55563197,122490316,11896620,2042494,5574200,844964,712388,237761,529976,538540
53,1,0.9999,0.9998,0.9997,0.9996,0.9995,0.9994,0.9993,0.9992,0.9991,1.0001,1.0002,1.0003,1.0004,1.0005,1.0006,1.0007,1.0008,1.0009,1.001,116360998,15888369,2512211,2501430,5864615,4660179,8046908,53604,506861,281,55746386,122450316,11898943,2042514,5574200,844964,712388,237761,529976,538540
54,1,0.9999,0.9998,0.9997,0.9996,0.9995,0.9994,0.9993,0.9992,0.9991,1.0001,1.0002,1.0003,1.0004,1.0005,1.0006,1.0007,1.0008,1.0009,1.001,116958402,15888369,2512211,2501430,5869355,4660179,8046908,53604,506861,281,56624648,122360654,11899287,2042494,5574200,844964,712388,237761,529976,538540
55,1,0.9999,0.9998,0.9997,0.9996,0.9995,0.9994,0.9993,0.9992,0.9991,1.0001,1.0002,1.0003,1.0004,1.0005,1.0006,1.0007,1.0008,1.0009,1.001,117070482,15888369,2512211,2501430,5869355,4660179,8046908,53604,506861,281,56514370,122324154,11897007,2042494,5574200,844964,712388,237761,529976,538540
56,1,0.9999,0.9998,0.9997,0.9996,0.9995,0.9994,0.9993,0.9992,0.9991,1.0001,1.0002,1.0003,1.0004,1.0005,1.0006,1.0007,1.0008,1.0009,1.001,117085598,15888369,2512211,2501430,5869355,4660179,8046908,53604,506861,281,56394251,122342152,11896412,2042494,5574200,844964,712388,237761,529976,538540
57,1,0.9999,0.9998,0.9997,0.9996,0.9995,0.9994,0.9993,0.9992,0.9991,1.0001,1.0002,1.0003,1.0004,1.0005,1.0006,1.0007,1.0008,1.0009,1.001,117111710,15888369,2512211,2501430,5864615,4660179,8046908,53604,506861,281,57354147,122200912,11898170,2042494,5574200,844964,712388,237761,529976,538540
58,1,0.9999,0.9998,0.9997,0.9996,0.9995,0.9994,0.9993,0.9992,0.9991,1.0001,1.0002,1.0003,1.0004,1.0005,1.0006,1.0007,1.0008,1.0009,1.001,116820055,15888369,2512211,2501430,5869355,4660179,8046908,53604,506861,281,57388596,121945054,11894642,2042494,5574200,844964,712388,237761,529976,538540
59,1,0.9999,0.9998,0.9997,0.9996,0.9995,0.9994,0.9993,0.9992,0.9991,1.0001,1.0002,1.0003,1.0004,1.0005,1.0006,1.0007,1.0008,1.0009,1.001,116864652,15888369,2512211,2501430,5869355,4660179,8046908,53604,506861,281,57228274,121965063,11886347,2042494,5574200,844964,712388,237761,529976,538540
60,1,0.9999,0.9998,0.9997,0.9996,0.9995,0.9994,0.9993,0.9992,0.9991,1.0001,1.0002,1.0003,1.0004,1.0005,1.0006,1.0007,1.0008,1.0009,1.001,116464731,15888369,2512211,2501430,5869355,4660179,8046908,53604,506861,281,57181872,121945063,11895715,2042494,5574214,844964,712388,237761,529976,538540
61,1,0.9999,0.9998,0.9997,0.9996,0.9995,0.9994,0.9993,0.9992,0.9991,1.0001,1.0002,1.0003,1.0004,1.0005,1.0006,1.0007,1.0008,1.0009,1.001,115909941,15888447,2512211,2501430,5869355,4660179,8046908,53604,506861,281,58442279,121548801,11886347,2040029,5574214,844964,712388,237761,529976,538540
62,1,0.9999,0.9998,0.9997,0.9996,0.9995,0.9994,0.9993,0.9992,0.9991,1.0001,1.0002,1.0003,1.0004,1.0005,1.0006,1.0007,1.0008,1.0009,1.001,115857309,15888447,2512211,2501430,5869355,4660179,8046908,53604,506861,281,58226453,121588801,11894600,2040029,5574214,844964,712388,237761,529976,538540
63,1,0.9999,0.9998,0.9997,0.9996,0.9995,0.9994,0.9993,0.9992,0.9991,1.0001,1.0002,1.0003,1.0004,1.0005,1.0006,1.0007,1.0008,1.0009,1.001,113253664,15888483,2512211,2501430,5869355,4660179,8046908,53604,506861,281,61890739,120668189,11898893,2040029,5574214,844964,712388,237761,529976,538540
64,1,0.9999,0.9998,0.9997,0.9996,0.9995,0.9994,0.9993,0.9992,0.9991,1.0001,1.0002,1.0003,1.0004,1.0005,1.0006,1.0007,1.0008,1.0009,1.001,112169809,15911559,2512211,2501430,5869355,4660179,8046908,53604,506861,281,74707522,108042889,11901337,2040029,5574214,844964,712388,237761,529976,538540
65,1,0.9999,0.9998,0.9997,0.9996,0.9995,0.9994,0.9993,0.9992,0.9991,1.0001,1.0002,1.0003,1.0004,1.0005,1.0006,1.0007,1.0008,1.0009,1.001,111313763,15888483,2512211,2501430,5869355,4660179,8046908,53604,506861,281,75404361,107756378,11897686,2040029,5574214,844964,712388,237761,529976,538540
