timestamp,bid_price_0,bid_price_1,bid_price_2,bid_price_3,bid_price_4,bid_price_5,bid_price_6,bid_price_7,bid_price_8,bid_price_9,ask_price_0,ask_price_1,ask_price_2,ask_price_3,ask_price_4,ask_price_5,ask_price_6,ask_price_7,ask_price_8,ask_price_9,bid_size_0,bid_size_1,bid_size_2,bid_size_3,bid_size_4,bid_size_5,bid_size_6,bid_size_7,bid_size_8,bid_size_9,ask_size_0,ask_size_1,ask_size_2,ask_size_3,ask_size_4,ask_size_5,ask_size_6,ask_size_7,ask_size_8,ask_size_9
0,1.0001,1,0.9999,0.9998,0.9997,0.9996,0.9995,0.9994,0.9993,0.9992,1.0002,1.0003,1.0004,1.0005,1.0006,1.0007,1.0008,1.0009,1.001,1.0011,83353604,69420759,12158421,2503306,2506170,5864615,4660173,8046908,53604,506861,173285280,14281570,2052732,5669689,844964,714954,237761,528460,540106,25048
1,1.0001,1,0.9999,0.9998,0.9997,0.9996,0.9995,0.9994,0.9993,0.9992,1.0002,1.0003,1.0004,1.0005,1.0006,1.0007,1.0008,1.0009,1.001,1.0011,83289185,70481986,12158421,2503306,2506170,5864615,4660173,8046908,53604,506861,173209397,14289342,2054144,5669689,844964,714954,237761,528460,540106,25048
2,1.0001,1,0.9999,0.9998,0.9997,0.9996,0.9995,0.9994,0.9993,0.9992,1.0002,1.0003,1.0004,1.0005,1.0006,1.0007,1.0008,1.0009,1.001,1.0011,83130708,70463971,12183241,2503306,2506170,5864615,4660173,8046908,53604,506861,173148246,14281570,2052732,5669689,844964,714954,237761,528460,540106,25048
3,1.0001,1,0.9999,0.9998,0.9997,0.9996,0.9995,0.9994,0.9993,0.9992,1.0002,1.0003,1.0004,1.0005,1.0006,1.0007,1.0008,1.0009,1.001,1.0011,82684640,70393971,12158421,2503306,2506170,5864615,4660173,8046908,53604,506861,173239756,14289140,2052732,5669689,844964,714954,237761,528460,540106,25048
4,1.0001,1,0.9999,0.9998,0.9997,0.9996,0.9995,0.9994,0.9993,0.9992,1.0002,1.0003,1.0004,1.0005,1.0006,1.0007,1.0008,1.0009,1.001,1.0011,82320947,70390971,12158421,2503306,2506170,5864615,4660173,8046908,53604,506861,173557264,14288424,2054144,5669689,844964,714954,237761,528460,540106,25048
5,1.0001,1,0.9999,0.9998,0.9997,0.9996,0.9995,0.9994,0.9993,0.9992,1.0002,1.0003,1.0004,1.0005,1.0006,1.0007,1.0008,1.0009,1.001,1.0011,82184068,70412568,12158421,2503306,2506170,5864615,4660173,8046908,53604,506861,173475022,14286438,2052732,5669689,844964,715004,237761,528410,540106,25048
6,1.0001,1,0.9999,0.9998,0.9997,0.9996,0.9995,0.9994,0.9993,0.9992,1.0002,1.0003,1.0004,1.0005,1.0006,1.0007,1.0008,1.0009,1.001,1.0011,82278008,70411089,12158421,2503306,2506170,5864615,4660173,8046908,53604,506861,172827265,14291671,2052732,5669689,844964,715004,237761,528410,540106,25048
7,1.0001,1,0.9999,0.9998,0.9997,0.9996,0.9995,0.9994,0.9993,0.9992,1.0002,1.0003,1.0004,1.0005,1.0006,1.0007,1.0008,1.0009,1.001,1.0011,82119897,70416217,12158421,2503306,2506170,5864615,4660173,8046908,53604,506861,172625768,14288900,2054144,5669689,844964,715004,237761,528410,540106,25048
8,1.0001,1,0.9999,0.9998,0.9997,0.9996,0.9995,0.9994,0.9993,0.9992,1.0002,1.0003,1.0004,1.0005,1.0006,1.0007,1.0008,1.0009,1.001,1.0011,81789403,70390981,12158421,2503306,2506170,5864615,4660173,8046908,53604,506861,172910292,14287444,2052732,5669689,844964,715004,237761,528410,540106,25048
9,1.0001,1,0.9999,0.9998,0.9997,0.9996,0.9995,0.9994,0.9993,0.9992,1.0002,1.0003,1.0004,1.0005,1.0006,1.0007,1.0008,1.0009,1.001,1.0011,81181053,70407944,12158421,2503306,2506170,5864615,4660173,8046908,53604,506861,173411967,14278540,2052732,5669689,844964,715004,237761,528410,540106,25048
10,1.0001,1,0.9999,0.9998,0.9997,0.9996,0.9995,0.9994,0.9993,0.9992,1.0002,1.0003,1.0004,1.0005,1.0006,1.0007,1.0008,1.0009,1.001,1.0011,76987933,73412673,12158421,2503306,2506170,5864615,4660173,8046908,53604,506861,174446664,14287596,2052732,5669689,844964,715004,237761,528410,540106,25048
11,1.0001,1,0.9999,0.9998,0.9997,0.9996,0.9995,0.9994,0.9993,0.9992,1.0002,1.0003,1.0004,1.0005,1.0006,1.0007,1.0008,1.0009,1.001,1.0011,55333920,73432387,12158421,2504502,2506170,5864615,4660173,8046908,53604,506861,176582507,14296385,2053237,5669689,844964,715004,237761,528410,540106,25048
12,1.0001,1,0.9999,0.9998,0.9997,0.9996,0.9995,0.9994,0.9993,0.9992,1.0002,1.0003,1.0004,1.0005,1.0006,1.0007,1.0008,1.0009,1.001,1.0011,53829142,73677429,12158431,2504502,2506170,5864615,4660173,8046908,53604,506861,177621169,14352385,2051825,5669689,844964,715004,237761,528410,540106,25048
13,1.0001,1,0.9999,0.9998,0.9997,0.9996,0.9995,0.9994,0.9993,0.9992,1.0002,1.0003,1.0004,1.0005,1.0006,1.0007,1.0008,1.0009,1.001,1.0011,53650762,73579309,12091412,2504502,2506170,5864615,4660173,8046908,53604,506861,177432188,14361266,2053237,5669689,844964,715004,237761,528410,540106,25048
14,1,0.9999,0.9998,0.9997,0.9996,0.9995,0.9994,0.9993,0.9992,0.9991,1.0001,1.0002,1.0003,1.0004,1.0005,1.0006,1.0007,1.0008,1.0009,1.001,127152330,12079920,2512211,2501430,5869355,4660179,8046908,53604,506861,281,28820861,129533659,12204285,2044688,5569739,844964,714998,237761,528410,540106
15,1,0.9999,0.9998,0.9997,0.9996,0.9995,0.9994,0.9993,0.9992,0.9991,1.0001,1.0002,1.0003,1.0004,1.0005,1.0006,1.0007,1.0008,1.0009,1.001,127375387,12495165,2512211,2501430,5869355,4660179,8046908,53604,506861,281,35709066,128278974,12178285,2043194,5574395,844964,714998,237761,528410,540106
16,1,0.9999,0.9998,0.9997,0.9996,0.9995,0.9994,0.9993,0.9992,0.9991,1.0001,1.0002,1.0003,1.0004,1.0005,1.0006,1.0007,1.0008,1.0009,1.001,127443579,12495165,2512211,2501430,5869355,4660179,8046908,53604,506861,281,37045329,128178445,12191058,2043194,5574395,844964,714998,237761,528410,540106
17,1,0.9999,0.9998,0.9997,0.9996,0.9995,0.9994,0.9993,0.9992,0.9991,1.0001,1.0002,1.0003,1.0004,1.0005,1.0006,1.0007,1.0008,1.0009,1.001,127948351,12495165,2512211,2501430,5869355,4660179,8046908,53604,506861,281,38601298,127922524,12190264,2043194,5574395,844964,714998,237761,528410,540106
18,1,0.9999,0.9998,0.9997,0.9996,0.9995,0.9994,0.9993,0.9992,0.9991,1.0001,1.0002,1.0003,1.0004,1.0005,1.0006,1.0007,1.0008,1.0009,1.001,127951072,12495165,2512211,2501430,5869355,4660179,8046908,53604,506861,281,40204468,127695611,12033993,2043194,5574395,844964,714998,237761,528410,540106
19,1,0.9999,0.9998,0.9997,0.9996,0.9995,0.9994,0.9993,0.9992,0.9991,1.0001,1.0002,1.0003,1.0004,1.0005,1.0006,1.0007,1.0008,1.0009,1.001,128348508,12520087,2512211,2501430,5869355,4660179,8046908,53604,506861,281,41772131,127162090,12017300,2043194,5574395,844964,714998,237761,528410,540106
20,1,0.9999,0.9998,0.9997,0.9996,0.9995,0.9994,0.9993,0.9992,0.9991,1.0001,1.0002,1.0003,1.0004,1.0005,1.0006,1.0007,1.0008,1.0009,1.001,128288983,12495165,2512211,2501430,5869355,4660179,8046908,53604,506861,281,42515208,127250401,12004585,2043194,5574395,844964,714998,237761,528410,540106
21,1,0.9999,0.9998,0.9997,0.9996,0.9995,0.9994,0.9993,0.9992,0.9991,1.0001,1.0002,1.0003,1.0004,1.0005,1.0006,1.0007,1.0008,1.0009,1.001,126231480,12519253,2512211,2501430,5869355,4660179,8046908,53604,506861,281,43278900,127106224,12006178,2043194,5574395,844964,714998,237761,528410,540106
22,1,0.9999,0.9998,0.9997,0.9996,0.9995,0.9994,0.9993,0.9992,0.9991,1.0001,1.0002,1.0003,1.0004,1.0005,1.0006,1.0007,1.0008,1.0009,1.001,126196502,12495165,2512211,2498820,5869355,4660179,8046908,53604,506861,281,43954878,127018215,12008352,2043248,5574395,844964,712388,237761,529976,538540
23,1,0.9999,0.9998,0.9997,0.9996,0.9995,0.9994,0.9993,0.9992,0.9991,1.0001,1.0002,1.0003,1.0004,1.0005,1.0006,1.0007,1.0008,1.0009,1.001,125839698,12495165,2512211,2498820,5869355,4660179,8046908,53604,506861,281,44503298,127290954,12004191,2043194,5574395,844964,712388,237761,529976,538540
24,1,0.9999,0.9998,0.9997,0.9996,0.9995,0.9994,0.9993,0.9992,0.9991,1.0001,1.0002,1.0003,1.0004,1.0005,1.0006,1.0007,1.0008,1.0009,1.001,125168604,12518451,2512211,2498820,5869355,4660179,8046908,53604,506861,281,44709784,127170816,12006945,2043194,5574395,844964,712388,237761,529976,538540
25,1,0.9999,0.9998,0.9997,0.9996,0.9995,0.9994,0.9993,0.9992,0.9991,1.0001,1.0002,1.0003,1.0004,1.0005,1.0006,1.0007,1.0008,1.0009,1.001,125072863,12495165,2512211,2498820,5869355,4660179,8046908,53604,506861,281,46053413,125950902,12004389,2043194,5574395,844964,712388,237761,529976,538540
26,1,0.9999,0.9998,0.9997,0.9996,0.9995,0.9994,0.9993,0.9992,0.9991,1.0001,1.0002,1.0003,1.0004,1.0005,1.0006,1.0007,1.0008,1.0009,1.001,124764903,12518189,2512211,2498820,5869355,4660179,8046908,53604,506861,281,45714180,125953401,12009220,2043194,5574395,844964,712388,237761,529976,538540
