timestamp,bid_price_0,bid_price_1,bid_price_2,bid_price_3,bid_price_4,bid_price_5,bid_price_6,bid_price_7,bid_price_8,bid_price_9,ask_price_0,ask_price_1,ask_price_2,ask_price_3,ask_price_4,ask_price_5,ask_price_6,ask_price_7,ask_price_8,ask_price_9,bid_size_0,bid_size_1,bid_size_2,bid_size_3,bid_size_4,bid_size_5,bid_size_6,bid_size_7,bid_size_8,bid_size_9,ask_size_0,ask_size_1,ask_size_2,ask_size_3,ask_size_4,ask_size_5,ask_size_6,ask_size_7,ask_size_8,ask_size_9
0,1.0001,1,0.9999,0.9998,0.9997,0.9996,0.9995,0.9994,0.9993,0.9992,1.0002,1.0003,1.0004,1.0005,1.0006,1.0007,1.0008,1.0009,1.001,1.0011,87842729,69415249,12182782,2323084,2506170,5864615,4660173,8046908,53604,506876,169541173,14289842,2054144,5669689,844964,712344,237761,531070,540106,25048
1,1.0001,1,0.9999,0.9998,0.9997,0.9996,0.9995,0.9994,0.9993,0.9992,1.0002,1.0003,1.0004,1.0005,1.0006,1.0007,1.0008,1.0009,1.001,1.0011,87656141,69418249,12182187,2503306,2506170,5864615,4660188,8046908,53604,506861,169238240,14285362,2052732,5669689,844964,712344,237761,531070,540106,25048
2,1.0001,1,0.9999,0.9998,0.9997,0.9996,0.9995,0.9994,0.9993,0.9992,1.0002,1.0003,1.0004,1.0005,1.0006,1.0007,1.0008,1.0009,1.001,1.0011,84218648,72351159,12181389,2503306,2506170,5864615,4660173,8046908,53604,506861,172421032,14278554,2052732,5669689,844964,712344,237761,531070,540106,25048
3,1.0001,1,0.9999,0.9998,0.9997,0.9996,0.9995,0.9994,0.9993,0.9992,1.0002,1.0003,1.0004,1.0005,1.0006,1.0007,1.0008,1.0009,1.001,1.0011,83949845,72348159,12158411,2503306,2506170,5864615,4660173,8046908,53604,506861,172446766,14281570,2054144,5669689,844964,714954,237761,528460,540106,25048
4,1.0001,1,0.9999,0.9998,0.9997,0.9996,0.9995,0.9994,0.9993,0.9992,1.0002,1.0003,1.0004,1.0005,1.0006,1.0007,1.0008,1.0009,1.001,1.0011,83709587,72351159,12182269,2503306,2506170,5864615,4660173,8046908,53604,506861,172271841,14293924,2054144,5669689,844964,714954,237761,528460,540106,25048
5,1.0001,1,0.9999,0.9998,0.9997,0.9996,0.9995,0.9994,0.9993,0.9992,1.0002,1.0003,1.0004,1.0005,1.0006,1.0007,1.0008,1.0009,1.001,1.0011,83462489,69440154,12158421,2503306,2506170,5864615,4660173,8046908,53604,506861,172471010,14291127,2052732,5669689,844964,714954,237761,528460,540106,25048
6,1.0001,1,0.9999,0.9998,0.9997,0.9996,0.9995,0.9994,0.9993,0.9992,1.0002,1.0003,1.0004,1.0005,1.0006,1.0007,1.0008,1.0009,1.001,1.0011,83356897,69420759,12158421,2503306,2506170,5864615,4660173,8046908,53604,506861,173320198,14281570,2052732,5669689,844964,714954,237761,528460,540106,25048
7,1.0001,1,0.9999,0.9998,0.9997,0.9996,0.9995,0.9994,0.9993,0.9992,1.0002,1.0003,1.0004,1.0005,1.0006,1.0007,1.0008,1.0009,1.001,1.0011,83289185,70481986,12158421,2503306,2506170,5864615,4660173,8046908,53604,506861,173209397,14289342,2054144,5669689,844964,714954,237761,528460,540106,25048
8,1.0001,1,0.9999,0.9998,0.9997,0.9996,0.9995,0.9994,0.9993,0.9992,1.0002,1.0003,1.0004,1.0005,1.0006,1.0007,1.0008,1.0009,1.001,1.0011,83130708,70463971,12183241,2503306,2506170,5864615,4660173,8046908,53604,506861,173148246,14281570,2052732,5669689,844964,714954,237761,528460,540106,25048
9,1.0001,1,0.9999,0.9998,0.9997,0.9996,0.9995,0.9994,0.9993,0.9992,1.0002,1.0003,1.0004,1.0005,1.0006,1.0007,1.0008,1.0009,1.001,1.0011,82684640,70393971,12158421,2503306,2506170,5864615,4660173,8046908,53604,506861,173239756,14289140,2052732,5669689,844964,714954,237761,528460,540106,25048
10,1.0001,1,0.9999,0.9998,0.9997,0.9996,0.9995,0.9994,0.9993,0.9992,1.0002,1.0003,1.0004,1.0005,1.0006,1.0007,1.0008,1.0009,1.001,1.0011,82320947,70390971,12158421,2503306,2506170,5864615,4660173,8046908,53604,506861,173557264,14288424,2054144,5669689,844964,714954,237761,528460,540106,25048
11,1.0001,1,0.9999,0.9998,0.9997,0.9996,0.9995,0.9994,0.9993,0.9992,1.0002,1.0003,1.0004,1.0005,1.0006,1.0007,1.0008,1.0009,1.001,1.0011,82184068,70412568,12158421,2503306,2506170,5864615,4660173,8046908,53604,506861,173475022,14286438,2052732,5669689,844964,715004,237761,528410,540106,25048
12,1.0001,1,0.9999,0.9998,0.9997,0.9996,0.9995,0.9994,0.9993,0.9992,1.0002,1.0003,1.0004,1.0005,1.0006,1.0007,1.0008,1.0009,1.001,1.0011,82278008,70411089,12158421,2503306,2506170,5864615,4660173,8046908,53604,506861,172827265,14291671,2052732,5669689,844964,715004,237761,528410,540106,25048
13,1.0001,1,0.9999,0.9998,0.9997,0.9996,0.9995,0.9994,0.9993,0.9992,1.0002,1.0003,1.0004,1.0005,1.0006,1.0007,1.0008,1.0009,1.001,1.0011,82121199,70416217,12158421,2503306,2506170,5864615,4660173,8046908,53604,506861,172627178,14288900,2052732,5669689,844964,715004,237761,528410,540106,25048
14,1.0001,1,0.9999,0.9998,0.9997,0.9996,0.9995,0.9994,0.9993,0.9992,1.0002,1.0003,1.0004,1.0005,1.0006,1.0007,1.0008,1.0009,1.001,1.0011,81789403,70390981,12158421,2503306,2506170,5864615,4660173,8046908,53604,506861,172909867,14287444,2052732,5669689,844964,715004,237761,528410,540106,25048
15,1.0001,1,0.9999,0.9998,0.9997,0.9996,0.9995,0.9994,0.9993,0.9992,1.0002,1.0003,1.0004,1.0005,1.0006,1.0007,1.0008,1.0009,1.001,1.0011,81181053,70407944,12158421,2503306,2506170,5864615,4660173,8046908,53604,506861,173411967,14278540,2052732,5669689,844964,715004,237761,528410,540106,25048
16,1.0001,1,0.9999,0.9998,0.9997,0.9996,0.9995,0.9994,0.9993,0.9992,1.0002,1.0003,1.0004,1.0005,1.0006,1.0007,1.0008,1.0009,1.001,1.0011,76987933,73412673,12158421,2503306,2506170,5864615,4660173,8046908,53604,506861,174446664,14287596,2052732,5669689,844964,715004,237761,528410,540106,25048
17,1.0001,1,0.9999,0.9998,0.9997,0.9996,0.9995,0.9994,0.9993,0.9992,1.0002,1.0003,1.0004,1.0005,1.0006,1.0007,1.0008,1.0009,1.001,1.0011,55332583,73432387,12158421,2504502,2506170,5864615,4660173,8046908,53604,506861,176582497,14296385,2053237,5669689,844964,715004,237761,528410,540106,25048
18,1.0001,1,0.9999,0.9998,0.9997,0.9996,0.9995,0.9994,0.9993,0.9992,1.0002,1.0003,1.0004,1.0005,1.0006,1.0007,1.0008,1.0009,1.001,1.0011,53829142,73677429,12158431,2504502,2506170,5864615,4660173,8046908,53604,506861,177621158,14352385,2051825,5669689,844964,715004,237761,528410,540106,25048
19,1.0001,1,0.9999,0.9998,0.9997,0.9996,0.9995,0.9994,0.9993,0.9992,1.0002,1.0003,1.0004,1.0005,1.0006,1.0007,1.0008,1.0009,1.001,1.0011,53650762,73579309,12091412,2504502,2506170,5864615,4660173,8046908,53604,506861,177432188,14361266,2053237,5669689,844964,715004,237761,528410,540106,25048
20,1,0.9999,0.9998,0.9997,0.9996,0.9995,0.9994,0.9993,0.9992,0.9991,1.0001,1.0002,1.0003,1.0004,1.0005,1.0006,1.0007,1.0008,1.0009,1.001,127152330,12079920,2512211,2501430,5869355,4660179,8046908,53604,506861,281,28820861,129533659,12204285,2044688,5569739,844964,714998,237761,528410,540106
21,1,0.9999,0.9998,0.9997,0.9996,0.9995,0.9994,0.9993,0.9992,0.9991,1.0001,1.0002,1.0003,1.0004,1.0005,1.0006,1.0007,1.0008,1.0009,1.001,127374811,12495165,2512211,2501430,5869355,4660179,8046908,53604,506861,281,35708905,128278974,12178285,2043194,5574395,844964,714998,237761,528410,540106
22,1,0.9999,0.9998,0.9997,0.9996,0.9995,0.9994,0.9993,0.9992,0.9991,1.0001,1.0002,1.0003,1.0004,1.0005,1.0006,1.0007,1.0008,1.0009,1.001,127443579,12495165,2512211,2501430,5869355,4660179,8046908,53604,506861,281,37045329,128178445,12191058,2043194,5574395,844964,714998,237761,528410,540106
23,1,0.9999,0.9998,0.9997,0.9996,0.9995,0.9994,0.9993,0.9992,0.9991,1.0001,1.0002,1.0003,1.0004,1.0005,1.0006,1.0007,1.0008,1.0009,1.001,127948351,12495165,2512211,2501430,5869355,4660179,8046908,53604,506861,281,38601298,127922524,12190264,2043194,5574395,844964,714998,237761,528410,540106
24,1,0.9999,0.9998,0.9997,0.9996,0.9995,0.9994,0.9993,0.9992,0.9991,1.0001,1.0002,1.0003,1.0004,1.0005,1.0006,1.0007,1.0008,1.0009,1.001,127951072,12495165,2512211,2501430,5869355,4660179,8046908,53604,506861,281,40204468,127695611,12033993,2043194,5574395,844964,714998,237761,528410,540106
25,1,0.9999,0.9998,0.9997,0.9996,0.9995,0.9994,0.9993,0.9992,0.9991,1.0001,1.0002,1.0003,1.0004,1.0005,1.0006,1.0007,1.0008,1.0009,1.001,128348508,12520087,2512211,2501430,5869355,4660179,8046908,53604,506861,281,41772142,127162090,12017300,2043194,5574395,844964,714998,237761,528410,540106
26,1,0.9999,0.9998,0.9997,0.9996,0.9995,0.9994,0.9993,0.9992,0.9991,1.0001,1.0002,1.0003,1.0004,1.0005,1.0006,1.0007,1.0008,1.0009,1.001,128288983,12495165,2512211,2501430,5869355,4660179,8046908,53604,506861,281,42515208,127250401,12004585,2043194,5574395,844964,714998,237761,528410,540106
27,1,0.9999,0.9998,0.9997,0.9996,0.9995,0.9994,0.9993,0.9992,0.9991,1.0001,1.0002,1.0003,1.0004,1.0005,1.0006,1.0007,1.0008,1.0009,1.001,126230755,12519253,2512211,2501430,5869355,4660179,8046908,53604,506861,281,43356807,126621564,12006178,2043194,5574395,844964,714998,237761,528410,540106
28,1,0.9999,0.9998,0.9997,0.9996,0.9995,0.9994,0.9993,0.9992,0.9991,1.0001,1.0002,1.0003,1.0004,1.0005,1.0006,1.0007,1.0008,1.0009,1.001,126196502,12495165,2512211,2498820,5869355,4660179,8046908,53604,506861,281,43954878,127018215,12008352,2043248,5574395,844964,712388,237761,529976,538540
29,1,0.9999,0.9998,0.9997,0.9996,0.9995,0.9994,0.9993,0.9992,0.9991,1.0001,1.0002,1.0003,1.0004,1.0005,1.0006,1.0007,1.0008,1.0009,1.001,125839698,12495165,2512211,2498820,5869355,4660179,8046908,53604,506861,281,44503298,127290954,12004191,2043194,5574395,844964,712388,237761,529976,538540
30,1,0.9999,0.9998,0.9997,0.9996,0.9995,0.9994,0.9993,0.9992,0.9991,1.0001,1.0002,1.0003,1.0004,1.0005,1.0006,1.0007,1.0008,1.0009,1.001,125168604,12518451,2512211,2498820,5869355,4660179,8046908,53604,506861,281,44709756,127170816,12006945,2043194,5574395,844964,712388,237761,529976,538540
31,1,0.9999,0.9998,0.9997,0.9996,0.9995,0.9994,0.9993,0.9992,0.9991,1.0001,1.0002,1.0003,1.0004,1.0005,1.0006,1.0007,1.0008,1.0009,1.001,125072863,12495165,2512211,2498820,5869355,4660179,8046908,53604,506861,281,46053413,125950902,12004389,2043194,5574395,844964,712388,237761,529976,538540
32,1,0.9999,0.9998,0.9997,0.9996,0.9995,0.9994,0.9993,0.9992,0.9991,1.0001,1.0002,1.0003,1.0004,1.0005,1.0006,1.0007,1.0008,1.0009,1.001,124764903,12518189,2512211,2498820,5869355,4660179,8046908,53604,506861,281,45714180,125953401,12009220,2043194,5574395,844964,712388,237761,529976,538540
33,1,0.9999,0.9998,0.9997,0.9996,0.9995,0.9994,0.9993,0.9992,0.9991,1.0001,1.0002,1.0003,1.0004,1.0005,1.0006,1.0007,1.0008,1.0009,1.001,124786786,12495215,2512211,2498820,5869355,4660179,8046908,53604,506861,281,48926034,125434607,11908051,2043194,5574395,844964,712388,237761,529976,538540
34,1,0.9999,0.9998,0.9997,0.9996,0.9995,0.9994,0.9993,0.9992,0.9991,1.0001,1.0002,1.0003,1.0004,1.0005,1.0006,1.0007,1.0008,1.0009,1.001,124952881,12495215,2512211,2498820,5869355,4660179,8046908,53604,506861,281,48664609,125457808,11906084,2043194,5574395,844964,712388,237761,529976,538540
35,1,0.9999,0.9998,0.9997,0.9996,0.9995,0.9994,0.9993,0.9992,0.9991,1.0001,1.0002,1.0003,1.0004,1.0005,1.0006,1.0007,1.0008,1.0009,1.001,120608120,12495215,2512211,2498820,5869355,4660179,8046908,53604,506861,281,51580634,124305223,11897585,2043194,5574395,844964,712388,237761,529976,538540
36,1,0.9999,0.9998,0.9997,0.9996,0.9995,0.9994,0.9993,0.9992,0.9991,1.0001,1.0002,1.0003,1.0004,1.0005,1.0006,1.0007,1.0008,1.0009,1.001,120789588,12495215,2512211,2501430,5869355,4660179,8046908,53604,506861,281,52718211,124427273,11893254,2043194,5574395,844964,712388,237761,529976,538540
37,1,0.9999,0.9998,0.9997,0.9996,0.9995,0.9994,0.9993,0.9992,0.9991,1.0001,1.0002,1.0003,1.0004,1.0005,1.0006,1.0007,1.0008,1.0009,1.001,120762971,12495215,2512211,2501430,5869355,4660179,8046908,53604,506861,281,52467721,124469828,11893837,2043194,5574395,844964,712388,237761,529976,538540
38,1,0.9999,0.9998,0.9997,0.9996,0.9995,0.9994,0.9993,0.9992,0.9991,1.0001,1.0002,1.0003,1.0004,1.0005,1.0006,1.0007,1.0008,1.0009,1.001,120772116,12595216,2512211,2501430,5869355,4660179,8046908,53604,506861,281,53338752,124344285,11893141,2043194,5574395,844964,712388,237761,529976,538540
39,1,0.9999,0.9998,0.9997,0.9996,0.9995,0.9994,0.9993,0.9992,0.9991,1.0001,1.0002,1.0003,1.0004,1.0005,1.0006,1.0007,1.0008,1.0009,1.001,120968332,12648031,2512211,2501430,5869355,4660179,8046908,53604,506861,281,53308186,124143649,11891954,2042494,5574395,844964,712388,237761,529976,538540
40,1,0.9999,0.9998,0.9997,0.9996,0.9995,0.9994,0.9993,0.9992,0.9991,1.0001,1.0002,1.0003,1.0004,1.0005,1.0006,1.0007,1.0008,1.0009,1.001,120977349,12648031,2512211,2501430,5869355,4660179,8046908,53604,506861,281,53504659,124124063,11889623,2042494,5574395,844964,712388,237761,529976,538540
41,1,0.9999,0.9998,0.9997,0.9996,0.9995,0.9994,0.9993,0.9992,0.9991,1.0001,1.0002,1.0003,1.0004,1.0005,1.0006,1.0007,1.0008,1.0009,1.001,121298734,12648031,2512211,2501430,5869355,4660179,8046908,53604,506861,281,53166703,124164390,11889735,2042494,5574395,844964,712388,237761,529976,538540
42,1,0.9999,0.9998,0.9997,0.9996,0.9995,0.9994,0.9993,0.9992,0.9991,1.0001,1.0002,1.0003,1.0004,1.0005,1.0006,1.0007,1.0008,1.0009,1.001,121605638,12876910,2512211,2501430,5869355,4660179,8046908,53604,506861,281,52231325,124298310,11893225,2042494,5574444,844964,712388,237761,529976,538540
43,1,0.9999,0.9998,0.9997,0.9996,0.9995,0.9994,0.9993,0.9992,0.9991,1.0001,1.0002,1.0003,1.0004,1.0005,1.0006,1.0007,1.0008,1.0009,1.001,121707831,12899948,2512211,2501430,5869355,4660179,8046908,53604,506861,281,52036555,124418312,11892799,2042494,5574444,844964,712388,237761,529976,538540
44,1,0.9999,0.9998,0.9997,0.9996,0.9995,0.9994,0.9993,0.9992,0.9991,1.0001,1.0002,1.0003,1.0004,1.0005,1.0006,1.0007,1.0008,1.0009,1.001,121177281,12876910,2512211,2501430,5869355,4660179,8046908,53604,506861,281,52893109,124173028,11890366,2042494,5574444,844964,712388,237761,529976,538540
45,1,0.9999,0.9998,0.9997,0.9996,0.9995,0.9994,0.9993,0.9992,0.9991,1.0001,1.0002,1.0003,1.0004,1.0005,1.0006,1.0007,1.0008,1.0009,1.001,121209986,12905804,2512211,2501430,5869355,4660179,8046908,53604,506861,281,52775846,124037161,11896914,2042494,5574444,844964,712388,237761,529976,538540
46,1,0.9999,0.9998,0.9997,0.9996,0.9995,0.9994,0.9993,0.9992,0.9991,1.0001,1.0002,1.0003,1.0004,1.0005,1.0006,1.0007,1.0008,1.0009,1.001,121179484,12885720,2512211,2501430,5869355,4660179,8046908,53604,506861,281,52579250,124054161,11895293,2042494,5574444,844964,712388,237761,529976,538540
47,1,0.9999,0.9998,0.9997,0.9996,0.9995,0.9994,0.9993,0.9992,0.9991,1.0001,1.0002,1.0003,1.0004,1.0005,1.0006,1.0007,1.0008,1.0009,1.001,117899298,15887269,2512211,2501430,5869355,4660179,8046908,53604,506861,281,53793014,123194376,11896506,2042494,5574444,844964,712388,237761,529976,538540
48,1,0.9999,0.9998,0.9997,0.9996,0.9995,0.9994,0.9993,0.9992,0.9991,1.0001,1.0002,1.0003,1.0004,1.0005,1.0006,1.0007,1.0008,1.0009,1.001,118716415,15888338,2512211,2501430,5869355,4660179,8046908,53604,506861,281,52340859,123605867,11909533,2042494,5574444,844964,712388,237761,529976,538540
49,1,0.9999,0.9998,0.9997,0.9996,0.9995,0.9994,0.9993,0.9992,0.9991,1.0001,1.0002,1.0003,1.0004,1.0005,1.0006,1.0007,1.0008,1.0009,1.001,118698680,15888338,2512211,2501430,5869355,4660179,8046908,53604,506861,281,52651756,123648672,11913905,2042494,5574444,844964,712388,237761,529976,538540
50,1,0.9999,0.9998,0.9997,0.9996,0.9995,0.9994,0.9993,0.9992,0.9991,1.0001,1.0002,1.0003,1.0004,1.0005,1.0006,1.0007,1.0008,1.0009,1.001,115997550,15888338,2512211,2501430,5869355,4660179,8046908,53604,506861,281,56244416,122709979,11895863,2042494,5574444,844964,712388,237761,529976,538540
51,1,0.9999,0.9998,0.9997,0.9996,0.9995,0.9994,0.9993,0.9992,0.9991,1.0001,1.0002,1.0003,1.0004,1.0005,1.0006,1.0007,1.0008,1.0009,1.001,116373541,15888369,2512211,2501430,5869355,4660179,8046908,53604,506861,281,55724352,122753546,11894118,2042494,5574200,844964,712388,237761,529976,538540
52,1,0.9999,0.9998,0.9997,0.9996,0.9995,0.9994,0.9993,0.9992,0.9991,1.0001,1.0002,1.0003,1.0004,1.0005,1.0006,1.0007,1.0008,1.0009,1.001,116428489,15912881,2512211,2501430,5869355,4660179,8046908,53604,506861,281,55563197,122490316,11896620,2042494,5574200,844964,712388,237761,529976,538540
53,1,0.9999,0.9998,0.9997,0.9996,0.9995,0.9994,0.9993,0.9992,0.9991,1.0001,1.0002,1.0003,1.0004,1.0005,1.0006,1.0007,1.0008,1.0009,1.001,116360998,15888369,2512211,2501430,5864615,4660179,8046908,53604,506861,281,55746386,122450316,11898943,2042514,5574200,844964,712388,237761,529976,538540
54,1,0.9999,0.9998,0.9997,0.9996,0.9995,0.9994,0.9993,0.9992,0.9991,1.0001,1.0002,1.0003,1.0004,1.0005,1.0006,1.0007,1.0008,1.0009,1.001,116958402,15888369,2512211,2501430,5869355,4660179,8046908,53604,506861,281,56624648,122360654,11899287,2042494,5574200,844964,712388,237761,529976,538540
55,1,0.9999,0.9998,0.9997,0.9996,0.9995,0.9994,0.9993,0.9992,0.9991,1.0001,1.0002,1.0003,1.0004,1.0005,1.0006,1.0007,1.0008,1.0009,1.001,117070482,15888369,2512211,2501430,5869355,4660179,8046908,53604,506861,281,56514370,122324154,11897007,2042494,5574200,844964,712388,237761,529976,538540
56,1,0.9999,0.9998,0.9997,0.9996,0.9995,0.9994,0.9993,0.9992,0.9991,1.0001,1.0002,1.0003,1.0004,1.0005,1.0006,1.0007,1.0008,1.0009,1.001,117085598,15888369,2512211,2501430,5869355,4660179,8046908,53604,506861,281,56394251,122342152,11896412,2042494,5574200,844964,712388,237761,529976,538540
57,1,0.9999,0.9998,0.9997,0.9996,0.9995,0.9994,0.9993,0.9992,0.9991,1.0001,1.0002,1.0003,1.0004,1.0005,1.0006,1.0007,1.0008,1.0009,1.001,117111710,15888369,2512211,2501430,5864615,4660179,8046908,53604,506861,281,57354147,122200912,11898170,2042494,5574200,844964,712388,237761,529976,538540
58,1,0.9999,0.9998,0.9997,0.9996,0.9995,0.9994,0.9993,0.9992,0.9991,1.0001,1.0002,1.0003,1.0004,1.0005,1.0006,1.0007,1.0008,1.0009,1.001,116820055,15888369,2512211,2501430,5869355,4660179,8046908,53604,506861,281,57388596,121945054,11894642,2042494,5574200,844964,712388,237761,529976,538540
59,1,0.9999,0.9998,0.9997,0.9996,0.9995,0.9994,0.9993,0.9992,0.9991,1.0001,1.0002,1.0003,1.0004,1.0005,1.0006,1.0007,1.0008,1.0009,1.001,116864652,15888369,2512211,2501430,5869355,4660179,8046908,53604,506861,281,57228274,121965063,11886347,2042494,5574200,844964,712388,237761,529976,538540
60,1,0.9999,0.9998,0.9997,0.9996,0.9995,0.9994,0.9993,0.9992,0.9991,1.0001,1.0002,1.0003,1.0004,1.0005,1.0006,1.0007,1.0008,1.0009,1.001,116464731,15888369,2512211,2501430,5869355,4660179,8046908,53604,506861,281,57181872,121945063,11895715,2042494,5574214,844964,712388,237761,529976,538540
61,1,0.9999,0.9998,0.9997,0.9996,0.9995,0.9994,0.9993,0.9992,0.9991,1.0001,1.0002,1.0003,1.0004,1.0005,1.0006,1.0007,1.0008,1.0009,1.001,115909941,15888447,2512211,2501430,5869355,4660179,8046908,53604,506861,281,58442279,121548801,11886347,2040029,5574214,844964,712388,237761,529976,538540
62,1,0.9999,0.9998,0.9997,0.9996,0.9995,0.9994,0.9993,0.9992,0.9991,1.0001,1.0002,1.0003,1.0004,1.0005,1.0006,1.0007,1.0008,1.0009,1.001,115857309,15888447,2512211,2501430,5869355,4660179,8046908,53604,506861,281,58226453,121588801,11894600,2040029,5574214,844964,712388,237761,529976,538540
63,1,0.9999,0.9998,0.9997,0.9996,0.9995,0.9994,0.9993,0.9992,0.9991,1.0001,1.0002,1.0003,1.0004,1.0005,1.0006,1.0007,1.0008,1.0009,1.001,113253664,15888483,2512211,2501430,5869355,4660179,8046908,53604,506861,281,61890739,120668189,11898893,2040029,5574214,844964,712388,237761,529976,538540
64,1,0.9999,0.9998,0.9997,0.9996,0.9995,0.9994,0.9993,0.9992,0.9991,1.0001,1.0002,1.0003,1.0004,1.0005,1.0006,1.0007,1.0008,1.0009,1.001,112169809,15911559,2512211,2501430,5869355,4660179,8046908,53604,506861,281,74707522,108042889,11901337,2040029,5574214,844964,712388,237761,529976,538540
65,1,0.9999,0.9998,0.9997,0.9996,0.9995,0.9994,0.9993,0.9992,0.9991,1.0001,1.0002,1.0003,1.0004,1.0005,1.0006,1.0007,1.0008,1.0009,1.001,111313763,15888483,2512211,2501430,5869355,4660179,8046908,53604,506861,281,75404361,107756378,11897686,2040029,5574214,844964,712388,237761,529976,538540
66,1,0.9999,0.9998,0.9997,0.9996,0.9995,0.9994,0.9993,0.9992,0.9991,1.0001,1.0002,1.0003,1.0004,1.0005,1.0006,1.0007,1.0008,1.0009,1.001,110768415,15908720,2512211,2501430,5869355,4660179,8046908,53604,506861,281,76264299,107753378,11887898,2040029,5574214,844964,712388,237761,529976,538540
67,1,0.9999,0.9998,0.9997,0.9996,0.9995,0.9994,0.9993,0.9992,0.9991,1.0001,1.0002,1.0003,1.0004,1.0005,1.0006,1.0007,1.0008,1.0009,1.001,113359934,15919822,2512211,2501430,5869355,4660179,8046908,53604,506861,281,75001429,107556363,11895014,2040029,5574214,844964,712388,237761,529976,538540
68,1,0.9999,0.9998,0.9997,0.9996,0.9995,0.9994,0.9993,0.9992,0.9991,1.0001,1.0002,1.0003,1.0004,1.0005,1.0006,1.0007,1.0008,1.0009,1.001,113420904,15892321,2512211,2501430,5869355,4660179,8046908,53604,506861,281,74945208,107546262,11902716,2040029,5574214,844964,712388,237761,529976,538540
69,1,0.9999,0.9998,0.9997,0.9996,0.9995,0.9994,0.9993,0.9992,0.9991,1.0001,1.0002,1.0003,1.0004,1.0005,1.0006,1.0007,1.0008,1.0009,1.001,113578181,15915512,2512211,2501430,5869355,4660179,8046908,53604,506861,281,74779246,107549348,11904532,2040029,5574214,844964,712388,237761,529976,538540
70,1,0.9999,0.9998,0.9997,0.9996,0.9995,0.9994,0.9993,0.9992,0.9991,1.0001,1.0002,1.0003,1.0004,1.0005,1.0006,1.0007,1.0008,1.0009,1.001,113637929,15892321,2512211,2501430,5869355,4660179,8046908,53604,506861,281,74802047,107449348,11907417,2040029,5574214,844964,712388,237761,529976,538540
71,1,0.9999,0.9998,0.9997,0.9996,0.9995,0.9994,0.9993,0.9992,0.9991,1.0001,1.0002,1.0003,1.0004,1.0005,1.0006,1.0007,1.0008,1.0009,1.001,111011777,15892321,2512211,2501430,5869355,4660179,8046908,53604,506861,281,77450441,107449348,11895014,2040029,5574214,844964,712388,237761,529976,538540
72,1,0.9999,0.9998,0.9997,0.9996,0.9995,0.9994,0.9993,0.9992,0.9991,1.0001,1.0002,1.0003,1.0004,1.0005,1.0006,1.0007,1.0008,1.0009,1.001,111047216,15895321,2512211,2501430,5869355,4660179,8046908,53604,506861,281,77434894,107446348,11906916,2040029,5574214,844964,712388,237761,529976,538540
73,1,0.9999,0.9998,0.9997,0.9996,0.9995,0.9994,0.9993,0.9992,0.9991,1.0001,1.0002,1.0003,1.0004,1.0005,1.0006,1.0007,1.0008,1.0009,1.001,111400727,15895321,2512211,2501430,5869355,4660179,8046908,53604,506861,281,77230874,107348878,11897709,2040029,5574214,844964,712388,237761,529976,538540
74,1,0.9999,0.9998,0.9997,0.9996,0.9995,0.9994,0.9993,0.9992,0.9991,1.0001,1.0002,1.0003,1.0004,1.0005,1.0006,1.0007,1.0008,1.0009,1.001,110933461,15895321,2512211,2501430,5869355,4660179,8046908,53604,506861,281,77696274,107348878,11889949,2040029,5574214,844964,712388,237761,529976,538540
75,1,0.9999,0.9998,0.9997,0.9996,0.9995,0.9994,0.9993,0.9992,0.9991,1.0001,1.0002,1.0003,1.0004,1.0005,1.0006,1.0007,1.0008,1.0009,1.001,110308202,15895321,2512211,2501430,5869355,4660179,8046908,53604,506861,281,78924384,107348794,11900407,2040029,5574214,844964,712388,237761,529976,538540
76,1,0.9999,0.9998,0.9997,0.9996,0.9995,0.9994,0.9993,0.9992,0.9991,1.0001,1.0002,1.0003,1.0004,1.0005,1.0006,1.0007,1.0008,1.0009,1.001,110187343,15895321,2512211,2501430,5869355,4660179,8046908,53604,506861,281,79038289,107343794,11897949,2040029,5574214,844964,712388,237761,529976,538540
77,1,0.9999,0.9998,0.9997,0.9996,0.9995,0.9994,0.9993,0.9992,0.9991,1.0001,1.0002,1.0003,1.0004,1.0005,1.0006,1.0007,1.0008,1.0009,1.001,110210864,15900614,2512211,2501430,5869355,4660179,8046908,53604,506861,281,79011091,107255794,11909666,2040029,5574214,844964,712388,237761,529976,538540
78,1,0.9999,0.9998,0.9997,0.9996,0.9995,0.9994,0.9993,0.9992,0.9991,1.0001,1.0002,1.0003,1.0004,1.0005,1.0006,1.0007,1.0008,1.0009,1.001,111186465,15900614,2512211,2501430,5869355,4660179,8046908,53604,506861,281,78164417,107252794,11907556,2040029,5574214,844964,712388,237761,529976,538540
79,1,0.9999,0.9998,0.9997,0.9996,0.9995,0.9994,0.9993,0.9992,0.9991,1.0001,1.0002,1.0003,1.0004,1.0005,1.0006,1.0007,1.0008,1.0009,1.001,111130725,15900614,2512211,2501430,5869355,4660179,8046908,53604,506861,281,78163083,107240093,11907264,2041441,5569558,844964,712388,237761,529976,538540
80,1,0.9999,0.9998,0.9997,0.9996,0.9995,0.9994,0.9993,0.9992,0.9991,1.0001,1.0002,1.0003,1.0004,1.0005,1.0006,1.0007,1.0008,1.0009,1.001,111258828,15897614,2512211,2501430,5869355,4660179,8046908,53604,506861,281,78157132,107195093,11906861,2040029,5569558,844964,712388,237761,529976,538540
81,1,0.9999,0.9998,0.9997,0.9996,0.9995,0.9994,0.9993,0.9992,0.9991,1.0001,1.0002,1.0003,1.0004,1.0005,1.0006,1.0007,1.0008,1.0009,1.001,111316478,15900614,2512211,2501430,5869355,4660179,8046908,53604,506861,281,78093395,107198083,11905515,2041441,5569558,844964,712388,237761,529976,538540
82,1,0.9999,0.9998,0.9997,0.9996,0.9995,0.9994,0.9993,0.9992,0.9991,1.0001,1.0002,1.0003,1.0004,1.0005,1.0006,1.0007,1.0008,1.0009,1.001,111277491,15900614,2512211,2501430,5869355,4660179,8046908,53604,506861,281,78146167,107195074,11908055,2041441,5569558,844964,712388,237761,529976,538540
83,1,0.9999,0.9998,0.9997,0.9996,0.9995,0.9994,0.9993,0.9992,0.9991,1.0001,1.0002,1.0003,1.0004,1.0005,1.0006,1.0007,1.0008,1.0009,1.001,111323290,15897624,2512211,2501430,5869355,4660179,8046908,53604,506861,281,78213583,107095065,11907401,2041441,5569558,844964,712388,237761,529976,538540
84,1,0.9999,0.9998,0.9997,0.9996,0.9995,0.9994,0.9993,0.9992,0.9991,1.0001,1.0002,1.0003,1.0004,1.0005,1.0006,1.0007,1.0008,1.0009,1.001,108972630,15900624,2512221,2501478,5869355,4660179,8046908,53604,506861,281,87141790,100202320,11906545,2041518,5569558,844964,712388,237761,529976,538540
85,1,0.9999,0.9998,0.9997,0.9996,0.9995,0.9994,0.9993,0.9992,0.9991,1.0001,1.0002,1.0003,1.0004,1.0005,1.0006,1.0007,1.0008,1.0009,1.001,108936329,16033606,2512221,2501430,5869355,4660179,8046908,53604,506861,281,90243819,97269456,11909328,2040029,5569558,844964,712388,237761,529976,538540
86,1,0.9999,0.9998,0.9997,0.9996,0.9995,0.9994,0.9993,0.9992,0.9991,1.0001,1.0002,1.0003,1.0004,1.0005,1.0006,1.0007,1.0008,1.0009,1.001,108896470,16033597,2512221,2501430,5883490,4659979,8046908,53604,506861,281,90209557,97240456,11905792,2041441,5569558,844964,712388,237761,529976,538540
87,1,0.9999,0.9998,0.9997,0.9996,0.9995,0.9994,0.9993,0.9992,0.9991,1.0001,1.0002,1.0003,1.0004,1.0005,1.0006,1.0007,1.0008,1.0009,1.001,108877821,16008325,2512221,2501430,5869355,4659979,8046908,53604,521002,281,90125317,97240356,11907357,2040077,5569558,844764,712388,237761,529976,538540
88,1,0.9999,0.9998,0.9997,0.9996,0.9995,0.9994,0.9993,0.9992,0.9991,1.0001,1.0002,1.0003,1.0004,1.0005,1.0006,1.0007,1.0008,1.0009,1.001,108828067,16008325,2512221,2501430,5869355,4659979,8046908,53604,521002,281,89982669,97243356,11910545,2040029,5569558,844764,712388,237761,529976,538540
89,1,0.9999,0.9998,0.9997,0.9996,0.9995,0.9994,0.9993,0.9992,0.9991,1.0001,1.0002,1.0003,1.0004,1.0005,1.0006,1.0007,1.0008,1.0009,1.001,108779064,16008325,2512221,2501430,5869355,4659979,8046908,53604,521002,281,90014839,98340365,10605676,2041441,5569558,844764,712388,237761,529976,538540
90,1,0.9999,0.9998,0.9997,0.9996,0.9995,0.9994,0.9993,0.9992,0.9991,1.0001,1.0002,1.0003,1.0004,1.0005,1.0006,1.0007,1.0008,1.0009,1.001,107673869,16032424,2512221,2501430,5869355,4659979,8046908,53604,521002,281,90674564,98044415,10609186,2041441,5569558,844764,712388,237761,529976,538540
91,1,0.9999,0.9998,0.9997,0.9996,0.9995,0.9994,0.9993,0.9992,0.9991,1.0001,1.0002,1.0003,1.0004,1.0005,1.0006,1.0007,1.0008,1.0009,1.001,107643719,16008325,2512221,2501430,5869355,4659979,8046908,53604,521002,281,90716402,98044415,10590803,2040029,5569558,844764,712388,237761,529976,538540
92,1,0.9999,0.9998,0.9997,0.9996,0.9995,0.9994,0.9993,0.9992,0.9991,1.0001,1.0002,1.0003,1.0004,1.0005,1.0006,1.0007,1.0008,1.0009,1.001,108553049,16008325,2512221,2501430,5869355,4659979,8046908,53604,521002,281,90729818,97944415,10590791,2041441,5569558,844764,712388,237761,529976,538540
93,1,0.9999,0.9998,0.9997,0.9996,0.9995,0.9994,0.9993,0.9992,0.9991,1.0001,1.0002,1.0003,1.0004,1.0005,1.0006,1.0007,1.0008,1.0009,1.001,108450100,16008325,2512221,2501430,5869355,4659979,8046908,53604,521002,281,90699115,97944415,10591887,2040029,5569558,844764,712388,237761,529976,538540
94,1,0.9999,0.9998,0.9997,0.9996,0.9995,0.9994,0.9993,0.9992,0.9991,1.0001,1.0002,1.0003,1.0004,1.0005,1.0006,1.0007,1.0008,1.0009,1.001,104816917,16031585,2512221,2501430,5869355,4659979,8046908,53604,521002,281,94113819,97944406,10592299,2040029,5569558,844764,712388,237761,529976,538540
95,1,0.9999,0.9998,0.9997,0.9996,0.9995,0.9994,0.9993,0.9992,0.9991,1.0001,1.0002,1.0003,1.0004,1.0005,1.0006,1.0007,1.0008,1.0009,1.001,99951118,16008325,2512221,2501430,5869355,4659979,8046908,53604,521002,281,98769321,98126897,10595785,2040029,5569558,844764,712388,237761,529976,538540
96,1,0.9999,0.9998,0.9997,0.9996,0.9995,0.9994,0.9993,0.9992,0.9991,1.0001,1.0002,1.0003,1.0004,1.0005,1.0006,1.0007,1.0008,1.0009,1.001,99829169,16058325,2512221,2501430,5869355,4659979,8046908,53604,521002,281,99654909,98126897,10592590,2041441,5569558,844764,712388,237761,529976,538540
97,1,0.9999,0.9998,0.9997,0.9996,0.9995,0.9994,0.9993,0.9992,0.9991,1.0001,1.0002,1.0003,1.0004,1.0005,1.0006,1.0007,1.0008,1.0009,1.001,99786765,16236641,2512221,2501430,5869156,4659979,8046908,53604,506861,281,99571256,98126891,10595138,2041441,5569558,844764,712388,237761,529976,538540
98,1,0.9999,0.9998,0.9997,0.9996,0.9995,0.9994,0.9993,0.9992,0.9991,1.0001,1.0002,1.0003,1.0004,1.0005,1.0006,1.0007,1.0008,1.0009,1.001,99650982,16433341,2512221,2501728,5869156,4659979,8046908,53604,506861,281,99656987,98026891,10592488,2041441,5569558,844764,712388,237761,529976,538540
99,1,0.9999,0.9998,0.9997,0.9996,0.9995,0.9994,0.9993,0.9992,0.9991,1.0001,1.0002,1.0003,1.0004,1.0005,1.0006,1.0007,1.0008,1.0009,1.001,99469857,16578341,2512221,2501728,5869156,4659979,8046908,53604,506861,281,99626559,98021087,10588647,2041441,5569558,844764,712388,237761,529976,538540
100,1,0.9999,0.9998,0.9997,0.9996,0.9995,0.9994,0.9993,0.9992,0.9991,1.0001,1.0002,1.0003,1.0004,1.0005,1.0006,1.0007,1.0008,1.0009,1.001,99480506,16713341,2512221,2501728,5869156,4659979,8046908,53604,506861,281,99545381,98021087,10597837,2041441,5569558,844764,712388,237761,529976,538540
101,1,0.9999,0.9998,0.9997,0.9996,0.9995,0.9994,0.9993,0.9992,0.9991,1.0001,1.0002,1.0003,1.0004,1.0005,1.0006,1.0007,1.0008,1.0009,1.001,99778663,13862774,2512221,2501728,5869156,4659979,8046908,53604,506861,281,99164810,100938705,10588647,2040029,5569558,844764,712388,237761,529976,538540
102,1,0.9999,0.9998,0.9997,0.9996,0.9995,0.9994,0.9993,0.9992,0.9991,1.0001,1.0002,1.0003,1.0004,1.0005,1.0006,1.0007,1.0008,1.0009,1.001,99643165,14041817,2512221,2501728,5869156,4659979,8046908,53604,506861,281,99163985,100938705,10598488,2040029,5569558,844764,712388,237761,529976,538540
103,1,0.9999,0.9998,0.9997,0.9996,0.9995,0.9994,0.9993,0.9992,0.9991,1.0001,1.0002,1.0003,1.0004,1.0005,1.0006,1.0007,1.0008,1.0009,1.001,100560620,14591220,2512221,2501728,5869156,4659979,8046908,53604,506861,281,97596246,100938701,10599226,2041441,5569558,844764,712388,237761,529976,538540
104,1,0.9999,0.9998,0.9997,0.9996,0.9995,0.9994,0.9993,0.9992,0.9991,1.0001,1.0002,1.0003,1.0004,1.0005,1.0006,1.0007,1.0008,1.0009,1.001,100621244,14568011,2512221,2501728,5869156,4659979,8046908,53604,506861,281,129473386,69189687,10588647,2041441,5569558,844764,712388,237761,529976,538540
105,1,0.9999,0.9998,0.9997,0.9996,0.9995,0.9994,0.9993,0.9992,0.9991,1.0001,1.0002,1.0003,1.0004,1.0005,1.0006,1.0007,1.0008,1.0009,1.001,100606995,14592058,2512221,2501728,5869156,4659979,8046908,53604,506861,281,129604264,69089698,10596386,2040029,5569558,844764,712388,237761,529976,538540
106,1,0.9999,0.9998,0.9997,0.9996,0.9995,0.9994,0.9993,0.9992,0.9991,1.0001,1.0002,1.0003,1.0004,1.0005,1.0006,1.0007,1.0008,1.0009,1.001,100557296,14568011,2512221,2501728,5864416,4659979,8046908,53604,506861,281,129278465,69089698,10599772,2041441,5569558,844764,712388,237761,529976,538540
107,1,0.9999,0.9998,0.9997,0.9996,0.9995,0.9994,0.9993,0.9992,0.9991,1.0001,1.0002,1.0003,1.0004,1.0005,1.0006,1.0007,1.0008,1.0009,1.001,100481781,14592862,2512221,2501728,5869156,4659979,8046908,53604,506861,281,129212860,69092698,10600461,2040029,5569558,844764,712388,237761,529976,538540
108,1,0.9999,0.9998,0.9997,0.9996,0.9995,0.9994,0.9993,0.9992,0.9991,1.0001,1.0002,1.0003,1.0004,1.0005,1.0006,1.0007,1.0008,1.0009,1.001,102313016,14588011,2512221,2501728,5869156,4659979,8046908,53604,506861,281,128851696,69006235,10599323,2040029,5569558,844764,712388,237761,529976,538540
109,1,0.9999,0.9998,0.9997,0.9996,0.9995,0.9994,0.9993,0.9992,0.9991,1.0001,1.0002,1.0003,1.0004,1.0005,1.0006,1.0007,1.0008,1.0009,1.001,102219550,14588011,2512221,2501728,5869156,4659979,8046908,53604,506861,281,128824077,69006235,10599150,2040029,5569558,844764,712388,237761,529976,538540
110,1,0.9999,0.9998,0.9997,0.9996,0.9995,0.9994,0.9993,0.9992,0.9991,1.0001,1.0002,1.0003,1.0004,1.0005,1.0006,1.0007,1.0008,1.0009,1.001,102104150,14588011,2512221,2501728,5869156,4659979,8046908,53604,506861,281,128834881,69006235,10597640,2040029,5569558,844764,712388,237761,529976,538540
111,1,0.9999,0.9998,0.9997,0.9996,0.9995,0.9994,0.9993,0.9992,0.9991,1.0001,1.0002,1.0003,1.0004,1.0005,1.0006,1.0007,1.0008,1.0009,1.001,101988155,14588011,2512221,2501728,5869162,4659979,8046908,53604,506861,281,128869614,68940235,10598387,2041441,5569558,845264,712388,237761,529976,538040
112,1,0.9999,0.9998,0.9997,0.9996,0.9995,0.9994,0.9993,0.9992,0.9991,1.0001,1.0002,1.0003,1.0004,1.0005,1.0006,1.0007,1.0008,1.0009,1.001,101835661,14612455,2512221,2501728,5869162,4659979,8046908,53604,506861,281,128898275,68932311,10597878,2041441,5569558,844764,712388,237761,529976,538040
113,1,0.9999,0.9998,0.9997,0.9996,0.9995,0.9994,0.9993,0.9992,0.9991,1.0001,1.0002,1.0003,1.0004,1.0005,1.0006,1.0007,1.0008,1.0009,1.001,101681168,14588011,2512221,2501728,5869162,4659979,8046908,53604,506861,281,128946856,68895495,10588647,2041441,5569558,844764,712388,237761,529976,538040
114,1,0.9999,0.9998,0.9997,0.9996,0.9995,0.9994,0.9993,0.9992,0.9991,1.0001,1.0002,1.0003,1.0004,1.0005,1.0006,1.0007,1.0008,1.0009,1.001,100249416,14612420,2512221,2501728,5869162,4659979,8046908,53604,506861,281,130379228,68794495,10601484,2041441,5569558,844764,712388,237761,529976,538040
115,1,0.9999,0.9998,0.9997,0.9996,0.9995,0.9994,0.9993,0.9992,0.9991,1.0001,1.0002,1.0003,1.0004,1.0005,1.0006,1.0007,1.0008,1.0009,1.001,92403876,21782858,2512221,2501728,5869162,4659979,8046908,53604,506861,281,132055497,68759208,10596178,2040029,5569558,844764,712388,237761,529976,538040
116,1,0.9999,0.9998,0.9997,0.9996,0.9995,0.9994,0.9993,0.9992,0.9991,1.0001,1.0002,1.0003,1.0004,1.0005,1.0006,1.0007,1.0008,1.0009,1.001,91041744,23062998,2512221,2501728,5869162,4659979,8046908,53604,506861,281,135146128,65744119,10600258,2040029,5569558,844764,712388,237761,529976,538040
117,1,0.9999,0.9998,0.9997,0.9996,0.9995,0.9994,0.9993,0.9992,0.9991,1.0001,1.0002,1.0003,1.0004,1.0005,1.0006,1.0007,1.0008,1.0009,1.001,91000370,23038159,2512221,2501728,5869162,4659979,8046908,53604,506861,281,135232575,65744119,10588647,2041441,5569558,844764,712388,237761,529976,538040
118,1,0.9999,0.9998,0.9997,0.9996,0.9995,0.9994,0.9993,0.9992,0.9991,1.0001,1.0002,1.0003,1.0004,1.0005,1.0006,1.0007,1.0008,1.0009,1.001,90958921,23058222,2512221,2501728,5869162,4659979,8046908,53604,506861,281,135305342,65552290,10599407,2040029,5569558,844764,712388,237761,529976,538040
119,1,0.9999,0.9998,0.9997,0.9996,0.9995,0.9994,0.9993,0.9992,0.9991,1.0001,1.0002,1.0003,1.0004,1.0005,1.0006,1.0007,1.0008,1.0009,1.001,91103715,23058222,2512221,2501728,5869162,4659979,8046908,53604,506861,281,135277116,65559299,10588647,2040029,5569558,844764,712388,237761,529976,538040
120,1,0.9999,0.9998,0.9997,0.9996,0.9995,0.9994,0.9993,0.9992,0.9991,1.0001,1.0002,1.0003,1.0004,1.0005,1.0006,1.0007,1.0008,1.0009,1.001,91176392,23081054,2512221,2501728,5869162,4659979,8046908,53604,506861,281,135156998,65552290,10599048,2041441,5569558,844764,712388,237761,529976,538040
121,1,0.9999,0.9998,0.9997,0.9996,0.9995,0.9994,0.9993,0.9992,0.9991,1.0001,1.0002,1.0003,1.0004,1.0005,1.0006,1.0007,1.0008,1.0009,1.001,91129685,23058159,2512221,2501728,5869162,4659979,8046908,53604,506861,281,135052398,65455290,10599137,2040029,5569558,844764,712388,237761,529976,538040
122,1,0.9999,0.9998,0.9997,0.9996,0.9995,0.9994,0.9993,0.9992,0.9991,1.0001,1.0002,1.0003,1.0004,1.0005,1.0006,1.0007,1.0008,1.0009,1.001,90330249,23058165,2512221,2501728,5869162,4659979,8046908,53604,506861,281,135504230,65454294,10598270,2040029,5569558,844764,712388,237761,529976,538040
123,1,0.9999,0.9998,0.9997,0.9996,0.9995,0.9994,0.9993,0.9992,0.9991,1.0001,1.0002,1.0003,1.0004,1.0005,1.0006,1.0007,1.0008,1.0009,1.001,90550299,22804283,2512221,2501728,5869162,4659979,8046908,53604,506861,281,135120089,65195116,10600928,2041441,5569558,844764,712388,237761,529976,538040
124,1,0.9999,0.9998,0.9997,0.9996,0.9995,0.9994,0.9993,0.9992,0.9991,1.0001,1.0002,1.0003,1.0004,1.0005,1.0006,1.0007,1.0008,1.0009,1.001,91336442,22807283,2812221,2501728,5869162,4659979,8046908,53604,506861,281,135481926,64992116,10600951,2041441,5569558,844764,712388,237761,529976,538040
125,1,0.9999,0.9998,0.9997,0.9996,0.9995,0.9994,0.9993,0.9992,0.9991,1.0001,1.0002,1.0003,1.0004,1.0005,1.0006,1.0007,1.0008,1.0009,1.001,91279717,22830829,2812221,2501728,5869162,4659979,8046908,53604,506861,281,135343357,64992116,10598936,2040029,5569558,844764,712388,237761,529976,538040
126,1,0.9999,0.9998,0.9997,0.9996,0.9995,0.9994,0.9993,0.9992,0.9991,1.0001,1.0002,1.0003,1.0004,1.0005,1.0006,1.0007,1.0008,1.0009,1.001,91130653,22827433,2812221,2501728,5869162,4659979,8046908,53604,506861,281,135108615,64992116,10600576,2041441,5569558,844764,712388,237761,529976,538040
127,1,0.9999,0.9998,0.9997,0.9996,0.9995,0.9994,0.9993,0.9992,0.9991,1.0001,1.0002,1.0003,1.0004,1.0005,1.0006,1.0007,1.0008,1.0009,1.001,92126513,22832477,2812221,2501728,5869162,4659979,8046908,53604,506861,281,135036086,64960107,10599815,2041441,5569558,844764,712388,237761,529976,538040
128,1,0.9999,0.9998,0.9997,0.9996,0.9995,0.9994,0.9993,0.9992,0.9991,1.0001,1.0002,1.0003,1.0004,1.0005,1.0006,1.0007,1.0008,1.0009,1.001,92431916,22807283,2812221,2501728,5869162,4659979,8046908,53604,506861,281,134699577,64957107,10588647,2041441,5569558,844764,712388,237761,529976,538040
129,1,0.9999,0.9998,0.9997,0.9996,0.9995,0.9994,0.9993,0.9992,0.9991,1.0001,1.0002,1.0003,1.0004,1.0005,1.0006,1.0007,1.0008,1.0009,1.001,89253273,25807888,2812221,2501728,5869162,4659979,8046908,53604,506861,281,134683584,64969016,10601248,2041441,5569558,844764,712388,237761,529976,538040
130,1,0.9999,0.9998,0.9997,0.9996,0.9995,0.9994,0.9993,0.9992,0.9991,1.0001,1.0002,1.0003,1.0004,1.0005,1.0006,1.0007,1.0008,1.0009,1.001,89293091,25807888,2812221,2501430,5869162,4659979,8046908,53604,506861,281,134271093,64969467,10597424,2040029,5569558,844764,712388,237761,529976,538040
131,1,0.9999,0.9998,0.9997,0.9996,0.9995,0.9994,0.9993,0.9992,0.9991,1.0001,1.0002,1.0003,1.0004,1.0005,1.0006,1.0007,1.0008,1.0009,1.001,86943617,25825569,2812221,2501430,5869162,4659979,8046908,53604,506861,281,134236542,64772498,10597478,2040029,5569558,844764,712388,237761,529976,538040
132,1,0.9999,0.9998,0.9997,0.9996,0.9995,0.9994,0.9993,0.9992,0.9991,1.0001,1.0002,1.0003,1.0004,1.0005,1.0006,1.0007,1.0008,1.0009,1.001,86897060,25848854,2812221,2501437,5869162,4659979,8046908,53604,506861,281,134015600,64769270,10597207,2041441,5569558,844764,712388,237761,529976,538040
133,1,0.9999,0.9998,0.9997,0.9996,0.9995,0.9994,0.9993,0.9992,0.9991,1.0001,1.0002,1.0003,1.0004,1.0005,1.0006,1.0007,1.0008,1.0009,1.001,86620281,25848513,2812221,2501437,5869162,4659979,8046908,53604,506861,281,133800415,64769270,10600878,2041441,5569558,844764,712388,237761,529976,538040
134,1,0.9999,0.9998,0.9997,0.9996,0.9995,0.9994,0.9993,0.9992,0.9991,1.0001,1.0002,1.0003,1.0004,1.0005,1.0006,1.0007,1.0008,1.0009,1.001,86532490,25825569,2812221,2501437,5869162,4659979,8046908,53604,506861,281,133726350,64672270,10596779,2040029,5569558,844764,712388,237761,529976,538040
135,1,0.9999,0.9998,0.9997,0.9996,0.9995,0.9994,0.9993,0.9992,0.9991,1.0001,1.0002,1.0003,1.0004,1.0005,1.0006,1.0007,1.0008,1.0009,1.001,86436915,25825569,2813221,2502024,5869162,4659979,8046908,53604,506861,281,133560711,64672270,10599523,2040029,5569558,844764,712388,237761,529976,538040
136,1,0.9999,0.9998,0.9997,0.9996,0.9995,0.9994,0.9993,0.9992,0.9991,1.0001,1.0002,1.0003,1.0004,1.0005,1.0006,1.0007,1.0008,1.0009,1.001,86400155,25822569,2813221,2501437,5869162,4659979,8046908,53604,506861,281,133372062,64672270,10598755,2040029,5569558,844764,712388,237761,529976,538040
137,1,0.9999,0.9998,0.9997,0.9996,0.9995,0.9994,0.9993,0.9992,0.9991,1.0001,1.0002,1.0003,1.0004,1.0005,1.0006,1.0007,1.0008,1.0009,1.001,87446712,25825569,2813221,2501437,5869162,4659979,8046908,53604,506861,281,133351038,64572270,10599985,2041441,5569558,844764,712388,237761,529976,538040
138,1,0.9999,0.9998,0.9997,0.9996,0.9995,0.9994,0.9993,0.9992,0.9991,1.0001,1.0002,1.0003,1.0004,1.0005,1.0006,1.0007,1.0008,1.0009,1.001,87410906,25825569,2813221,2501437,5869162,4659979,8046908,53604,506861,281,133249477,64572270,10600192,2040029,5569558,844764,712388,237761,529976,538040
139,1,0.9999,0.9998,0.9997,0.9996,0.9995,0.9994,0.9993,0.9992,0.9991,1.0001,1.0002,1.0003,1.0004,1.0005,1.0006,1.0007,1.0008,1.0009,1.001,87329110,25825569,2813221,2501437,5869162,4659979,8046908,53604,506861,281,133132212,64572270,10596118,2040029,5569558,844764,712388,237761,529976,538040
140,1,0.9999,0.9998,0.9997,0.9996,0.9995,0.9994,0.9993,0.9992,0.9991,1.0001,1.0002,1.0003,1.0004,1.0005,1.0006,1.0007,1.0008,1.0009,1.001,86497019,25822569,2813221,2501437,5869162,4659979,8046908,53604,506861,281,133134263,64525270,10595152,2040029,5569558,844764,712388,237761,529976,538040
