timestamp,bid_price_0,bid_price_1,bid_price_2,bid_price_3,bid_price_4,bid_price_5,bid_price_6,bid_price_7,bid_price_8,bid_price_9,ask_price_0,ask_price_1,ask_price_2,ask_price_3,ask_price_4,ask_price_5,ask_price_6,ask_price_7,ask_price_8,ask_price_9,bid_size_0,bid_size_1,bid_size_2,bid_size_3,bid_size_4,bid_size_5,bid_size_6,bid_size_7,bid_size_8,bid_size_9,ask_size_0,ask_size_1,ask_size_2,ask_size_3,ask_size_4,ask_size_5,ask_size_6,ask_size_7,ask_size_8,ask_size_9
0,1.0001,1,0.9999,0.9998,0.9997,0.9996,0.9995,0.9994,0.9993,0.9992,1.0002,1.0003,1.0004,1.0005,1.0006,1.0007,1.0008,1.0009,1.001,1.0011,83353604,69420759,12158421,2503306,2506170,5864615,4660173,8046908,53604,506861,173285280,14281570,2052732,5669689,844964,714954,237761,528460,540106,25048
1,1.0001,1,0.9999,0.9998,0.9997,0.9996,0.9995,0.9994,0.9993,0.9992,1.0002,1.0003,1.0004,1.0005,1.0006,1.0007,1.0008,1.0009,1.001,1.0011,83289185,70481986,12158421,2503306,2506170,5864615,4660173,8046908,53604,506861,173209397,14289342,2054144,5669689,844964,714954,237761,528460,540106,25048
2,1.0001,1,0.9999,0.9998,0.9997,0.9996,0.9995,0.9994,0.9993,0.9992,1.0002,1.0003,1.0004,1.0005,1.0006,1.0007,1.0008,1.0009,1.001,1.0011,83130708,70463971,12183241,2503306,2506170,5864615,4660173,8046908,53604,506861,173148246,14281570,2052732,5669689,844964,714954,237761,528460,540106,25048
3,1.0001,1,0.9999,0.9998,0.9997,0.9996,0.9995,0.9994,0.9993,0.9992,1.0002,1.0003,1.0004,1.0005,1.0006,1.0007,1.0008,1.0009,1.001,1.0011,82684640,70393971,12158421,2503306,2506170,5864615,4660173,8046908,53604,506861,173239756,14289140,2052732,5669689,844964,714954,237761,528460,540106,25048
4,1.0001,1,0.9999,0.9998,0.9997,0.9996,0.9995,0.9994,0.9993,0.9992,1.0002,1.0003,1.0004,1.0005,1.0006,1.0007,1.0008,1.0009,1.001,1.0011,82320947,70390971,12158421,2503306,2506170,5864615,4660173,8046908,53604,506861,173557264,14288424,2054144,5669689,844964,714954,237761,528460,540106,25048
5,1.0001,1,0.9999,0.9998,0.9997,0.9996,0.9995,0.9994,0.9993,0.9992,1.0002,1.0003,1.0004,1.0005,1.0006,1.0007,1.0008,1.0009,1.001,1.0011,82184068,70412568,12158421,2503306,2506170,5864615,4660173,8046908,53604,506861,173475022,14286438,2052732,5669689,844964,715004,237761,528410,540106,25048
6,1.0001,1,0.9999,0.9998,0.9997,0.9996,0.9995,0.9994,0.9993,0.9992,1.0002,1.0003,1.0004,1.0005,1.0006,1.0007,1.0008,1.0009,1.001,1.0011,82278008,70411089,12158421,2503306,2506170,5864615,4660173,8046908,53604,506861,172827265,14291671,2052732,5669689,844964,715004,237761,528410,540106,25048
7,1.0001,1,0.9999,0.9998,0.9997,0.9996,0.9995,0.9994,0.9993,0.9992,1.0002,1.0003,1.0004,1.0005,1.0006,1.0007,1.0008,1.0009,1.001,1.0011,82119897,70416217,12158421,2503306,2506170,5864615,4660173,8046908,53604,506861,172625768,14288900,2054144,5669689,844964,715004,237761,528410,540106,25048
8,1.0001,1,0.9999,0.9998,0.9997,0.9996,0.9995,0.9994,0.9993,0.9992,1.0002,1.0003,1.0004,1.0005,1.0006,1.0007,1.0008,1.0009,1.001,1.0011,81789403,70390981,12158421,2503306,2506170,5864615,4660173,8046908,53604,506861,172910292,14287444,2052732,5669689,844964,715004,237761,528410,540106,25048
9,1.0001,1,0.9999,0.9998,0.9997,0.9996,0.9995,0.9994,0.9993,0.9992,1.0002,1.0003,1.0004,1.0005,1.0006,1.0007,1.0008,1.0009,1.001,1.0011,81181053,70407944,12158421,2503306,2506170,5864615,4660173,8046908,53604,506861,173411967,14278540,2052732,5669689,844964,715004,237761,528410,540106,25048
10,1.0001,1,0.9999,0.9998,0.9997,0.9996,0.9995,0.9994,0.9993,0.9992,1.0002,1.0003,1.0004,1.0005,1.0006,1.0007,1.0008,1.0009,1.001,1.0011,76987933,73412673,12158421,2503306,2506170,5864615,4660173,8046908,53604,506861,174446664,14287596,2052732,5669689,844964,715004,237761,528410,540106,25048
11,1.0001,1,0.9999,0.9998,0.9997,0.9996,0.9995,0.9994,0.9993,0.9992,1.0002,1.0003,1.0004,1.0005,1.0006,1.0007,1.0008,1.0009,1.001,1.0011,55333920,73432387,12158421,2504502,2506170,5864615,4660173,8046908,53604,506861,176582507,14296385,2053237,5669689,844964,715004,237761,528410,540106,25048
12,1.0001,1,0.9999,0.9998,0.9997,0.9996,0.9995,0.9994,0.9993,0.9992,1.0002,1.0003,1.0004,1.0005,1.0006,1.0007,1.0008,1.0009,1.001,1.0011,53829142,73677429,12158431,2504502,2506170,5864615,4660173,8046908,53604,506861,177621169,14352385,2051825,5669689,844964,715004,237761,528410,540106,25048
13,1.0001,1,0.9999,0.9998,0.9997,0.9996,0.9995,0.9994,0.9993,0.9992,1.0002,1.0003,1.0004,1.0005,1.0006,1.0007,1.0008,1.0009,1.001,1.0011,53650762,73579309,12091412,2504502,2506170,5864615,4660173,8046908,53604,506861,177432188,14361266,2053237,5669689,844964,715004,237761,528410,540106,25048
14,1,0.9999,0.9998,0.9997,0.9996,0.9995,0.9994,0.9993,0.9992,0.9991,1.0001,1.0002,1.0003,1.0004,1.0005,1.0006,1.0007,1.0008,1.0009,1.001,127152330,12079920,2512211,2501430,5869355,4660179,8046908,53604,506861,281,28820861,129533659,12204285,2044688,5569739,844964,714998,237761,528410,540106
15,1,0.9999,0.9998,0.9997,0.9996,0.9995,0.9994,0.9993,0.9992,0.9991,1.0001,1.0002,1.0003,1.0004,1.0005,1.0006,1.0007,1.0008,1.0009,1.001,127375387,12495165,2512211,2501430,5869355,4660179,8046908,53604,506861,281,35709066,128278974,12178285,2043194,5574395,844964,714998,237761,528410,540106
16,1,0.9999,0.9998,0.9997,0.9996,0.9995,0.9994,0.9993,0.9992,0.9991,1.0001,1.0002,1.0003,1.0004,1.0005,1.0006,1.0007,1.0008,1.0009,1.001,127443579,12495165,2512211,2501430,5869355,4660179,8046908,53604,506861,281,37045329,128178445,12191058,2043194,5574395,844964,714998,237761,528410,540106
17,1,0.9999,0.9998,0.9997,0.9996,0.9995,0.9994,0.9993,0.9992,0.9991,1.0001,1.0002,1.0003,1.0004,1.0005,1.0006,1.0007,1.0008,1.0009,1.001,127948351,12495165,2512211,2501430,5869355,4660179,8046908,53604,506861,281,38601298,127922524,12190264,2043194,5574395,844964,714998,237761,528410,540106
18,1,0.9999,0.9998,0.9997,0.9996,0.9995,0.9994,0.9993,0.9992,0.9991,1.0001,1.0002,1.0003,1.0004,1.0005,1.0006,1.0007,1.0008,1.0009,1.001,127951072,12495165,2512211,2501430,5869355,4660179,8046908,53604,506861,281,40204468,127695611,12033993,2043194,5574395,844964,714998,237761,528410,540106
19,1,0.9999,0.9998,0.9997,0.9996,0.9995,0.9994,0.9993,0.9992,0.9991,1.0001,1.0002,1.0003,1.0004,1.0005,1.0006,1.0007,1.0008,1.0009,1.001,128348508,12520087,2512211,2501430,5869355,4660179,8046908,53604,506861,281,41772131,127162090,12017300,2043194,5574395,844964,714998,237761,528410,540106
20,1,0.9999,0.9998,0.9997,0.9996,0.9995,0.9994,0.9993,0.9992,0.9991,1.0001,1.0002,1.0003,1.0004,1.0005,1.0006,1.0007,1.0008,1.0009,1.001,128288983,12495165,2512211,2501430,5869355,4660179,8046908,53604,506861,281,42515208,127250401,12004585,2043194,5574395,844964,714998,237761,528410,540106
21,1,0.9999,0.9998,0.9997,0.9996,0.9995,0.9994,0.9993,0.9992,0.9991,1.0001,1.0002,1.0003,1.0004,1.0005,1.0006,1.0007,1.0008,1.0009,1.001,126231480,12519253,2512211,2501430,5869355,4660179,8046908,53604,506861,281,43278900,127106224,12006178,2043194,5574395,844964,714998,237761,528410,540106
22,1,0.9999,0.9998,0.9997,0.9996,0.9995,0.9994,0.9993,0.9992,0.9991,1.0001,1.0002,1.0003,1.0004,1.0005,1.0006,1.0007,1.0008,1.0009,1.001,126196502,12495165,2512211,2498820,5869355,4660179,8046908,53604,506861,281,43954878,127018215,12008352,2043248,5574395,844964,712388,237761,529976,538540
23,1,0.9999,0.9998,0.9997,0.9996,0.9995,0.9994,0.9993,0.9992,0.9991,1.0001,1.0002,1.0003,1.0004,1.0005,1.0006,1.0007,1.0008,1.0009,1.001,125839698,12495165,2512211,2498820,5869355,4660179,8046908,53604,506861,281,44503298,127290954,12004191,2043194,5574395,844964,712388,237761,529976,538540
24,1,0.9999,0.9998,0.9997,0.9996,0.9995,0.9994,0.9993,0.9992,0.9991,1.0001,1.0002,1.0003,1.0004,1.0005,1.0006,1.0007,1.0008,1.0009,1.001,125168604,12518451,2512211,2498820,5869355,4660179,8046908,53604,506861,281,44709784,127170816,12006945,2043194,5574395,844964,712388,237761,529976,538540
25,1,0.9999,0.9998,0.9997,0.9996,0.9995,0.9994,0.9993,0.9992,0.9991,1.0001,1.0002,1.0003,1.0004,1.0005,1.0006,1.0007,1.0008,1.0009,1.001,125072863,12495165,2512211,2498820,5869355,4660179,8046908,53604,506861,281,46053413,125950902,12004389,2043194,5574395,844964,712388,237761,529976,538540
26,1,0.9999,0.9998,0.9997,0.9996,0.9995,0.9994,0.9993,0.9992,0.9991,1.0001,1.0002,1.0003,1.0004,1.0005,1.0006,1.0007,1.0008,1.0009,1.001,124764903,12518189,2512211,2498820,5869355,4660179,8046908,53604,506861,281,45714180,125953401,12009220,2043194,5574395,844964,712388,237761,529976,538540
27,1,0.9999,0.9998,0.9997,0.9996,0.9995,0.9994,0.9993,0.9992,0.9991,1.0001,1.0002,1.0003,1.0004,1.0005,1.0006,1.0007,1.0008,1.0009,1.001,124786842,12495215,2512211,2498820,5869355,4660179,8046908,53604,506861,281,48926034,125434607,11908051,2043194,5574395,844964,712388,237761,529976,538540
28,1,0.9999,0.9998,0.9997,0.9996,0.9995,0.9994,0.9993,0.9992,0.9991,1.0001,1.0002,1.0003,1.0004,1.0005,1.0006,1.0007,1.0008,1.0009,1.001,124952881,12495215,2512211,2498820,5869355,4660179,8046908,53604,506861,281,48664609,125457808,11906084,2043194,5574395,844964,712388,237761,529976,538540
29,1,0.9999,0.9998,0.9997,0.9996,0.9995,0.9994,0.9993,0.9992,0.9991,1.0001,1.0002,1.0003,1.0004,1.0005,1.0006,1.0007,1.0008,1.0009,1.001,120633354,12495215,2512211,2498820,5869355,4660179,8046908,53604,506861,281,51585476,123595052,11897585,2043194,5574395,844964,712388,237761,529976,538540
30,1,0.9999,0.9998,0.9997,0.9996,0.9995,0.9994,0.9993,0.9992,0.9991,1.0001,1.0002,1.0003,1.0004,1.0005,1.0006,1.0007,1.0008,1.0009,1.001,120789588,12495215,2512211,2501430,5869355,4660179,8046908,53604,506861,281,52718200,124427273,11893254,2043194,5574395,844964,712388,237761,529976,538540
31,1,0.9999,0.9998,0.9997,0.9996,0.9995,0.9994,0.9993,0.9992,0.9991,1.0001,1.0002,1.0003,1.0004,1.0005,1.0006,1.0007,1.0008,1.0009,1.001,120762971,12495215,2512211,2501430,5869355,4660179,8046908,53604,506861,281,52467721,124469828,11893837,2043194,5574395,844964,712388,237761,529976,538540
32,1,0.9999,0.9998,0.9997,0.9996,0.9995,0.9994,0.9993,0.9992,0.9991,1.0001,1.0002,1.0003,1.0004,1.0005,1.0006,1.0007,1.0008,1.0009,1.001,120772116,12595216,2512211,2501430,5869355,4660179,8046908,53604,506861,281,53338851,124344285,11893141,2043194,5574395,844964,712388,237761,529976,538540
33,1,0.9999,0.9998,0.9997,0.9996,0.9995,0.9994,0.9993,0.9992,0.9991,1.0001,1.0002,1.0003,1.0004,1.0005,1.0006,1.0007,1.0008,1.0009,1.001,120968332,12648031,2512211,2501430,5869355,4660179,8046908,53604,506861,281,53308186,124143649,11891954,2042494,5574395,844964,712388,237761,529976,538540
34,1,0.9999,0.9998,0.9997,0.9996,0.9995,0.9994,0.9993,0.9992,0.9991,1.0001,1.0002,1.0003,1.0004,1.0005,1.0006,1.0007,1.0008,1.0009,1.001,120977349,12648031,2512211,2501430,5869355,4660179,8046908,53604,506861,281,53504659,124124063,11889623,2042494,5574395,844964,712388,237761,529976,538540
35,1,0.9999,0.9998,0.9997,0.9996,0.9995,0.9994,0.9993,0.9992,0.9991,1.0001,1.0002,1.0003,1.0004,1.0005,1.0006,1.0007,1.0008,1.0009,1.001,121298536,12648031,2512211,2501430,5869355,4660179,8046908,53604,506861,281,53166686,124164390,11889735,2042494,5574395,844964,712388,237761,529976,538540
36,1,0.9999,0.9998,0.9997,0.9996,0.9995,0.9994,0.9993,0.9992,0.9991,1.0001,1.0002,1.0003,1.0004,1.0005,1.0006,1.0007,1.0008,1.0009,1.001,121605779,12876910,2512211,2501430,5869355,4660179,8046908,53604,506861,281,52231489,124298310,11893225,2042494,5574444,844964,712388,237761,529976,538540
37,1,0.9999,0.9998,0.9997,0.9996,0.9995,0.9994,0.9993,0.9992,0.9991,1.0001,1.0002,1.0003,1.0004,1.0005,1.0006,1.0007,1.0008,1.0009,1.001,121707831,12899948,2512211,2501430,5869355,4660179,8046908,53604,506861,281,52036555,124418312,11892799,2042494,5574444,844964,712388,237761,529976,538540
38,1,0.9999,0.9998,0.9997,0.9996,0.9995,0.9994,0.9993,0.9992,0.9991,1.0001,1.0002,1.0003,1.0004,1.0005,1.0006,1.0007,1.0008,1.0009,1.001,121177281,12876910,2512211,2501430,5869355,4660179,8046908,53604,506861,281,52893109,124173028,11890366,2042494,5574444,844964,712388,237761,529976,538540
39,1,0.9999,0.9998,0.9997,0.9996,0.9995,0.9994,0.9993,0.9992,0.9991,1.0001,1.0002,1.0003,1.0004,1.0005,1.0006,1.0007,1.0008,1.0009,1.001,121209986,12905804,2512211,2501430,5869355,4660179,8046908,53604,506861,281,52760845,124037161,11896914,2042494,5574444,844964,712388,237761,529976,538540
40,1,0.9999,0.9998,0.9997,0.9996,0.9995,0.9994,0.9993,0.9992,0.9991,1.0001,1.0002,1.0003,1.0004,1.0005,1.0006,1.0007,1.0008,1.0009,1.001,121179484,12885720,2512211,2501430,5869355,4660179,8046908,53604,506861,281,52579250,124054161,11895293,2042494,5574444,844964,712388,237761,529976,538540
41,1,0.9999,0.9998,0.9997,0.9996,0.9995,0.9994,0.9993,0.9992,0.9991,1.0001,1.0002,1.0003,1.0004,1.0005,1.0006,1.0007,1.0008,1.0009,1.001,117899298,15887269,2512211,2501430,5869355,4660179,8046908,53604,506861,281,53793014,123194376,11896506,2042494,5574444,844964,712388,237761,529976,538540
42,1,0.9999,0.9998,0.9997,0.9996,0.9995,0.9994,0.9993,0.9992,0.9991,1.0001,1.0002,1.0003,1.0004,1.0005,1.0006,1.0007,1.0008,1.0009,1.001,118716415,15888338,2512211,2501430,5869355,4660179,8046908,53604,506861,281,52340859,123605867,11909533,2042494,5574444,844964,712388,237761,529976,538540
43,1,0.9999,0.9998,0.9997,0.9996,0.9995,0.9994,0.9993,0.9992,0.9991,1.0001,1.0002,1.0003,1.0004,1.0005,1.0006,1.0007,1.0008,1.0009,1.001,118698680,15888338,2512211,2501430,5869355,4660179,8046908,53604,506861,281,52651756,123648672,11913905,2042494,5574444,844964,712388,237761,529976,538540
44,1,0.9999,0.9998,0.9997,0.9996,0.9995,0.9994,0.9993,0.9992,0.9991,1.0001,1.0002,1.0003,1.0004,1.0005,1.0006,1.0007,1.0008,1.0009,1.001,115997550,15888338,2512211,2501430,5869355,4660179,8046908,53604,506861,281,56244416,122709979,11895863,2042494,5574444,844964,712388,237761,529976,538540
45,1,0.9999,0.9998,0.9997,0.9996,0.9995,0.9994,0.9993,0.9992,0.9991,1.0001,1.0002,1.0003,1.0004,1.0005,1.0006,1.0007,1.0008,1.0009,1.001,116373541,15888369,2512211,2501430,5869355,4660179,8046908,53604,506861,281,55724352,122753546,11894118,2042494,5574200,844964,712388,237761,529976,538540
46,1,0.9999,0.9998,0.9997,0.9996,0.9995,0.9994,0.9993,0.9992,0.9991,1.0001,1.0002,1.0003,1.0004,1.0005,1.0006,1.0007,1.0008,1.0009,1.001,116428489,15912881,2512211,2501430,5869355,4660179,8046908,53604,506861,281,55578177,122490316,11896620,2042494,5574200,844964,712388,237761,529976,538540
47,1,0.9999,0.9998,0.9997,0.9996,0.9995,0.9994,0.9993,0.9992,0.9991,1.0001,1.0002,1.0003,1.0004,1.0005,1.0006,1.0007,1.0008,1.0009,1.001,116360619,15888369,2512211,2501430,5864615,4660179,8046908,53604,506861,281,55746386,122450316,11898943,2042514,5574200,844964,712388,237761,529976,538540
48,1,0.9999,0.9998,0.9997,0.9996,0.9995,0.9994,0.9993,0.9992,0.9991,1.0001,1.0002,1.0003,1.0004,1.0005,1.0006,1.0007,1.0008,1.0009,1.001,116958402,15888369,2512211,2501430,5869355,4660179,8046908,53604,506861,281,56624648,122360654,11899287,2042494,5574200,844964,712388,237761,529976,538540
49,1,0.9999,0.9998,0.9997,0.9996,0.9995,0.9994,0.9993,0.9992,0.9991,1.0001,1.0002,1.0003,1.0004,1.0005,1.0006,1.0007,1.0008,1.0009,1.001,117070482,15888369,2512211,2501430,5869355,4660179,8046908,53604,506861,281,56514370,122324154,11897007,2042494,5574200,844964,712388,237761,529976,538540
50,1,0.9999,0.9998,0.9997,0.9996,0.9995,0.9994,0.9993,0.9992,0.9991,1.0001,1.0002,1.0003,1.0004,1.0005,1.0006,1.0007,1.0008,1.0009,1.001,117085598,15888369,2512211,2501430,5869355,4660179,8046908,53604,506861,281,56379240,122342152,11896412,2042494,5574200,844964,712388,237761,529976,538540
51,1,0.9999,0.9998,0.9997,0.9996,0.9995,0.9994,0.9993,0.9992,0.9991,1.0001,1.0002,1.0003,1.0004,1.0005,1.0006,1.0007,1.0008,1.0009,1.001,117111710,15888369,2512211,2501430,5864615,4660179,8046908,53604,506861,281,57354147,122200912,11898170,2042494,5574200,844964,712388,237761,529976,538540
52,1,0.9999,0.9998,0.9997,0.9996,0.9995,0.9994,0.9993,0.9992,0.9991,1.0001,1.0002,1.0003,1.0004,1.0005,1.0006,1.0007,1.0008,1.0009,1.001,116819649,15888369,2512211,2501430,5869355,4660179,8046908,53604,506861,281,57388596,121945054,11894642,2042494,5574200,844964,712388,237761,529976,538540
53,1,0.9999,0.9998,0.9997,0.9996,0.9995,0.9994,0.9993,0.9992,0.9991,1.0001,1.0002,1.0003,1.0004,1.0005,1.0006,1.0007,1.0008,1.0009,1.001,116864652,15888369,2512211,2501430,5869355,4660179,8046908,53604,506861,281,57228274,121965063,11886347,2042494,5574200,844964,712388,237761,529976,538540
54,1,0.9999,0.9998,0.9997,0.9996,0.9995,0.9994,0.9993,0.9992,0.9991,1.0001,1.0002,1.0003,1.0004,1.0005,1.0006,1.0007,1.0008,1.0009,1.001,116464638,15888369,2512211,2501430,5869355,4660179,8046908,53604,506861,281,57197262,121945063,11886347,2042494,5574214,844964,712388,237761,529976,538540
55,1,0.9999,0.9998,0.9997,0.9996,0.9995,0.9994,0.9993,0.9992,0.9991,1.0001,1.0002,1.0003,1.0004,1.0005,1.0006,1.0007,1.0008,1.0009,1.001,115909941,15888447,2512211,2501430,5869355,4660179,8046908,53604,506861,281,58442279,121548801,11886347,2040029,5574214,844964,712388,237761,529976,538540
56,1,0.9999,0.9998,0.9997,0.9996,0.9995,0.9994,0.9993,0.9992,0.9991,1.0001,1.0002,1.0003,1.0004,1.0005,1.0006,1.0007,1.0008,1.0009,1.001,115857309,15888447,2512211,2501430,5869355,4660179,8046908,53604,506861,281,58226453,121588801,11894600,2040029,5574214,844964,712388,237761,529976,538540
57,1,0.9999,0.9998,0.9997,0.9996,0.9995,0.9994,0.9993,0.9992,0.9991,1.0001,1.0002,1.0003,1.0004,1.0005,1.0006,1.0007,1.0008,1.0009,1.001,113253664,15888483,2512211,2501430,5869355,4660179,8046908,53604,506861,281,61890739,120668189,11898893,2040029,5574214,844964,712388,237761,529976,538540
58,1,0.9999,0.9998,0.9997,0.9996,0.9995,0.9994,0.9993,0.9992,0.9991,1.0001,1.0002,1.0003,1.0004,1.0005,1.0006,1.0007,1.0008,1.0009,1.001,112169809,15911559,2512211,2501430,5869355,4660179,8046908,53604,506861,281,74707522,108042889,11901337,2040029,5574214,844964,712388,237761,529976,538540
59,1,0.9999,0.9998,0.9997,0.9996,0.9995,0.9994,0.9993,0.9992,0.9991,1.0001,1.0002,1.0003,1.0004,1.0005,1.0006,1.0007,1.0008,1.0009,1.001,111313763,15888483,2512211,2501430,5869355,4660179,8046908,53604,506861,281,75404361,107756378,11897686,2040029,5574214,844964,712388,237761,529976,538540
60,1,0.9999,0.9998,0.9997,0.9996,0.9995,0.9994,0.9993,0.9992,0.9991,1.0001,1.0002,1.0003,1.0004,1.0005,1.0006,1.0007,1.0008,1.0009,1.001,110768415,15908720,2512211,2501430,5869355,4660179,8046908,53604,506861,281,76264299,107753378,11887898,2040029,5574214,844964,712388,237761,529976,538540
61,1,0.9999,0.9998,0.9997,0.9996,0.9995,0.9994,0.9993,0.9992,0.9991,1.0001,1.0002,1.0003,1.0004,1.0005,1.0006,1.0007,1.0008,1.0009,1.001,113359934,15919822,2512211,2501430,5869355,4660179,8046908,53604,506861,281,75001429,107556363,11895014,2040029,5574214,844964,712388,237761,529976,538540
62,1,0.9999,0.9998,0.9997,0.9996,0.9995,0.9994,0.9993,0.9992,0.9991,1.0001,1.0002,1.0003,1.0004,1.0005,1.0006,1.0007,1.0008,1.0009,1.001,113420904,15892321,2512211,2501430,5869355,4660179,8046908,53604,506861,281,74945208,107546262,11902716,2040029,5574214,844964,712388,237761,529976,538540
63,1,0.9999,0.9998,0.9997,0.9996,0.9995,0.9994,0.9993,0.9992,0.9991,1.0001,1.0002,1.0003,1.0004,1.0005,1.0006,1.0007,1.0008,1.0009,1.001,113578142,15915512,2512211,2501430,5869355,4660179,8046908,53604,506861,281,74779246,107549348,11904532,2040029,5574214,844964,712388,237761,529976,538540
64,1,0.9999,0.9998,0.9997,0.9996,0.9995,0.9994,0.9993,0.9992,0.9991,1.0001,1.0002,1.0003,1.0004,1.0005,1.0006,1.0007,1.0008,1.0009,1.001,113637929,15892321,2512211,2501430,5869355,4660179,8046908,53604,506861,281,74802083,107449348,11907417,2040029,5574214,844964,712388,237761,529976,538540
65,1,0.9999,0.9998,0.9997,0.9996,0.9995,0.9994,0.9993,0.9992,0.9991,1.0001,1.0002,1.0003,1.0004,1.0005,1.0006,1.0007,1.0008,1.0009,1.001,111011777,15892321,2512211,2501430,5869355,4660179,8046908,53604,506861,281,77450441,107449348,11895014,2040029,5574214,844964,712388,237761,529976,538540
66,1,0.9999,0.9998,0.9997,0.9996,0.9995,0.9994,0.9993,0.9992,0.9991,1.0001,1.0002,1.0003,1.0004,1.0005,1.0006,1.0007,1.0008,1.0009,1.001,111047216,15895321,2512211,2501430,5869355,4660179,8046908,53604,506861,281,77434894,107446348,11906916,2040029,5574214,844964,712388,237761,529976,538540
67,1,0.9999,0.9998,0.9997,0.9996,0.9995,0.9994,0.9993,0.9992,0.9991,1.0001,1.0002,1.0003,1.0004,1.0005,1.0006,1.0007,1.0008,1.0009,1.001,111400707,15895321,2512211,2501430,5869355,4660179,8046908,53604,506861,281,77215716,107348878,11897709,2040029,5574214,844964,712388,237761,529976,538540
68,1,0.9999,0.9998,0.9997,0.9996,0.9995,0.9994,0.9993,0.9992,0.9991,1.0001,1.0002,1.0003,1.0004,1.0005,1.0006,1.0007,1.0008,1.0009,1.001,110933461,15895321,2512211,2501430,5869355,4660179,8046908,53604,506861,281,77696274,107348878,11889949,2040029,5574214,844964,712388,237761,529976,538540
69,1,0.9999,0.9998,0.9997,0.9996,0.9995,0.9994,0.9993,0.9992,0.9991,1.0001,1.0002,1.0003,1.0004,1.0005,1.0006,1.0007,1.0008,1.0009,1.001,110308202,15895321,2512211,2501430,5869355,4660179,8046908,53604,506861,281,78924384,107348794,11900407,2040029,5574214,844964,712388,237761,529976,538540
70,1,0.9999,0.9998,0.9997,0.9996,0.9995,0.9994,0.9993,0.9992,0.9991,1.0001,1.0002,1.0003,1.0004,1.0005,1.0006,1.0007,1.0008,1.0009,1.001,110187343,15895321,2512211,2501430,5869355,4660179,8046908,53604,506861,281,79038289,107343794,11897949,2040029,5574214,844964,712388,237761,529976,538540
71,1,0.9999,0.9998,0.9997,0.9996,0.9995,0.9994,0.9993,0.9992,0.9991,1.0001,1.0002,1.0003,1.0004,1.0005,1.0006,1.0007,1.0008,1.0009,1.001,110211884,15900614,2512211,2501430,5869355,4660179,8046908,53604,506861,281,78996090,107255794,11909666,2040029,5574214,844964,712388,237761,529976,538540
72,1,0.9999,0.9998,0.9997,0.9996,0.9995,0.9994,0.9993,0.9992,0.9991,1.0001,1.0002,1.0003,1.0004,1.0005,1.0006,1.0007,1.0008,1.0009,1.001,111186465,15900614,2512211,2501430,5869355,4660179,8046908,53604,506861,281,78164417,107252794,11907556,2040029,5574214,844964,712388,237761,529976,538540
73,1,0.9999,0.9998,0.9997,0.9996,0.9995,0.9994,0.9993,0.9992,0.9991,1.0001,1.0002,1.0003,1.0004,1.0005,1.0006,1.0007,1.0008,1.0009,1.001,111130725,15900614,2512211,2501430,5869355,4660179,8046908,53604,506861,281,78163083,107240093,11907264,2041441,5569558,844964,712388,237761,529976,538540
74,1,0.9999,0.9998,0.9997,0.9996,0.9995,0.9994,0.9993,0.9992,0.9991,1.0001,1.0002,1.0003,1.0004,1.0005,1.0006,1.0007,1.0008,1.0009,1.001,111258828,15897614,2512211,2501430,5869355,4660179,8046908,53604,506861,281,78157132,107195093,11906861,2040029,5569558,844964,712388,237761,529976,538540
75,1,0.9999,0.9998,0.9997,0.9996,0.9995,0.9994,0.9993,0.9992,0.9991,1.0001,1.0002,1.0003,1.0004,1.0005,1.0006,1.0007,1.0008,1.0009,1.001,111316478,15900614,2512211,2501430,5869355,4660179,8046908,53604,506861,281,78093395,107198083,11905515,2041441,5569558,844964,712388,237761,529976,538540
76,1,0.9999,0.9998,0.9997,0.9996,0.9995,0.9994,0.9993,0.9992,0.9991,1.0001,1.0002,1.0003,1.0004,1.0005,1.0006,1.0007,1.0008,1.0009,1.001,111277491,15900614,2512211,2501430,5869355,4660179,8046908,53604,506861,281,78146167,107195074,11908055,2041441,5569558,844964,712388,237761,529976,538540
77,1,0.9999,0.9998,0.9997,0.9996,0.9995,0.9994,0.9993,0.9992,0.9991,1.0001,1.0002,1.0003,1.0004,1.0005,1.0006,1.0007,1.0008,1.0009,1.001,111323290,15897624,2512211,2501430,5869355,4660179,8046908,53604,506861,281,78213583,107095065,11907401,2041441,5569558,844964,712388,237761,529976,538540
78,1,0.9999,0.9998,0.9997,0.9996,0.9995,0.9994,0.9993,0.9992,0.9991,1.0001,1.0002,1.0003,1.0004,1.0005,1.0006,1.0007,1.0008,1.0009,1.001,108972900,15900624,2512221,2501478,5869355,4660179,8046908,53604,506861,281,87141797,100306664,11906545,2041518,5569558,844964,712388,237761,529976,538540
79,1,0.9999,0.9998,0.9997,0.9996,0.9995,0.9994,0.9993,0.9992,0.9991,1.0001,1.0002,1.0003,1.0004,1.0005,1.0006,1.0007,1.0008,1.0009,1.001,108936329,16033606,2512221,2501430,5869355,4660179,8046908,53604,506861,281,90243819,97269456,11909328,2040029,5569558,844964,712388,237761,529976,538540
80,1,0.9999,0.9998,0.9997,0.9996,0.9995,0.9994,0.9993,0.9992,0.9991,1.0001,1.0002,1.0003,1.0004,1.0005,1.0006,1.0007,1.0008,1.0009,1.001,108896470,16033597,2512221,2501430,5883490,4659979,8046908,53604,506861,281,90209557,97240456,11905792,2041441,5569558,844964,712388,237761,529976,538540
81,1,0.9999,0.9998,0.9997,0.9996,0.9995,0.9994,0.9993,0.9992,0.9991,1.0001,1.0002,1.0003,1.0004,1.0005,1.0006,1.0007,1.0008,1.0009,1.001,108877821,16008325,2512221,2501430,5869355,4659979,8046908,53604,521002,281,90125317,97240356,11907357,2040077,5569558,844764,712388,237761,529976,538540
82,1,0.9999,0.9998,0.9997,0.9996,0.9995,0.9994,0.9993,0.9992,0.9991,1.0001,1.0002,1.0003,1.0004,1.0005,1.0006,1.0007,1.0008,1.0009,1.001,108828067,16008325,2512221,2501430,5869355,4659979,8046908,53604,521002,281,89982669,97243356,11910545,2040029,5569558,844764,712388,237761,529976,538540
83,1,0.9999,0.9998,0.9997,0.9996,0.9995,0.9994,0.9993,0.9992,0.9991,1.0001,1.0002,1.0003,1.0004,1.0005,1.0006,1.0007,1.0008,1.0009,1.001,108779064,16008325,2512221,2501430,5869355,4659979,8046908,53604,521002,281,90014839,98340365,10605676,2041441,5569558,844764,712388,237761,529976,538540
84,1,0.9999,0.9998,0.9997,0.9996,0.9995,0.9994,0.9993,0.9992,0.9991,1.0001,1.0002,1.0003,1.0004,1.0005,1.0006,1.0007,1.0008,1.0009,1.001,107673837,16032424,2512221,2501430,5869355,4659979,8046908,53604,521002,281,90677815,98044415,10609186,2041441,5569558,844764,712388,237761,529976,538540
85,1,0.9999,0.9998,0.9997,0.9996,0.9995,0.9994,0.9993,0.9992,0.9991,1.0001,1.0002,1.0003,1.0004,1.0005,1.0006,1.0007,1.0008,1.0009,1.001,107643719,16008325,2512221,2501430,5869355,4659979,8046908,53604,521002,281,90716402,98044415,10590803,2040029,5569558,844764,712388,237761,529976,538540
86,1,0.9999,0.9998,0.9997,0.9996,0.9995,0.9994,0.9993,0.9992,0.9991,1.0001,1.0002,1.0003,1.0004,1.0005,1.0006,1.0007,1.0008,1.0009,1.001,108553049,16008325,2512221,2501430,5869355,4659979,8046908,53604,521002,281,90729818,97944415,10590791,2041441,5569558,844764,712388,237761,529976,538540
87,1,0.9999,0.9998,0.9997,0.9996,0.9995,0.9994,0.9993,0.9992,0.9991,1.0001,1.0002,1.0003,1.0004,1.0005,1.0006,1.0007,1.0008,1.0009,1.001,108450100,16008325,2512221,2501430,5869355,4659979,8046908,53604,521002,281,90699115,97944415,10591887,2040029,5569558,844764,712388,237761,529976,538540
88,1,0.9999,0.9998,0.9997,0.9996,0.9995,0.9994,0.9993,0.9992,0.9991,1.0001,1.0002,1.0003,1.0004,1.0005,1.0006,1.0007,1.0008,1.0009,1.001,104817479,16031585,2512221,2501430,5869355,4659979,8046908,53604,521002,281,94113819,97944406,10592299,2041441,5569558,844764,712388,237761,529976,538540
89,1,0.9999,0.9998,0.9997,0.9996,0.9995,0.9994,0.9993,0.9992,0.9991,1.0001,1.0002,1.0003,1.0004,1.0005,1.0006,1.0007,1.0008,1.0009,1.001,99951118,16008325,2512221,2501430,5869355,4659979,8046908,53604,521002,281,98769321,98126897,10595785,2040029,5569558,844764,712388,237761,529976,538540
90,1,0.9999,0.9998,0.9997,0.9996,0.9995,0.9994,0.9993,0.9992,0.9991,1.0001,1.0002,1.0003,1.0004,1.0005,1.0006,1.0007,1.0008,1.0009,1.001,99829169,16058325,2512221,2501430,5869355,4659979,8046908,53604,521002,281,99654909,98126897,10592590,2041441,5569558,844764,712388,237761,529976,538540
91,1,0.9999,0.9998,0.9997,0.9996,0.9995,0.9994,0.9993,0.9992,0.9991,1.0001,1.0002,1.0003,1.0004,1.0005,1.0006,1.0007,1.0008,1.0009,1.001,99786765,16236641,2512221,2501430,5869156,4659979,8046908,53604,506861,281,99605089,98126891,10595138,2041441,5569558,844764,712388,237761,529976,538540
92,1,0.9999,0.9998,0.9997,0.9996,0.9995,0.9994,0.9993,0.9992,0.9991,1.0001,1.0002,1.0003,1.0004,1.0005,1.0006,1.0007,1.0008,1.0009,1.001,99650982,16433341,2512221,2501728,5869156,4659979,8046908,53604,506861,281,99656987,98026891,10592488,2041441,5569558,844764,712388,237761,529976,538540
93,1,0.9999,0.9998,0.9997,0.9996,0.9995,0.9994,0.9993,0.9992,0.9991,1.0001,1.0002,1.0003,1.0004,1.0005,1.0006,1.0007,1.0008,1.0009,1.001,99469857,16578341,2512221,2501728,5869156,4659979,8046908,53604,506861,281,99626559,98021087,10588647,2041441,5569558,844764,712388,237761,529976,538540
94,1,0.9999,0.9998,0.9997,0.9996,0.9995,0.9994,0.9993,0.9992,0.9991,1.0001,1.0002,1.0003,1.0004,1.0005,1.0006,1.0007,1.0008,1.0009,1.001,99460650,16713341,2512221,2501728,5869156,4659979,8046908,53604,506861,281,99530380,98021087,10588647,2041441,5569558,844764,712388,237761,529976,538540
95,1,0.9999,0.9998,0.9997,0.9996,0.9995,0.9994,0.9993,0.9992,0.9991,1.0001,1.0002,1.0003,1.0004,1.0005,1.0006,1.0007,1.0008,1.0009,1.001,99778663,13862774,2512221,2501728,5869156,4659979,8046908,53604,506861,281,99164810,100938705,10588647,2040029,5569558,844764,712388,237761,529976,538540
96,1,0.9999,0.9998,0.9997,0.9996,0.9995,0.9994,0.9993,0.9992,0.9991,1.0001,1.0002,1.0003,1.0004,1.0005,1.0006,1.0007,1.0008,1.0009,1.001,99643165,14041817,2512221,2501728,5869156,4659979,8046908,53604,506861,281,99163985,100938705,10598488,2040029,5569558,844764,712388,237761,529976,538540
97,1,0.9999,0.9998,0.9997,0.9996,0.9995,0.9994,0.9993,0.9992,0.9991,1.0001,1.0002,1.0003,1.0004,1.0005,1.0006,1.0007,1.0008,1.0009,1.001,100560620,14591220,2512221,2501728,5869156,4659979,8046908,53604,506861,281,97596246,100938701,10599226,2041441,5569558,844764,712388,237761,529976,538540
98,1,0.9999,0.9998,0.9997,0.9996,0.9995,0.9994,0.9993,0.9992,0.9991,1.0001,1.0002,1.0003,1.0004,1.0005,1.0006,1.0007,1.0008,1.0009,1.001,100621244,14568011,2512221,2501728,5869156,4659979,8046908,53604,506861,281,129473386,69189687,10588647,2041441,5569558,844764,712388,237761,529976,538540
99,1,0.9999,0.9998,0.9997,0.9996,0.9995,0.9994,0.9993,0.9992,0.9991,1.0001,1.0002,1.0003,1.0004,1.0005,1.0006,1.0007,1.0008,1.0009,1.001,100607200,14592058,2512221,2501728,5869156,4659979,8046908,53604,506861,281,129604356,69089698,10596386,2040029,5569558,844764,712388,237761,529976,538540
100,1,0.9999,0.9998,0.9997,0.9996,0.9995,0.9994,0.9993,0.9992,0.9991,1.0001,1.0002,1.0003,1.0004,1.0005,1.0006,1.0007,1.0008,1.0009,1.001,100556306,14568011,2512221,2501728,5864416,4659979,8046908,53604,506861,281,129293465,69089698,10599772,2041441,5569558,844764,712388,237761,529976,538540
101,1,0.9999,0.9998,0.9997,0.9996,0.9995,0.9994,0.9993,0.9992,0.9991,1.0001,1.0002,1.0003,1.0004,1.0005,1.0006,1.0007,1.0008,1.0009,1.001,100481781,14592862,2512221,2501728,5869156,4659979,8046908,53604,506861,281,129212860,69092698,10600461,2040029,5569558,844764,712388,237761,529976,538540
102,1,0.9999,0.9998,0.9997,0.9996,0.9995,0.9994,0.9993,0.9992,0.9991,1.0001,1.0002,1.0003,1.0004,1.0005,1.0006,1.0007,1.0008,1.0009,1.001,102311683,14588011,2512221,2501728,5869156,4659979,8046908,53604,506861,281,128851696,69006235,10599323,2041441,5569558,844764,712388,237761,529976,538540
103,1,0.9999,0.9998,0.9997,0.9996,0.9995,0.9994,0.9993,0.9992,0.9991,1.0001,1.0002,1.0003,1.0004,1.0005,1.0006,1.0007,1.0008,1.0009,1.001,102219550,14588011,2512221,2501728,5869156,4659979,8046908,53604,506861,281,128824077,69006235,10599150,2040029,5569558,844764,712388,237761,529976,538540
104,1,0.9999,0.9998,0.9997,0.9996,0.9995,0.9994,0.9993,0.9992,0.9991,1.0001,1.0002,1.0003,1.0004,1.0005,1.0006,1.0007,1.0008,1.0009,1.001,102105582,14588011,2512221,2501728,5869156,4659979,8046908,53604,506861,281,128834881,69006235,10597640,2041441,5569558,844764,712388,237761,529976,538540
105,1,0.9999,0.9998,0.9997,0.9996,0.9995,0.9994,0.9993,0.9992,0.9991,1.0001,1.0002,1.0003,1.0004,1.0005,1.0006,1.0007,1.0008,1.0009,1.001,101988822,14588011,2512221,2501728,5869162,4659979,8046908,53604,506861,281,128869614,68940235,10598387,2041441,5569558,845264,712388,237761,529976,538040
106,1,0.9999,0.9998,0.9997,0.9996,0.9995,0.9994,0.9993,0.9992,0.9991,1.0001,1.0002,1.0003,1.0004,1.0005,1.0006,1.0007,1.0008,1.0009,1.001,101835661,14612455,2512221,2501728,5869162,4659979,8046908,53604,506861,281,128898275,68932311,10597878,2041441,5569558,844764,712388,237761,529976,538040
107,1,0.9999,0.9998,0.9997,0.9996,0.9995,0.9994,0.9993,0.9992,0.9991,1.0001,1.0002,1.0003,1.0004,1.0005,1.0006,1.0007,1.0008,1.0009,1.001,101681687,14588011,2512221,2501728,5869162,4659979,8046908,53604,506861,281,128946856,68895495,10588647,2041441,5569558,844764,712388,237761,529976,538040
108,1,0.9999,0.9998,0.9997,0.9996,0.9995,0.9994,0.9993,0.9992,0.9991,1.0001,1.0002,1.0003,1.0004,1.0005,1.0006,1.0007,1.0008,1.0009,1.001,100249416,14612420,2512221,2501728,5869162,4659979,8046908,53604,506861,281,130379228,68794495,10601484,2041441,5569558,844764,712388,237761,529976,538040
109,1,0.9999,0.9998,0.9997,0.9996,0.9995,0.9994,0.9993,0.9992,0.9991,1.0001,1.0002,1.0003,1.0004,1.0005,1.0006,1.0007,1.0008,1.0009,1.001,92400095,21782858,2512221,2501728,5869162,4659979,8046908,53604,506861,281,132066804,68759208,10596178,2041441,5569558,844764,712388,237761,529976,538040
110,1,0.9999,0.9998,0.9997,0.9996,0.9995,0.9994,0.9993,0.9992,0.9991,1.0001,1.0002,1.0003,1.0004,1.0005,1.0006,1.0007,1.0008,1.0009,1.001,91041744,23062998,2512221,2501728,5869162,4659979,8046908,53604,506861,281,135146128,65744119,10600258,2040029,5569558,844764,712388,237761,529976,538040
111,1,0.9999,0.9998,0.9997,0.9996,0.9995,0.9994,0.9993,0.9992,0.9991,1.0001,1.0002,1.0003,1.0004,1.0005,1.0006,1.0007,1.0008,1.0009,1.001,90990393,23038159,2512221,2501728,5869162,4659979,8046908,53604,506861,281,135232575,65744119,10588647,2040029,5569558,844764,712388,237761,529976,538040
112,1,0.9999,0.9998,0.9997,0.9996,0.9995,0.9994,0.9993,0.9992,0.9991,1.0001,1.0002,1.0003,1.0004,1.0005,1.0006,1.0007,1.0008,1.0009,1.001,90958921,23058222,2512221,2501728,5869162,4659979,8046908,53604,506861,281,135305342,65552290,10599407,2040029,5569558,844764,712388,237761,529976,538040
113,1,0.9999,0.9998,0.9997,0.9996,0.9995,0.9994,0.9993,0.9992,0.9991,1.0001,1.0002,1.0003,1.0004,1.0005,1.0006,1.0007,1.0008,1.0009,1.001,91103811,23058222,2512221,2501728,5869162,4659979,8046908,53604,506861,281,135277987,65559299,10588647,2041441,5569558,844764,712388,237761,529976,538040
114,1,0.9999,0.9998,0.9997,0.9996,0.9995,0.9994,0.9993,0.9992,0.9991,1.0001,1.0002,1.0003,1.0004,1.0005,1.0006,1.0007,1.0008,1.0009,1.001,91176392,23081054,2512221,2501728,5869162,4659979,8046908,53604,506861,281,135156998,65552290,10599048,2041441,5569558,844764,712388,237761,529976,538040
115,1,0.9999,0.9998,0.9997,0.9996,0.9995,0.9994,0.9993,0.9992,0.9991,1.0001,1.0002,1.0003,1.0004,1.0005,1.0006,1.0007,1.0008,1.0009,1.001,91129588,23058159,2512221,2501728,5869162,4659979,8046908,53604,506861,281,135066894,65455290,10599137,2041441,5569558,844764,712388,237761,529976,538040
116,1,0.9999,0.9998,0.9997,0.9996,0.9995,0.9994,0.9993,0.9992,0.9991,1.0001,1.0002,1.0003,1.0004,1.0005,1.0006,1.0007,1.0008,1.0009,1.001,90330249,23058165,2512221,2501728,5869162,4659979,8046908,53604,506861,281,135504230,65454294,10598270,2040029,5569558,844764,712388,237761,529976,538040
117,1,0.9999,0.9998,0.9997,0.9996,0.9995,0.9994,0.9993,0.9992,0.9991,1.0001,1.0002,1.0003,1.0004,1.0005,1.0006,1.0007,1.0008,1.0009,1.001,90550299,22804283,2512221,2501728,5869162,4659979,8046908,53604,506861,281,135135090,65195116,10600928,2041441,5569558,844764,712388,237761,529976,538040
118,1,0.9999,0.9998,0.9997,0.9996,0.9995,0.9994,0.9993,0.9992,0.9991,1.0001,1.0002,1.0003,1.0004,1.0005,1.0006,1.0007,1.0008,1.0009,1.001,91338386,22807283,2812221,2501728,5869162,4659979,8046908,53604,506861,281,135485928,64992116,10600951,2040029,5569558,844764,712388,237761,529976,538040
119,1,0.9999,0.9998,0.9997,0.9996,0.9995,0.9994,0.9993,0.9992,0.9991,1.0001,1.0002,1.0003,1.0004,1.0005,1.0006,1.0007,1.0008,1.0009,1.001,91279717,22830829,2812221,2501728,5869162,4659979,8046908,53604,506861,281,135343357,64992116,10598936,2040029,5569558,844764,712388,237761,529976,538040
120,1,0.9999,0.9998,0.9997,0.9996,0.9995,0.9994,0.9993,0.9992,0.9991,1.0001,1.0002,1.0003,1.0004,1.0005,1.0006,1.0007,1.0008,1.0009,1.001,91130653,22827433,2812221,2501728,5869162,4659979,8046908,53604,506861,281,135108615,64992116,10600576,2041441,5569558,844764,712388,237761,529976,538040
121,1,0.9999,0.9998,0.9997,0.9996,0.9995,0.9994,0.9993,0.9992,0.9991,1.0001,1.0002,1.0003,1.0004,1.0005,1.0006,1.0007,1.0008,1.0009,1.001,92126513,22832477,2812221,2501728,5869162,4659979,8046908,53604,506861,281,135028596,64960107,10599815,2041441,5569558,844764,712388,237761,529976,538040
122,1,0.9999,0.9998,0.9997,0.9996,0.9995,0.9994,0.9993,0.9992,0.9991,1.0001,1.0002,1.0003,1.0004,1.0005,1.0006,1.0007,1.0008,1.0009,1.001,92431916,22807283,2812221,2501728,5869162,4659979,8046908,53604,506861,281,134684576,64957107,10588647,2041441,5569558,844764,712388,237761,529976,538040
123,1,0.9999,0.9998,0.9997,0.9996,0.9995,0.9994,0.9993,0.9992,0.9991,1.0001,1.0002,1.0003,1.0004,1.0005,1.0006,1.0007,1.0008,1.0009,1.001,89253273,25807888,2812221,2501728,5869162,4659979,8046908,53604,506861,281,134683584,64969016,10601248,2041441,5569558,844764,712388,237761,529976,538040
124,1,0.9999,0.9998,0.9997,0.9996,0.9995,0.9994,0.9993,0.9992,0.9991,1.0001,1.0002,1.0003,1.0004,1.0005,1.0006,1.0007,1.0008,1.0009,1.001,89293091,25807888,2812221,2501430,5869162,4659979,8046908,53604,506861,281,134271093,64969467,10597424,2040029,5569558,844764,712388,237761,529976,538040
125,1,0.9999,0.9998,0.9997,0.9996,0.9995,0.9994,0.9993,0.9992,0.9991,1.0001,1.0002,1.0003,1.0004,1.0005,1.0006,1.0007,1.0008,1.0009,1.001,86943617,25825569,2812221,2501430,5869162,4659979,8046908,53604,506861,281,134236542,64772498,10597478,2040029,5569558,844764,712388,237761,529976,538040
126,1,0.9999,0.9998,0.9997,0.9996,0.9995,0.9994,0.9993,0.9992,0.9991,1.0001,1.0002,1.0003,1.0004,1.0005,1.0006,1.0007,1.0008,1.0009,1.001,86897060,25848854,2812221,2501437,5869162,4659979,8046908,53604,506861,281,134015600,64769270,10597207,2041441,5569558,844764,712388,237761,529976,538040
127,1,0.9999,0.9998,0.9997,0.9996,0.9995,0.9994,0.9993,0.9992,0.9991,1.0001,1.0002,1.0003,1.0004,1.0005,1.0006,1.0007,1.0008,1.0009,1.001,86620281,25848513,2812221,2501437,5869162,4659979,8046908,53604,506861,281,133800415,64769270,10600878,2041441,5569558,844764,712388,237761,529976,538040
128,1,0.9999,0.9998,0.9997,0.9996,0.9995,0.9994,0.9993,0.9992,0.9991,1.0001,1.0002,1.0003,1.0004,1.0005,1.0006,1.0007,1.0008,1.0009,1.001,86532490,25825569,2812221,2501437,5869162,4659979,8046908,53604,506861,281,133726350,64672270,10596779,2040029,5569558,844764,712388,237761,529976,538040
129,1,0.9999,0.9998,0.9997,0.9996,0.9995,0.9994,0.9993,0.9992,0.9991,1.0001,1.0002,1.0003,1.0004,1.0005,1.0006,1.0007,1.0008,1.0009,1.001,86436915,25825569,2813221,2502024,5869162,4659979,8046908,53604,506861,281,133560711,64672270,10599523,2040029,5569558,844764,712388,237761,529976,538040
130,1,0.9999,0.9998,0.9997,0.9996,0.9995,0.9994,0.9993,0.9992,0.9991,1.0001,1.0002,1.0003,1.0004,1.0005,1.0006,1.0007,1.0008,1.0009,1.001,86400172,25822569,2813221,2501437,5869162,4659979,8046908,53604,506861,281,133372142,64672270,10598755,2041441,5569558,844764,712388,237761,529976,538040
131,1,0.9999,0.9998,0.9997,0.9996,0.9995,0.9994,0.9993,0.9992,0.9991,1.0001,1.0002,1.0003,1.0004,1.0005,1.0006,1.0007,1.0008,1.0009,1.001,87446712,25825569,2813221,2501437,5869162,4659979,8046908,53604,506861,281,133366039,64572270,10599985,2040029,5569558,844764,712388,237761,529976,538040
132,1,0.9999,0.9998,0.9997,0.9996,0.9995,0.9994,0.9993,0.9992,0.9991,1.0001,1.0002,1.0003,1.0004,1.0005,1.0006,1.0007,1.0008,1.0009,1.001,87410906,25825569,2813221,2501437,5869162,4659979,8046908,53604,506861,281,133249477,64572270,10600192,2040029,5569558,844764,712388,237761,529976,538040
133,1,0.9999,0.9998,0.9997,0.9996,0.9995,0.9994,0.9993,0.9992,0.9991,1.0001,1.0002,1.0003,1.0004,1.0005,1.0006,1.0007,1.0008,1.0009,1.001,87329110,25825569,2813221,2501437,5869162,4659979,8046908,53604,506861,281,133147213,64572270,10596118,2040029,5569558,844764,712388,237761,529976,538040
134,1,0.9999,0.9998,0.9997,0.9996,0.9995,0.9994,0.9993,0.9992,0.9991,1.0001,1.0002,1.0003,1.0004,1.0005,1.0006,1.0007,1.0008,1.0009,1.001,86497019,25822569,2813221,2501437,5869162,4659979,8046908,53604,506861,281,133134263,64525270,10595152,2040029,5569558,844764,712388,237761,529976,538040
135,1,0.9999,0.9998,0.9997,0.9996,0.9995,0.9994,0.9993,0.9992,0.9991,1.0001,1.0002,1.0003,1.0004,1.0005,1.0006,1.0007,1.0008,1.0009,1.001,86463946,25825569,2813221,2501437,5869162,4659979,8046908,53604,506861,281,133068069,64528270,10594037,2041441,5569558,844764,712388,237761,529976,538040
136,1,0.9999,0.9998,0.9997,0.9996,0.9995,0.9994,0.9993,0.9992,0.9991,1.0001,1.0002,1.0003,1.0004,1.0005,1.0006,1.0007,1.0008,1.0009,1.001,85918706,25825569,2813221,2501437,5869162,4659979,8046908,53604,506861,281,132961215,64528270,10594802,2040029,5569558,844764,712388,237761,529976,538040
137,1,0.9999,0.9998,0.9997,0.9996,0.9995,0.9994,0.9993,0.9992,0.9991,1.0001,1.0002,1.0003,1.0004,1.0005,1.0006,1.0007,1.0008,1.0009,1.001,85841373,25825569,2813221,2501437,5869162,4659979,8046908,53604,506861,281,132853424,64528270,10582853,2041441,5569558,844764,712388,237761,529976,538040
138,1,0.9999,0.9998,0.9997,0.9996,0.9995,0.9994,0.9993,0.9992,0.9991,1.0001,1.0002,1.0003,1.0004,1.0005,1.0006,1.0007,1.0008,1.0009,1.001,85016837,25825569,2813221,2501437,5869162,4659979,8046908,53604,506861,281,132882762,64425270,10590544,2040029,5569558,844764,712388,237761,529976,538040
139,1,0.9999,0.9998,0.9997,0.9996,0.9995,0.9994,0.9993,0.9992,0.9991,1.0001,1.0002,1.0003,1.0004,1.0005,1.0006,1.0007,1.0008,1.0009,1.001,84924974,25825569,2813221,2501437,5869162,4659979,8046908,53604,506861,281,132759170,64428270,10594976,2041441,5569558,844764,712388,237761,529976,538040
140,1,0.9999,0.9998,0.9997,0.9996,0.9995,0.9994,0.9993,0.9992,0.9991,1.0001,1.0002,1.0003,1.0004,1.0005,1.0006,1.0007,1.0008,1.0009,1.001,84868255,25847718,2813221,2501437,5869162,4659979,8046908,53604,506861,281,132660118,64428270,10595553,2041441,5569558,844764,712388,237761,529976,538040
141,1,0.9999,0.9998,0.9997,0.9996,0.9995,0.9994,0.9993,0.9992,0.9991,1.0001,1.0002,1.0003,1.0004,1.0005,1.0006,1.0007,1.0008,1.0009,1.001,84787495,25822569,2813221,2501437,5869162,4659979,8046908,53604,506861,281,132632086,64376270,10582775,2041441,5569558,844764,712388,237761,529976,538040
142,1,0.9999,0.9998,0.9997,0.9996,0.9995,0.9994,0.9993,0.9992,0.9991,1.0001,1.0002,1.0003,1.0004,1.0005,1.0006,1.0007,1.0008,1.0009,1.001,85834297,25825569,2813221,2501437,5869162,4659979,8046908,53604,506861,281,132533572,64379260,10594564,2040029,5569558,844764,712388,237761,529976,538040
143,1,0.9999,0.9998,0.9997,0.9996,0.9995,0.9994,0.9993,0.9992,0.9991,1.0001,1.0002,1.0003,1.0004,1.0005,1.0006,1.0007,1.0008,1.0009,1.001,85933447,25822569,2813221,2501437,5869162,4659979,8046908,53604,506861,281,132438421,64377295,10594701,2040029,5569558,844764,712388,237761,529976,538040
144,1,0.9999,0.9998,0.9997,0.9996,0.9995,0.9994,0.9993,0.9992,0.9991,1.0001,1.0002,1.0003,1.0004,1.0005,1.0006,1.0007,1.0008,1.0009,1.001,86105157,25825569,2813221,2501437,5869162,4659979,8046908,53604,506861,281,132256579,64203295,10594701,2041441,5569558,844764,712388,237761,529976,538040
145,1,0.9999,0.9998,0.9997,0.9996,0.9995,0.9994,0.9993,0.9992,0.9991,1.0001,1.0002,1.0003,1.0004,1.0005,1.0006,1.0007,1.0008,1.0009,1.001,86266339,25825569,2813221,2501437,5869162,4659979,8046908,53604,506861,281,132135854,64185595,10582854,2040029,5569558,844764,712388,237761,529976,538040
146,1,0.9999,0.9998,0.9997,0.9996,0.9995,0.9994,0.9993,0.9992,0.9991,1.0001,1.0002,1.0003,1.0004,1.0005,1.0006,1.0007,1.0008,1.0009,1.001,86319870,25822569,2813221,2501437,5869162,4659979,8046908,53604,506861,281,132012567,64185669,10594597,2041441,5569558,844764,712388,237761,529976,538040
147,1,0.9999,0.9998,0.9997,0.9996,0.9995,0.9994,0.9993,0.9992,0.9991,1.0001,1.0002,1.0003,1.0004,1.0005,1.0006,1.0007,1.0008,1.0009,1.001,86280674,25825569,2813221,2501437,5869162,4659979,8046908,53604,506861,281,132039303,64082669,10582854,2041441,5569558,844764,712388,210917,529976,538040
148,1,0.9999,0.9998,0.9997,0.9996,0.9995,0.9994,0.9993,0.9992,0.9991,1.0001,1.0002,1.0003,1.0004,1.0005,1.0006,1.0007,1.0008,1.0009,1.001,86126066,25825569,2813221,2501437,5869162,4659979,8046908,53604,506861,281,131955043,64082669,10591204,2041441,5569558,844764,712388,210917,529976,538040
149,1,0.9999,0.9998,0.9997,0.9996,0.9995,0.9994,0.9993,0.9992,0.9991,1.0001,1.0002,1.0003,1.0004,1.0005,1.0006,1.0007,1.0008,1.0009,1.001,86174516,25848889,2813221,2501437,5869162,4659979,8046908,53604,506861,281,131866399,64082738,10592444,2040029,5569558,844764,712388,210917,529976,538040
150,1,0.9999,0.9998,0.9997,0.9996,0.9995,0.9994,0.9993,0.9992,0.9991,1.0001,1.0002,1.0003,1.0004,1.0005,1.0006,1.0007,1.0008,1.0009,1.001,86157156,25825569,2813221,2501437,5869162,4659979,8046908,53604,506861,281,131834559,64026738,10582854,2040029,5569558,844764,712388,210917,529976,538040
151,1,0.9999,0.9998,0.9997,0.9996,0.9995,0.9994,0.9993,0.9992,0.9991,1.0001,1.0002,1.0003,1.0004,1.0005,1.0006,1.0007,1.0008,1.0009,1.001,86580332,25825569,2813221,2501437,5869162,4659979,8046908,53604,506861,281,131421381,64029738,10590444,2041441,5569558,844764,712388,210917,529976,538040
152,1,0.9999,0.9998,0.9997,0.9996,0.9995,0.9994,0.9993,0.9992,0.9991,1.0001,1.0002,1.0003,1.0004,1.0005,1.0006,1.0007,1.0008,1.0009,1.001,83789634,25856953,2813221,2501437,5869162,4659979,8046908,53604,506861,281,131320445,64021315,10592674,2040029,5569558,844764,712388,210917,529976,538040
153,1,0.9999,0.9998,0.9997,0.9996,0.9995,0.9994,0.9993,0.9992,0.9991,1.0001,1.0002,1.0003,1.0004,1.0005,1.0006,1.0007,1.0008,1.0009,1.001,83778390,25832640,2813221,2501437,5869162,4659979,8046908,53604,506861,281,131290283,63932518,10582775,2041441,5569558,844764,712388,210917,529976,538040
154,1,0.9999,0.9998,0.9997,0.9996,0.9995,0.9994,0.9993,0.9992,0.9991,1.0001,1.0002,1.0003,1.0004,1.0005,1.0006,1.0007,1.0008,1.0009,1.001,83761825,25827422,2813221,2501437,5869162,4659979,8046908,53604,506861,281,131204488,63932518,10593729,2040029,5569558,844764,712388,210917,529976,538040
155,1,0.9999,0.9998,0.9997,0.9996,0.9995,0.9994,0.9993,0.9992,0.9991,1.0001,1.0002,1.0003,1.0004,1.0005,1.0006,1.0007,1.0008,1.0009,1.001,83909254,25830422,2813221,2501437,5869162,4659979,8046908,53604,506861,281,131083333,63932518,10590623,2040029,5569558,844764,712388,210917,529976,538040
156,1,0.9999,0.9998,0.9997,0.9996,0.9995,0.9994,0.9993,0.9992,0.9991,1.0001,1.0002,1.0003,1.0004,1.0005,1.0006,1.0007,1.0008,1.0009,1.001,82682650,26109747,2813221,2501437,5869162,4659979,8046908,53604,506861,281,131062600,63957549,10582775,2041441,5569558,844764,712388,210917,529976,538040
157,1,0.9999,0.9998,0.9997,0.9996,0.9995,0.9994,0.9993,0.9992,0.9991,1.0001,1.0002,1.0003,1.0004,1.0005,1.0006,1.0007,1.0008,1.0009,1.001,82450031,26112682,2813211,2501437,5869162,4659979,8046908,53604,506861,281,131084076,63925278,10582785,2041441,5569558,844764,712388,210917,529976,538040
158,1,0.9999,0.9998,0.9997,0.9996,0.9995,0.9994,0.9993,0.9992,0.9991,1.0001,1.0002,1.0003,1.0004,1.0005,1.0006,1.0007,1.0008,1.0009,1.001,82961057,26154685,2813211,2501437,5869162,4659979,8046908,53604,506861,281,131010233,63922278,10593241,2041441,5569558,844764,712388,210917,529976,538040
159,1,0.9999,0.9998,0.9997,0.9996,0.9995,0.9994,0.9993,0.9992,0.9991,1.0001,1.0002,1.0003,1.0004,1.0005,1.0006,1.0007,1.0008,1.0009,1.001,82930130,26179709,2813211,2501437,5869162,4659979,8046908,53604,506861,281,130900029,63925278,10590192,2040029,5569558,844764,712388,210917,529976,538040
160,1,0.9999,0.9998,0.9997,0.9996,0.9995,0.9994,0.9993,0.9992,0.9991,1.0001,1.0002,1.0003,1.0004,1.0005,1.0006,1.0007,1.0008,1.0009,1.001,82124548,26175852,2813211,2501437,5869162,4659979,8046908,53604,506861,281,130900725,63785128,10594301,2040029,5569558,844764,712388,210917,529976,538040
161,1,0.9999,0.9998,0.9997,0.9996,0.9995,0.9994,0.9993,0.9992,0.9991,1.0001,1.0002,1.0003,1.0004,1.0005,1.0006,1.0007,1.0008,1.0009,1.001,79401679,26154665,2813211,2501437,5869162,4659979,8046908,53604,506861,281,133372867,63782059,10582785,2041441,5569558,844764,712388,210917,529976,538040
162,1,0.9999,0.9998,0.9997,0.9996,0.9995,0.9994,0.9993,0.9992,0.9991,1.0001,1.0002,1.0003,1.0004,1.0005,1.0006,1.0007,1.0008,1.0009,1.001,79456988,26179401,2813211,2501437,5869162,4659979,8046908,53604,506861,281,133486979,63782059,10592129,2041441,5569558,844764,712388,210917,529976,538040
163,1,0.9999,0.9998,0.9997,0.9996,0.9995,0.9994,0.9993,0.9992,0.9991,1.0001,1.0002,1.0003,1.0004,1.0005,1.0006,1.0007,1.0008,1.0009,1.001,79502282,26154744,2813211,2501437,5869162,4659979,8046908,53604,506861,281,133512245,63655059,10593810,2041441,5569558,844764,712388,210917,529976,538040
164,1,0.9999,0.9998,0.9997,0.9996,0.9995,0.9994,0.9993,0.9992,0.9991,1.0001,1.0002,1.0003,1.0004,1.0005,1.0006,1.0007,1.0008,1.0009,1.001,79705945,27192128,2813211,2501437,5869162,4659979,8046908,53604,506861,281,133387304,63502168,10584425,2041441,5569558,844764,712388,210917,529976,538040
165,1,0.9999,0.9998,0.9997,0.9996,0.9995,0.9994,0.9993,0.9992,0.9991,1.0001,1.0002,1.0003,1.0004,1.0005,1.0006,1.0007,1.0008,1.0009,1.001,79750758,27192128,2813211,2501437,5869162,4659979,8046908,53604,506861,281,133477909,63499168,10586692,2041441,5569558,844764,712388,210917,529976,538040
166,1,0.9999,0.9998,0.9997,0.9996,0.9995,0.9994,0.9993,0.9992,0.9991,1.0001,1.0002,1.0003,1.0004,1.0005,1.0006,1.0007,1.0008,1.0009,1.001,79242421,27195137,2813211,2501437,5869162,4659979,8046908,53604,506861,281,134100871,63499151,10585588,2041441,5569558,844764,712388,210917,529976,538040
167,1,0.9999,0.9998,0.9997,0.9996,0.9995,0.9994,0.9993,0.9992,0.9991,1.0001,1.0002,1.0003,1.0004,1.0005,1.0006,1.0007,1.0008,1.0009,1.001,79313336,27219662,2814411,2501437,5869162,4659979,8046908,53604,506861,281,134044532,63499151,10586385,2041441,5569558,844764,712388,210917,529976,538040
168,1,0.9999,0.9998,0.9997,0.9996,0.9995,0.9994,0.9993,0.9992,0.9991,1.0001,1.0002,1.0003,1.0004,1.0005,1.0006,1.0007,1.0008,1.0009,1.001,82385323,24191552,2814396,2501437,5869162,4659979,8046908,53604,506861,281,133884198,63500102,10575669,2043613,5569558,844764,712388,210917,529976,538040
169,1,0.9999,0.9998,0.9997,0.9996,0.9995,0.9994,0.9993,0.9992,0.9991,1.0001,1.0002,1.0003,1.0004,1.0005,1.0006,1.0007,1.0008,1.0009,1.001,82460869,24191564,2814396,2501437,5869162,4659979,8046908,53604,506861,281,133916056,63426402,10583185,2042201,5569558,844764,712388,210917,529976,538040
170,1,0.9999,0.9998,0.9997,0.9996,0.9995,0.9994,0.9993,0.9992,0.9991,1.0001,1.0002,1.0003,1.0004,1.0005,1.0006,1.0007,1.0008,1.0009,1.001,82519021,24191564,2814396,2501437,5869162,4659979,8046908,53604,506861,281,134016898,63426402,10584217,2043613,5569558,844764,712388,210917,529976,538040
171,1,0.9999,0.9998,0.9997,0.9996,0.9995,0.9994,0.9993,0.9992,0.9991,1.0001,1.0002,1.0003,1.0004,1.0005,1.0006,1.0007,1.0008,1.0009,1.001,82528176,24152561,2814396,2501437,5869162,4659979,8046908,53604,506861,281,133944076,63426402,10585810,2043613,5569558,844764,712388,210917,529976,538040
172,1,0.9999,0.9998,0.9997,0.9996,0.9995,0.9994,0.9993,0.9992,0.9991,1.0001,1.0002,1.0003,1.0004,1.0005,1.0006,1.0007,1.0008,1.0009,1.001,82634238,24149561,2814396,2501437,5869162,4659979,8046908,53604,506861,281,133821090,63403402,10588248,2043613,5569558,844764,712388,210917,529976,538040
173,1,0.9999,0.9998,0.9997,0.9996,0.9995,0.9994,0.9993,0.9992,0.9991,1.0001,1.0002,1.0003,1.0004,1.0005,1.0006,1.0007,1.0008,1.0009,1.001,82622264,24152561,2814396,2501437,5869162,4659979,8046908,53604,506861,281,133877078,63403402,10586323,2045092,5569558,844764,712388,210917,529976,538040
174,1,0.9999,0.9998,0.9997,0.9996,0.9995,0.9994,0.9993,0.9992,0.9991,1.0001,1.0002,1.0003,1.0004,1.0005,1.0006,1.0007,1.0008,1.0009,1.001,82619257,24136990,2814396,2501437,5869162,4659979,8046908,53604,506861,281,133793157,63408635,10580501,2045092,5569558,844764,712388,210917,529976,538040
175,1,0.9999,0.9998,0.9997,0.9996,0.9995,0.9994,0.9993,0.9992,0.9991,1.0001,1.0002,1.0003,1.0004,1.0005,1.0006,1.0007,1.0008,1.0009,1.001,82591338,24139990,2814396,2501437,5869162,4659979,8046908,53604,506861,281,133800731,63406233,10571936,2045092,5569558,844764,712388,210917,529976,538040
176,1,0.9999,0.9998,0.9997,0.9996,0.9995,0.9994,0.9993,0.9992,0.9991,1.0001,1.0002,1.0003,1.0004,1.0005,1.0006,1.0007,1.0008,1.0009,1.001,82705397,24136990,2814396,2501437,5869162,4659979,8046908,53604,506861,281,133946266,63309233,10571936,2043680,5569558,844764,712388,210917,529976,538040
177,1,0.9999,0.9998,0.9997,0.9996,0.9995,0.9994,0.9993,0.9992,0.9991,1.0001,1.0002,1.0003,1.0004,1.0005,1.0006,1.0007,1.0008,1.0009,1.001,82561478,24139836,2814396,2501437,5869162,4659979,8046908,53604,506861,281,134096874,63309233,10584508,2045092,5569558,844764,712388,210917,529976,538040
178,1,0.9999,0.9998,0.9997,0.9996,0.9995,0.9994,0.9993,0.9992,0.9991,1.0001,1.0002,1.0003,1.0004,1.0005,1.0006,1.0007,1.0008,1.0009,1.001,82614155,24136836,2814396,2501437,5869162,4659979,8046908,53604,506861,281,134002278,63309233,10572015,2043680,5569458,844764,712388,210917,529976,538040
179,1,0.9999,0.9998,0.9997,0.9996,0.9995,0.9994,0.9993,0.9992,0.9991,1.0001,1.0002,1.0003,1.0004,1.0005,1.0006,1.0007,1.0008,1.0009,1.001,82465894,24136836,2814396,2501437,5869162,4659979,8046908,53604,506861,281,134124919,63309233,10584386,2043680,5569458,844764,712388,210917,529976,538040
180,1,0.9999,0.9998,0.9997,0.9996,0.9995,0.9994,0.9993,0.9992,0.9991,1.0001,1.0002,1.0003,1.0004,1.0005,1.0006,1.0007,1.0008,1.0009,1.001,82042835,24136836,2814396,2501437,5869162,4659979,8046908,53604,506861,281,134541758,63306233,10583051,2043680,5569458,844764,712388,210917,529976,538040
181,1,0.9999,0.9998,0.9997,0.9996,0.9995,0.9994,0.9993,0.9992,0.9991,1.0001,1.0002,1.0003,1.0004,1.0005,1.0006,1.0007,1.0008,1.0009,1.001,82122466,24178839,2814396,2501437,5864422,4659979,8046908,53604,506861,281,134448498,63309233,10580839,2045092,5569458,844764,712388,210917,529976,538040
182,1,0.9999,0.9998,0.9997,0.9996,0.9995,0.9994,0.9993,0.9992,0.9991,1.0001,1.0002,1.0003,1.0004,1.0005,1.0006,1.0007,1.0008,1.0009,1.001,81901007,24181839,2814396,2501437,5869162,4659979,8046908,53604,506861,281,134670162,63309233,10580823,2043680,5569458,844764,712388,210917,529976,538040
183,1,0.9999,0.9998,0.9997,0.9996,0.9995,0.9994,0.9993,0.9992,0.9991,1.0001,1.0002,1.0003,1.0004,1.0005,1.0006,1.0007,1.0008,1.0009,1.001,83042073,24181839,2814396,2501437,5869162,4659979,8046908,53604,506861,281,133823923,63309233,10582388,2045092,5569458,844764,712388,210917,529976,538040
184,1,0.9999,0.9998,0.9997,0.9996,0.9995,0.9994,0.9993,0.9992,0.9991,1.0001,1.0002,1.0003,1.0004,1.0005,1.0006,1.0007,1.0008,1.0009,1.001,83621120,24181769,2814396,2501437,5869162,4659979,8046908,53604,506861,281,133737407,63306233,10580483,2043680,5569458,844764,712388,210917,529976,538040
185,1,0.9999,0.9998,0.9997,0.9996,0.9995,0.9994,0.9993,0.9992,0.9991,1.0001,1.0002,1.0003,1.0004,1.0005,1.0006,1.0007,1.0008,1.0009,1.001,83593891,24178769,2814396,2501437,5869162,4659979,8046908,53604,506861,281,133865863,63338233,10571936,2043680,5569458,844764,712388,210917,529976,538040
186,1,0.9999,0.9998,0.9997,0.9996,0.9995,0.9994,0.9993,0.9992,0.9991,1.0001,1.0002,1.0003,1.0004,1.0005,1.0006,1.0007,1.0008,1.0009,1.001,83626445,26258977,2814396,2501437,5869162,4659979,8046908,53604,506861,281,133779912,63338233,10579377,2045092,5569458,844764,712388,210917,529976,538040
187,1,0.9999,0.9998,0.9997,0.9996,0.9995,0.9994,0.9993,0.9992,0.9991,1.0001,1.0002,1.0003,1.0004,1.0005,1.0006,1.0007,1.0008,1.0009,1.001,83591332,26259305,2814396,2501437,5869162,4659979,8046908,53604,506861,281,133795830,63338233,10571936,2045092,5569458,844764,712388,210917,529976,538040
188,1,0.9999,0.9998,0.9997,0.9996,0.9995,0.9994,0.9993,0.9992,0.9991,1.0001,1.0002,1.0003,1.0004,1.0005,1.0006,1.0007,1.0008,1.0009,1.001,83660541,26261977,2814396,2501437,5869162,4659979,8046908,53604,506861,281,133935488,63237282,10584747,2045092,5569458,844764,712388,210917,529976,538040
189,1,0.9999,0.9998,0.9997,0.9996,0.9995,0.9994,0.9993,0.9992,0.9991,1.0001,1.0002,1.0003,1.0004,1.0005,1.0006,1.0007,1.0008,1.0009,1.001,84108279,26261977,2814396,2501437,5869162,4659979,8046908,53604,506861,281,133288718,63237282,10583724,2043680,5569458,844764,712388,210917,529976,538040
190,1,0.9999,0.9998,0.9997,0.9996,0.9995,0.9994,0.9993,0.9992,0.9991,1.0001,1.0002,1.0003,1.0004,1.0005,1.0006,1.0007,1.0008,1.0009,1.001,84106456,26258977,2821673,2501437,5869162,4659979,8046908,53604,506861,281,133412578,63237282,10581096,2045092,5569458,844764,712388,210917,529976,538040
191,1,0.9999,0.9998,0.9997,0.9996,0.9995,0.9994,0.9993,0.9992,0.9991,1.0001,1.0002,1.0003,1.0004,1.0005,1.0006,1.0007,1.0008,1.0009,1.001,84068936,26261977,2821673,2501437,5869162,4659979,8046908,53604,506861,281,133287481,63237282,10581156,2045092,5569458,844764,712388,210917,529976,538040
192,1,0.9999,0.9998,0.9997,0.9996,0.9995,0.9994,0.9993,0.9992,0.9991,1.0001,1.0002,1.0003,1.0004,1.0005,1.0006,1.0007,1.0008,1.0009,1.001,85236987,25241945,2821673,2501437,5869162,4659979,8046908,53604,506861,281,133397060,63237282,10583767,2045092,5569458,844764,712388,210917,529976,538040
193,1,0.9999,0.9998,0.9997,0.9996,0.9995,0.9994,0.9993,0.9992,0.9991,1.0001,1.0002,1.0003,1.0004,1.0005,1.0006,1.0007,1.0008,1.0009,1.001,85328946,25221603,2821683,2501437,5869162,4659979,8046908,53604,506861,281,133251770,63234282,10579957,2043680,5569458,844764,712388,210917,529976,538040
194,1,0.9999,0.9998,0.9997,0.9996,0.9995,0.9994,0.9993,0.9992,0.9991,1.0001,1.0002,1.0003,1.0004,1.0005,1.0006,1.0007,1.0008,1.0009,1.001,85317956,25244755,2821683,2501437,5869162,4659979,8046908,53604,506861,281,133280940,63237282,10579477,2043680,5569458,844764,712388,210917,529976,538040
195,1,0.9999,0.9998,0.9997,0.9996,0.9995,0.9994,0.9993,0.9992,0.9991,1.0001,1.0002,1.0003,1.0004,1.0005,1.0006,1.0007,1.0008,1.0009,1.001,85229086,25221603,2821683,2501437,5869162,4659979,8046908,53604,506861,281,133383422,63234272,10584282,2045092,5569458,844764,712388,210917,529976,538040
196,1,0.9999,0.9998,0.9997,0.9996,0.9995,0.9994,0.9993,0.9992,0.9991,1.0001,1.0002,1.0003,1.0004,1.0005,1.0006,1.0007,1.0008,1.0009,1.001,85394524,25221521,2821683,2501437,5869162,4659979,8046908,53604,506861,281,133182477,63241355,10572015,2043680,5569458,844764,712388,210917,529976,538040
197,1,0.9999,0.9998,0.9997,0.9996,0.9995,0.9994,0.9993,0.9992,0.9991,1.0001,1.0002,1.0003,1.0004,1.0005,1.0006,1.0007,1.0008,1.0009,1.001,85365003,25218521,2821683,2501437,5869162,4659979,8046908,53604,506861,281,133261849,63237272,10580731,2043680,5569458,844764,712388,210917,529976,538040
198,1,0.9999,0.9998,0.9997,0.9996,0.9995,0.9994,0.9993,0.9992,0.9991,1.0001,1.0002,1.0003,1.0004,1.0005,1.0006,1.0007,1.0008,1.0009,1.001,85315680,25244915,2821683,2501437,5869162,4659979,8046908,53604,506861,281,133328195,63237272,10581149,2043680,5569458,844764,712388,210917,529976,538040
199,1,0.9999,0.9998,0.9997,0.9996,0.9995,0.9994,0.9993,0.9992,0.9991,1.0001,1.0002,1.0003,1.0004,1.0005,1.0006,1.0007,1.0008,1.0009,1.001,84916814,25241996,2821683,2501437,5869162,4659979,8046908,53604,506861,281,133503173,63237272,10583333,2043680,5569458,844764,712388,210917,529976,538040
200,1,0.9999,0.9998,0.9997,0.9996,0.9995,0.9994,0.9993,0.9992,0.9991,1.0001,1.0002,1.0003,1.0004,1.0005,1.0006,1.0007,1.0008,1.0009,1.001,85016496,25221521,2821683,2501437,5869162,4659979,8046908,53604,506861,281,133369830,63237272,10583888,2043680,5569458,844764,712388,210917,529976,538040
201,1,0.9999,0.9998,0.9997,0.9996,0.9995,0.9994,0.9993,0.9992,0.9991,1.0001,1.0002,1.0003,1.0004,1.0005,1.0006,1.0007,1.0008,1.0009,1.001,85209577,25218521,2821683,2501437,5869162,4659979,8046908,53604,506861,281,133410200,63237272,10584860,2043680,5569458,844764,712388,210917,529976,538040
202,1,0.9999,0.9998,0.9997,0.9996,0.9995,0.9994,0.9993,0.9992,0.9991,1.0001,1.0002,1.0003,1.0004,1.0005,1.0006,1.0007,1.0008,1.0009,1.001,85254393,25218521,2821683,2501437,5869162,4659979,8046908,53604,506861,281,133332444,63237272,10583174,2045092,5569458,844764,712388,210917,529976,538040
203,1,0.9999,0.9998,0.9997,0.9996,0.9995,0.9994,0.9993,0.9992,0.9991,1.0001,1.0002,1.0003,1.0004,1.0005,1.0006,1.0007,1.0008,1.0009,1.001,85267479,25221521,2821683,2501437,5869162,4659979,8046908,53604,506861,281,133250096,63237272,10580070,2043680,5569458,844764,712388,210917,529976,538040
204,1,0.9999,0.9998,0.9997,0.9996,0.9995,0.9994,0.9993,0.9992,0.9991,1.0001,1.0002,1.0003,1.0004,1.0005,1.0006,1.0007,1.0008,1.0009,1.001,85291667,25221521,2821683,2501437,5869162,4659979,8046908,53604,506861,281,133162486,63234272,10583053,2045092,5569458,844764,712388,210917,529976,538040
205,1,0.9999,0.9998,0.9997,0.9996,0.9995,0.9994,0.9993,0.9992,0.9991,1.0001,1.0002,1.0003,1.0004,1.0005,1.0006,1.0007,1.0008,1.0009,1.001,85368189,25221521,2821683,2501437,5869162,4659979,8046908,53604,506861,281,133250930,63234272,10584288,2043680,5569458,844764,712388,210917,529976,538040
206,1,0.9999,0.9998,0.9997,0.9996,0.9995,0.9994,0.9993,0.9992,0.9991,1.0001,1.0002,1.0003,1.0004,1.0005,1.0006,1.0007,1.0008,1.0009,1.001,85337689,25218521,2821683,2501437,5869162,4659979,8046908,53604,506861,281,133369521,63237272,10582013,2043680,5569458,844764,712388,210917,529976,538040
207,1,0.9999,0.9998,0.9997,0.9996,0.9995,0.9994,0.9993,0.9992,0.9991,1.0001,1.0002,1.0003,1.0004,1.0005,1.0006,1.0007,1.0008,1.0009,1.001,84467860,25221596,2821683,2501437,5869162,4659979,8046908,53604,506861,281,134203052,63234272,10572015,2043680,5569458,844764,712388,210917,529976,538040
208,1,0.9999,0.9998,0.9997,0.9996,0.9995,0.9994,0.9993,0.9992,0.9991,1.0001,1.0002,1.0003,1.0004,1.0005,1.0006,1.0007,1.0008,1.0009,1.001,84422465,25246803,2821683,2501437,5869162,4659979,8046908,53604,506861,281,134041504,63244526,10571936,2043680,5569458,844764,712388,210917,529976,538040
209,1,0.9999,0.9998,0.9997,0.9996,0.9995,0.9994,0.9993,0.9992,0.9991,1.0001,1.0002,1.0003,1.0004,1.0005,1.0006,1.0007,1.0008,1.0009,1.001,84387462,25246101,2821683,2501437,5869162,4659979,8046908,53604,506861,281,134174142,63234272,10583823,2043680,5569458,844764,712388,210917,529976,538040
210,1,0.9999,0.9998,0.9997,0.9996,0.9995,0.9994,0.9993,0.9992,0.9991,1.0001,1.0002,1.0003,1.0004,1.0005,1.0006,1.0007,1.0008,1.0009,1.001,84415957,25218676,2821683,2501437,5869162,4659979,8046908,53604,506861,281,138749630,58539871,10581810,2043680,5569458,844764,712388,210917,529976,538040
211,1,0.9999,0.9998,0.9997,0.9996,0.9995,0.9994,0.9993,0.9992,0.9991,1.0001,1.0002,1.0003,1.0004,1.0005,1.0006,1.0007,1.0008,1.0009,1.001,84469667,25221676,2821683,2501437,5869162,4659979,8046908,53604,506861,281,138638553,58539871,10584248,2043680,5569458,844764,712388,210917,529976,538040
212,1,0.9999,0.9998,0.9997,0.9996,0.9995,0.9994,0.9993,0.9992,0.9991,1.0001,1.0002,1.0003,1.0004,1.0005,1.0006,1.0007,1.0008,1.0009,1.001,84555747,25218676,2821683,2501437,5869162,4659979,8046908,53604,506861,281,138502723,58539871,10584710,2045092,5569458,844764,712388,210917,529976,538040
213,1,0.9999,0.9998,0.9997,0.9996,0.9995,0.9994,0.9993,0.9992,0.9991,1.0001,1.0002,1.0003,1.0004,1.0005,1.0006,1.0007,1.0008,1.0009,1.001,84694804,25218676,2821683,2501437,5869162,4659979,8046908,53604,506861,281,138522173,58539871,10571936,2043680,5569458,844764,712388,210917,529976,538040
214,1,0.9999,0.9998,0.9997,0.9996,0.9995,0.9994,0.9993,0.9992,0.9991,1.0001,1.0002,1.0003,1.0004,1.0005,1.0006,1.0007,1.0008,1.0009,1.001,84808297,25218676,2821683,2501437,5869162,4659979,8046908,53604,506861,281,138401989,58546992,10571936,2043680,5569458,844764,712388,210917,529976,538040
215,1,0.9999,0.9998,0.9997,0.9996,0.9995,0.9994,0.9993,0.9992,0.9991,1.0001,1.0002,1.0003,1.0004,1.0005,1.0006,1.0007,1.0008,1.0009,1.001,84594127,25221676,2821683,2498827,5869162,4662589,8046908,53604,506861,281,139049776,58536871,10582347,2045092,5569458,844764,712388,210917,529976,538040
216,1,0.9999,0.9998,0.9997,0.9996,0.9995,0.9994,0.9993,0.9992,0.9991,1.0001,1.0002,1.0003,1.0004,1.0005,1.0006,1.0007,1.0008,1.0009,1.001,83572309,25221676,2821683,2498827,5869162,4662589,8046908,53604,506861,281,140093749,58539871,10580092,2045092,5569458,844764,712388,210917,529976,538040
217,1,0.9999,0.9998,0.9997,0.9996,0.9995,0.9994,0.9993,0.9992,0.9991,1.0001,1.0002,1.0003,1.0004,1.0005,1.0006,1.0007,1.0008,1.0009,1.001,83805276,25221676,2821683,2498827,5869162,4662589,8046908,53604,506861,281,139729299,58536791,10582276,2045092,5569458,844764,712388,210917,529976,538040
