timestamp,bid_price_0,bid_price_1,bid_price_2,bid_price_3,bid_price_4,bid_price_5,bid_price_6,bid_price_7,bid_price_8,bid_price_9,ask_price_0,ask_price_1,ask_price_2,ask_price_3,ask_price_4,ask_price_5,ask_price_6,ask_price_7,ask_price_8,ask_price_9,bid_size_0,bid_size_1,bid_size_2,bid_size_3,bid_size_4,bid_size_5,bid_size_6,bid_size_7,bid_size_8,bid_size_9,ask_size_0,ask_size_1,ask_size_2,ask_size_3,ask_size_4,ask_size_5,ask_size_6,ask_size_7,ask_size_8,ask_size_9
0,0.0291,0.02909,0.02908,0.02906,0.02905,0.02904,0.02903,0.02902,0.02901,0.029,0.02913,0.02914,0.02915,0.02916,0.02918,0.02919,0.0292,0.02921,0.02922,0.02923,9662,12888,9017,32317,5471,136404,2424,27289,34264,12879,3390,6371,9023,35784,2424,3970,41926,2424,2424,48856
1,0.0291,0.02909,0.02908,0.02906,0.02905,0.02904,0.02903,0.02902,0.029,0.02899,0.02911,0.02912,0.02913,0.02915,0.02916,0.02917,0.02919,0.0292,0.02921,0.02922,211,9154,9517,34001,5471,64356,79089,27289,2424,3968,3390,2924,12888,8073,5146,35544,2424,6443,5398,2424
2,0.0291,0.02909,0.02908,0.02906,0.02905,0.02904,0.02903,0.02902,0.029,0.02899,0.02912,0.02913,0.02915,0.02916,0.02917,0.02918,0.02919,0.0292,0.02921,0.02922,6879,13165,9017,54371,47819,54778,107711,4995,26276,2424,5084,500,2424,5146,10565,34715,4665,4202,5398,2424
3,0.02909,0.02908,0.02906,0.02905,0.02904,0.02903,0.02902,0.029,0.02899,0.02898,0.02911,0.02912,0.02915,0.02916,0.02917,0.02918,0.02919,0.0292,0.02921,0.02922,2424,26860,33215,5471,63431,106764,4995,66664,2424,71871,2424,5584,8528,5146,35087,33556,4665,2424,7822,2424
4,0.0291,0.02909,0.02908,0.02906,0.02905,0.02904,0.02903,0.02902,0.029,0.02899,0.02912,0.02915,0.02916,0.02917,0.02918,0.02919,0.0292,0.02921,0.02922,0.02923,2424,9303,26860,50930,5471,63727,75876,45696,26276,2424,9753,2424,5146,10440,34038,10063,34112,2424,2424,48856
5,0.02911,0.0291,0.02909,0.02908,0.02907,0.02906,0.02905,0.02904,0.02903,0.02902,0.02912,0.02913,0.02914,0.02915,0.02916,0.02918,0.02919,0.0292,0.02921,0.02922,2424,19765,9803,19767,54708,2424,48053,81077,2424,27289,4585,2924,2424,12888,5146,3970,8919,10063,2424,2424
6,0.02911,0.0291,0.02909,0.02908,0.02906,0.02905,0.02904,0.02903,0.02902,0.02901,0.02912,0.02913,0.02914,0.02915,0.02916,0.02918,0.02919,0.0292,0.02921,0.02922,2424,9301,9803,19767,2424,48053,170610,2424,89801,3969,9072,500,2424,12888,5146,3969,9135,4665,2424,7822
7,0.02909,0.02908,0.02906,0.02905,0.02904,0.02903,0.02902,0.029,0.02899,0.02896,0.0291,0.02911,0.02912,0.02914,0.02915,0.02916,0.02917,0.02918,0.02919,0.0292,9306,27147,33981,15743,146510,2424,36850,2424,74252,2945,7153,9180,7859,8096,12888,38290,2424,4665,7822,2424
8,0.0291,0.02909,0.02908,0.02906,0.02905,0.02904,0.02903,0.02902,0.029,0.02899,0.02911,0.02912,0.02913,0.02914,0.02915,0.02916,0.02917,0.02918,0.02919,0.0292,9303,20270,19768,60593,5471,65836,66696,4995,26277,2424,5225,2424,500,7089,12888,5146,2424,68148,2424,10063
9,0.0291,0.02909,0.02908,0.02906,0.02905,0.02904,0.02903,0.02902,0.029,0.02899,0.02912,0.02913,0.02914,0.02915,0.02916,0.02918,0.02919,0.0292,0.02922,0.02923,9303,20270,19768,59942,5471,50236,66696,4995,26277,2424,8952,500,2424,12888,5146,3969,9159,10063,2424,22424
10,0.02909,0.02908,0.02906,0.02905,0.02904,0.02903,0.02902,0.02901,0.029,0.02899,0.02911,0.02912,0.02914,0.02915,0.02916,0.02917,0.02918,0.02919,0.0292,0.02921,19770,20268,83722,5471,49754,66696,4995,11987,26277,2424,8674,2924,7584,12888,5146,3968,71232,2424,10063,2424
11,0.02918,0.02917,0.02916,0.02915,0.02914,0.02913,0.02912,0.02911,0.0291,0.02909,0.02919,0.0292,0.02921,0.02922,0.02923,0.02924,0.02927,0.02928,0.02929,0.0293,500,2424,2924,6545,9291,2424,9296,12350,54906,118480,8939,8490,4169,2424,66737,2424,4665,35813,20838,2424
12,0.02915,0.02914,0.02913,0.02912,0.02911,0.0291,0.02909,0.02907,0.02906,0.02905,0.02918,0.0292,0.02921,0.02923,0.02924,0.02925,0.02926,0.02927,0.02928,0.02929,2424,9791,6743,42076,22734,65356,35841,34299,4963,3980,11705,2424,6593,2424,4665,3981,2424,7822,2424,4974
13,0.02915,0.02914,0.02913,0.02912,0.02911,0.0291,0.02909,0.02907,0.02906,0.02905,0.02918,0.0292,0.02921,0.02923,0.02924,0.02925,0.02928,0.02929,0.0293,0.02931,2424,9291,6650,9296,37013,92696,22424,23709,4963,3980,13796,2424,6593,2424,11620,34002,2424,4974,28856,22424
14,0.02926,0.02925,0.02924,0.02923,0.02922,0.02921,0.02919,0.02917,0.02916,0.02914,0.02927,0.02928,0.02933,0.02934,0.02935,0.02936,0.02937,0.02939,0.0294,0.02941,2997,23512,2924,8434,6854,36763,153808,2424,4003,69723,8681,4030,2424,5530,36860,10063,5484,28856,8758,2424
15,0.02925,0.02923,0.02922,0.02921,0.0292,0.02919,0.02918,0.02917,0.02916,0.02915,0.02928,0.02929,0.02931,0.02935,0.02936,0.02937,0.02939,0.0294,0.02941,0.02942,20500,2424,9262,7622,137732,48490,36677,2424,18327,11855,9759,14426,2424,2424,6247,10882,1527,2424,2424,5006
16,0.0293,0.02929,0.02928,0.02927,0.02926,0.02925,0.02924,0.02923,0.02922,0.02921,0.02933,0.02934,0.02936,0.02937,0.02938,0.02939,0.0294,0.02941,0.02942,0.02943,3537,6838,10464,17304,32349,22424,72523,53146,47704,6617,14286,2908,2424,5484,5246,39522,2424,7822,22424,3796
17,0.0293,0.02929,0.02928,0.02927,0.02926,0.02925,0.02924,0.02923,0.02922,0.02921,0.02932,0.02933,0.02934,0.02935,0.02936,0.02937,0.02938,0.02939,0.0294,0.02941,2543,17796,10464,9264,12888,63134,68280,44686,2424,36620,6198,500,2424,12888,12888,5484,2424,7769,36505,7822
18,0.02929,0.02928,0.02927,0.02926,0.02925,0.02924,0.02923,0.02922,0.02921,0.0292,0.02931,0.02932,0.02934,0.02935,0.02936,0.02937,0.02938,0.02939,0.0294,0.02941,2993,17796,9264,45976,60360,2424,43339,39642,5038,2424,5607,500,2424,12888,12888,6828,37459,4665,2424,7822
19,0.0293,0.02928,0.02927,0.02926,0.02925,0.02924,0.02923,0.02922,0.02921,0.0292,0.02932,0.02934,0.02935,0.02936,0.02937,0.02938,0.02939,0.0294,0.02941,0.02942,500,6651,6840,12888,36034,54556,36657,52333,5038,2424,8395,2424,12888,2424,5484,4665,5529,41432,2424,25015
20,0.02922,0.02921,0.02919,0.02918,0.02917,0.02916,0.02915,0.02914,0.02913,0.02912,0.02924,0.02925,0.02926,0.02927,0.02928,0.02929,0.0293,0.02931,0.02932,0.02933,3402,2924,9273,7060,42871,5471,38448,124329,2424,3985,8737,500,2424,12888,12888,2424,6226,7822,38794,2424
21,0.02926,0.02925,0.02924,0.02923,0.02922,0.02921,0.0292,0.02918,0.02917,0.02916,0.02929,0.02933,0.02934,0.02935,0.02936,0.02937,0.0294,0.02942,0.02943,0.02945,1850,17804,12888,75651,2424,67035,48141,22424,85312,69951,5670,2424,2424,5436,44350,25484,2551,2424,2424,6220
22,0.02925,0.02924,0.02923,0.02922,0.02921,0.0292,0.02919,0.02918,0.02917,0.02916,0.02929,0.0293,0.02934,0.02935,0.02936,0.02937,0.02938,0.02939,0.0294,0.02943,7110,6847,38588,2424,9273,44972,24315,22424,51214,2424,6572,9189,8277,5520,39480,5484,2424,22424,4975,2424
23,0.02925,0.02924,0.02923,0.02922,0.02921,0.0292,0.02919,0.02918,0.02917,0.02916,0.02929,0.0293,0.02931,0.02932,0.02933,0.02934,0.02935,0.02936,0.02937,0.02938,17074,6622,40002,5471,43226,2424,71494,22424,34723,2424,8275,3724,12888,12888,15470,14458,2424,41181,5484,28856
24,0.02929,0.02928,0.02927,0.02926,0.02925,0.02924,0.02923,0.02922,0.02921,0.0292,0.02932,0.02933,0.02934,0.02936,0.02937,0.02938,0.02939,0.0294,0.02942,0.02943,9728,2424,11448,48711,6610,35200,101094,2424,43855,26603,8861,5290,2424,2424,5484,2424,5529,42748,2424,22424
25,0.0293,0.02929,0.02928,0.02927,0.02926,0.02925,0.02924,0.02923,0.02921,0.0292,0.02932,0.02936,0.02937,0.02938,0.02939,0.0294,0.02941,0.02942,0.02943,0.02944,1850,19692,2924,9228,15935,42347,2424,120330,2424,26603,8635,2424,5484,3855,35229,4665,2424,7822,22424,4991
26,0.02927,0.02926,0.02925,0.02924,0.02923,0.02922,0.02921,0.0292,0.02919,0.02918,0.02929,0.0293,0.02931,0.02932,0.02934,0.02935,0.02936,0.02937,0.0294,0.02941,6804,2924,9034,5411,21218,59421,5471,86029,28768,32680,4495,2924,5259,4717,5702,23997,2424,7725,7822,5008
27,0.02927,0.02926,0.02925,0.02923,0.02922,0.02921,0.0292,0.02919,0.02918,0.02916,0.02929,0.0293,0.02931,0.02932,0.02933,0.02936,0.02937,0.02938,0.0294,0.02941,20192,19692,9034,6297,102628,31063,43806,31063,23997,2424,6186,2424,2924,4717,22424,2424,9297,7822,2424,5008
28,0.02927,0.02926,0.02925,0.02924,0.02923,0.02922,0.02921,0.0292,0.02919,0.02918,0.02929,0.0293,0.02931,0.02932,0.02933,0.02936,0.02937,0.02938,0.0294,0.02941,2424,20192,9034,2810,21745,41205,83956,33634,79047,2424,6038,4661,2424,4717,22424,2424,9297,7822,2424,5008
29,0.02925,0.02924,0.02923,0.02922,0.02921,0.0292,0.02919,0.02918,0.02917,0.02916,0.02926,0.02927,0.02928,0.02929,0.02931,0.02932,0.02933,0.02935,0.02936,0.02937,18702,16285,12888,44720,8367,113176,41071,30808,2424,12819,5420,5093,2924,8462,2424,6720,52853,4665,7822,8031
30,0.02927,0.02926,0.02925,0.02924,0.02923,0.02922,0.02921,0.0292,0.02919,0.02918,0.02928,0.0293,0.02933,0.02934,0.02935,0.02936,0.02937,0.0294,0.02941,0.02944,18697,16279,12888,62017,15935,36893,33409,68616,53409,2542,10597,2924,2424,5254,26234,32972,5484,7822,5029,28856
31,0.02928,0.02927,0.02926,0.02925,0.02924,0.02923,0.02922,0.02921,0.0292,0.02919,0.0293,0.02931,0.02932,0.02934,0.02935,0.02936,0.02937,0.0294,0.02941,0.02942,15857,13388,12888,36234,5311,93660,4997,12443,36713,2424,11366,6100,8454,2424,22424,2424,7725,1574,2424,7822
32,0.02925,0.02924,0.02923,0.02922,0.02921,0.0292,0.02919,0.02918,0.02916,0.02915,0.02926,0.02927,0.02928,0.02932,0.02933,0.02934,0.02935,0.02936,0.02937,0.02939,18295,18789,4379,25854,42236,22424,83749,39189,10267,2424,14667,2424,7714,2424,7358,40829,22424,2424,5484,2424
33,0.02926,0.02925,0.02924,0.02923,0.02922,0.02921,0.0292,0.02919,0.02918,0.02916,0.02928,0.02929,0.02931,0.02933,0.02934,0.02935,0.02936,0.02937,0.02939,0.0294,19076,18795,12888,5127,89727,2424,86817,39722,2424,23757,11091,2924,7214,2424,34724,2424,4665,30882,2424,4988
34,0.02926,0.02925,0.02924,0.02923,0.02922,0.02921,0.0292,0.02919,0.02918,0.02915,0.02927,0.02928,0.02929,0.02931,0.02934,0.02935,0.02936,0.02937,0.02939,0.0294,19076,18795,12888,28198,41090,5505,80325,40587,2424,3993,8895,11266,500,2424,7329,38705,40422,25484,28856,4988
35,0.02926,0.02925,0.02924,0.02923,0.02922,0.02921,0.0292,0.02919,0.02918,0.02915,0.02927,0.02928,0.02929,0.02933,0.02934,0.02935,0.02936,0.02937,0.02939,0.0294,19076,18795,12888,30243,41531,2424,115911,4968,2424,3993,11035,7214,500,2424,38329,43882,4665,25484,2424,4988
36,0.02926,0.02925,0.02924,0.02923,0.02922,0.02921,0.0292,0.02919,0.02918,0.02915,0.02927,0.02928,0.02929,0.02933,0.02934,0.02935,0.02936,0.02937,0.02939,0.0294,11891,13388,14959,62226,5471,37048,79851,4968,33267,3993,10856,7214,500,2424,7094,42338,4665,25484,2424,4988
37,0.02924,0.02923,0.02922,0.02921,0.0292,0.02919,0.02918,0.02915,0.02914,0.02912,0.02926,0.02927,0.02932,0.02933,0.02934,0.02935,0.02936,0.02937,0.02939,0.0294,15943,2924,2424,5279,96983,108086,10044,2424,40501,68368,11707,12659,7268,71886,2424,7822,28856,25484,2424,4988
38,0.02923,0.02922,0.02921,0.0292,0.02919,0.02918,0.02917,0.02916,0.02915,0.02914,0.02924,0.02925,0.02926,0.0293,0.02931,0.02933,0.02936,0.02937,0.02939,0.0294,499,15944,2924,22424,2424,5471,3375,72759,4991,49429,14377,14199,8976,2424,42280,2424,28856,25484,2424,4988
39,0.02924,0.02923,0.02922,0.02921,0.0292,0.02919,0.02918,0.02915,0.02914,0.02912,0.02925,0.02926,0.02927,0.02932,0.02933,0.02934,0.02935,0.02936,0.02937,0.02939,16440,16445,12888,5152,25471,71522,12580,4991,40498,2424,11676,2424,500,5403,6229,2424,27822,2424,5484,2424
40,0.02923,0.02922,0.02921,0.0292,0.02919,0.02918,0.02917,0.02916,0.02915,0.02914,0.02925,0.02926,0.02927,0.02931,0.02932,0.02933,0.02934,0.02935,0.02936,0.02937,21909,15320,18071,18073,74745,2424,39034,53183,4991,36465,6292,2424,500,2424,7126,4665,2424,7822,24975,5484
41,0.02924,0.02923,0.02922,0.02921,0.0292,0.02919,0.02918,0.02917,0.02916,0.02915,0.02925,0.02926,0.0293,0.02931,0.02932,0.02933,0.02934,0.02935,0.02936,0.02937,2424,21834,13388,18071,18073,124795,73992,38623,22424,4991,6156,2924,600,2424,6966,10063,2424,2424,24975,5484
42,0.02922,0.02921,0.0292,0.02919,0.02918,0.02917,0.02916,0.02915,0.02914,0.02913,0.02924,0.02925,0.02926,0.0293,0.02931,0.02932,0.02933,0.02935,0.02936,0.02937,8127,18571,12888,41604,81158,38623,69757,4991,33709,11039,9308,8495,2424,3984,4665,8077,77697,2424,14453,25484
43,0.02922,0.02921,0.0292,0.02919,0.02918,0.02917,0.02916,0.02915,0.02914,0.02913,0.02924,0.02925,0.0293,0.02931,0.02932,0.02933,0.02935,0.02936,0.02937,0.02938,13461,18571,12888,61158,3415,122661,12682,4991,22424,1561,7233,3524,2424,9508,35673,7822,2424,4975,25484,2424
44,0.0292,0.02919,0.02918,0.02917,0.02916,0.02915,0.02914,0.02913,0.02912,0.02911,0.02922,0.02923,0.02924,0.02928,0.02929,0.0293,0.02931,0.02932,0.02934,0.02935,18678,2924,21476,5471,3330,62767,63176,2424,24629,2424,6367,10817,7233,3981,8077,46374,2424,2424,28856,22424
45,0.02922,0.02921,0.0292,0.02919,0.02918,0.02917,0.02916,0.02915,0.02914,0.02913,0.02924,0.02925,0.02929,0.0293,0.02931,0.02932,0.02933,0.02934,0.02935,0.02936,10464,18538,16766,763,38495,86505,38495,4991,22424,12974,9004,500,7503,32964,3985,4665,2424,7822,22424,4975
46,0.02921,0.0292,0.02918,0.02917,0.02916,0.02915,0.02914,0.02912,0.02911,0.0291,0.02922,0.02923,0.02924,0.02928,0.02929,0.0293,0.02931,0.02933,0.02934,0.02935,10464,17266,23901,5471,39978,63986,89644,2424,12729,26203,9289,8185,9503,3984,7996,10063,38995,2424,28856,22424
47,0.02915,0.02914,0.02913,0.02912,0.02911,0.0291,0.02909,0.02908,0.02907,0.02906,0.02917,0.02918,0.02919,0.0292,0.02921,0.02923,0.02924,0.02925,0.02929,0.0293,12888,8080,16155,5471,3243,73974,2424,84383,51267,12518,9180,9659,2424,5560,2424,9269,10063,33096,2424,28856
48,0.02911,0.0291,0.02908,0.02907,0.02906,0.02905,0.02904,0.02903,0.02902,0.02901,0.02914,0.02915,0.02916,0.02917,0.02918,0.02919,0.0292,0.02921,0.02922,0.02923,32295,12888,11964,26556,82665,100656,16793,2424,15507,3965,7290,9955,9436,2424,10475,7684,35172,42798,17362,2424
49,0.02917,0.02915,0.02914,0.02913,0.02912,0.02911,0.0291,0.02909,0.02908,0.02907,0.02922,0.02924,0.02925,0.02927,0.02928,0.02929,0.02931,0.02932,0.02933,0.02934,18405,3387,32080,38247,133120,69321,4966,18320,2424,80227,23268,12052,2424,7806,3980,41159,2424,2424,28856,40811
50,0.02916,0.02915,0.02914,0.02913,0.02912,0.02911,0.0291,0.02909,0.02907,0.02906,0.02919,0.0292,0.02922,0.02923,0.02924,0.02925,0.02926,0.02927,0.02931,0.02932,6026,18409,3506,2424,5471,80557,4966,67892,3977,11932,5823,500,2424,12888,5692,2424,9444,41198,2424,22424
51,0.02916,0.02915,0.02913,0.02912,0.02911,0.0291,0.02909,0.02908,0.02906,0.02905,0.02919,0.0292,0.02922,0.02923,0.02924,0.02925,0.02926,0.02927,0.02928,0.02929,16490,18409,70998,5471,78141,15349,36763,2424,3976,69650,4827,2924,2424,12888,5692,2424,8037,6217,7822,2424
52,0.02916,0.02915,0.02914,0.02913,0.02912,0.02911,0.0291,0.02909,0.02908,0.02906,0.0292,0.02921,0.02922,0.02923,0.02924,0.02926,0.02927,0.02931,0.02932,0.02933,22691,12888,5471,2424,74088,12764,4966,36763,13487,3526,8952,6423,6269,12888,5692,3977,4665,2424,13475,28856
53,0.02901,0.029,0.02899,0.02898,0.02897,0.02896,0.02895,0.02894,0.02893,0.02892,0.02903,0.02905,0.02906,0.02907,0.02908,0.0291,0.02911,0.02912,0.02913,0.02914,16556,24370,2424,5686,58950,2424,52502,59690,3311,19910,2573,10652,6805,7057,4379,2424,3944,7894,38769,2424
54,0.02908,0.02907,0.02906,0.02905,0.02904,0.02903,0.02902,0.02901,0.029,0.02899,0.0291,0.02912,0.02916,0.02917,0.02918,0.02919,0.0292,0.02921,0.02922,0.02923,18744,19842,40862,21011,133199,33235,22327,37583,54769,39093,4272,14235,2424,7923,36898,7822,2424,31990,2424,4965
55,0.02906,0.02905,0.02904,0.02903,0.02902,0.02901,0.029,0.02899,0.02898,0.02897,0.02909,0.0291,0.02911,0.02912,0.02913,0.02916,0.02917,0.0292,0.02921,0.02922,11008,2424,5686,17240,56351,91709,31990,78932,41096,2424,8704,2924,20991,2424,17150,11596,33235,2424,31990,28856
56,0.02906,0.02905,0.02904,0.02903,0.02902,0.02901,0.029,0.02899,0.02898,0.02897,0.02909,0.0291,0.02911,0.02912,0.02913,0.02916,0.02917,0.02918,0.02919,0.02922,22152,13343,36580,39654,12710,3526,78106,76323,4990,3954,6039,2924,4260,2424,17150,9552,35393,7822,22424,28856
57,0.02905,0.02904,0.02903,0.02902,0.02901,0.029,0.02899,0.02898,0.02897,0.02896,0.02909,0.0291,0.02911,0.02912,0.02913,0.02915,0.02916,0.02917,0.02918,0.02919,19216,19856,12347,34130,89915,32738,39093,112970,2424,3952,9429,2424,6684,2424,17150,3952,4665,5398,2424,22424
58,0.02906,0.02905,0.02904,0.02903,0.02902,0.02901,0.029,0.02899,0.02898,0.02896,0.02909,0.0291,0.02911,0.02912,0.02913,0.02915,0.02916,0.02917,0.02918,0.02919,10964,19216,19856,12347,34130,81630,32738,39093,62349,2424,10048,2924,6684,2424,17150,3952,4665,5398,2424,22424
59,0.02906,0.02905,0.02904,0.02903,0.02902,0.02901,0.029,0.02899,0.02898,0.02897,0.02907,0.02909,0.0291,0.02911,0.02912,0.02913,0.02915,0.02916,0.02917,0.02918,18790,15583,15254,16613,153752,2424,32738,47582,39208,24744,4153,13705,2424,6684,2424,12888,2424,4665,3952,7822
60,0.02908,0.02907,0.02906,0.02905,0.02904,0.02903,0.02902,0.02901,0.029,0.02899,0.02911,0.02912,0.02913,0.02916,0.02917,0.02918,0.02919,0.02922,0.02923,0.02925,22211,15081,16150,28063,98204,2424,118976,37550,24721,18324,7189,15755,9189,2424,3958,2424,30063,2424,4984,2424
61,0.02907,0.02906,0.02905,0.02904,0.02903,0.02902,0.02901,0.029,0.02899,0.02898,0.02908,0.0291,0.02911,0.02912,0.02913,0.02915,0.02916,0.02917,0.02918,0.02919,20669,26449,31859,5686,2424,3515,47511,110582,16789,42235,5927,7403,2424,6897,4707,2424,4665,3961,7822,22424
62,0.02906,0.02905,0.02904,0.02903,0.02902,0.02901,0.029,0.02899,0.02898,0.02896,0.02908,0.02909,0.0291,0.02911,0.02912,0.02913,0.02915,0.02916,0.02917,0.02918,18309,16940,2424,16611,79900,12544,22424,16789,27302,3961,6851,2924,2424,6903,6897,4707,9432,10063,2424,2424
63,0.02907,0.02906,0.02905,0.02904,0.02903,0.02902,0.02901,0.029,0.02899,0.02898,0.02908,0.0291,0.02911,0.02912,0.02913,0.02914,0.02915,0.02916,0.02917,0.02918,14016,16940,24272,61849,66330,2424,33597,22424,52948,27302,9419,2924,6903,6897,4707,2424,3961,4665,2424,7822
64,0.02905,0.02904,0.02903,0.02902,0.02901,0.029,0.02899,0.02898,0.02896,0.02895,0.02906,0.02907,0.02908,0.02909,0.0291,0.02912,0.02913,0.02914,0.02915,0.02916,19341,16942,35126,63897,39732,52626,57419,4990,2424,26292,6147,7595,11865,2424,6902,3956,4707,4665,7822,2424
65,0.02906,0.02905,0.02904,0.02903,0.02902,0.02901,0.029,0.02899,0.02898,0.02897,0.02908,0.02909,0.0291,0.02911,0.02912,0.02913,0.02914,0.02915,0.02916,0.02917,16440,16940,27075,59847,72810,12786,91330,16789,41740,2424,6224,7403,6907,4482,2424,4707,2424,3958,10063,22424
66,0.02905,0.02904,0.02903,0.02902,0.02901,0.029,0.02899,0.02898,0.02897,0.02895,0.02906,0.02907,0.02908,0.02909,0.02912,0.02913,0.02914,0.02915,0.02916,0.02917,17512,13388,16618,57766,2424,69684,47021,33792,32906,2424,6841,12317,14253,6903,3957,4707,4665,2424,13475,22424
67,0.02906,0.02905,0.02904,0.02903,0.02902,0.02901,0.029,0.02899,0.02898,0.02897,0.02907,0.02908,0.02909,0.02912,0.02913,0.02914,0.02915,0.02916,0.02917,0.02918,2424,14666,15166,19696,19875,102855,3526,27021,67908,59762,11189,14276,6903,2424,4707,6198,2424,7822,22424,2424
68,0.02907,0.02906,0.02905,0.02904,0.02903,0.02902,0.02901,0.029,0.02899,0.02898,0.02909,0.02912,0.02913,0.02915,0.02916,0.02917,0.02918,0.02919,0.02925,0.02926,2424,19348,24228,30357,2424,82775,12782,2424,16789,41133,13152,2424,4707,9050,10063,22424,2424,4989,2424,28856
69,0.02907,0.02906,0.02905,0.02904,0.02903,0.02902,0.02901,0.029,0.02899,0.02898,0.02908,0.02909,0.02911,0.02912,0.02913,0.02914,0.02915,0.02916,0.02917,0.02918,2424,14666,24316,39200,2424,23278,12782,2424,16789,37094,5395,2924,5010,2424,4707,7455,3959,10063,22424,2424
70,0.02908,0.02907,0.02906,0.02905,0.02904,0.02903,0.02902,0.02901,0.029,0.02899,0.02909,0.0291,0.02911,0.02914,0.02915,0.02916,0.02917,0.02919,0.02922,0.02926,17136,25480,34558,12888,16150,12918,32923,55224,2424,42445,4168,11602,7934,2424,3959,2424,30063,2424,5027,28856
71,0.02906,0.02905,0.02904,0.02903,0.02902,0.02901,0.029,0.02899,0.02898,0.02896,0.02907,0.02908,0.02909,0.0291,0.02914,0.02915,0.02916,0.02917,0.02921,0.02922,10464,15165,21977,44183,5686,58300,79790,16789,40866,2424,5264,7436,7933,7433,2424,9572,10063,22424,2424,5027
72,0.02901,0.029,0.02899,0.02898,0.02897,0.02896,0.02895,0.02894,0.02893,0.02892,0.02903,0.02904,0.02905,0.02909,0.0291,0.02911,0.02913,0.02914,0.02915,0.02917,12888,7195,9602,42700,29469,68849,30467,47679,37213,2424,9076,11286,13097,7561,6191,7822,2424,22424,2550,2424
73,0.029,0.02899,0.02898,0.02897,0.02896,0.02894,0.02893,0.02892,0.02891,0.0289,0.02901,0.02902,0.02903,0.02904,0.02907,0.02908,0.02909,0.0291,0.02911,0.02912,10464,24071,25686,25686,131695,12727,34374,41496,55425,2424,4603,2424,7577,7078,2424,9153,7822,4665,2424,22424
74,0.029,0.02899,0.02898,0.02897,0.02896,0.02895,0.02894,0.02893,0.02892,0.02891,0.02901,0.02902,0.02903,0.02904,0.02907,0.02908,0.02909,0.0291,0.02911,0.02912,10464,16404,11884,25686,32980,81254,2424,13950,79567,24789,5037,2424,7577,7078,2424,9183,7822,4665,2424,22424
75,0.029,0.02899,0.02898,0.02897,0.02896,0.02895,0.02894,0.02893,0.02892,0.02891,0.02903,0.02907,0.0291,0.02911,0.02912,0.02914,0.02915,0.02918,0.02919,0.0292,12888,16724,26095,69099,32820,33235,78485,55633,6516,32997,327,12013,3949,8077,30063,2424,4974,2424,28856,6220
76,0.02899,0.02898,0.02897,0.02896,0.02895,0.02894,0.02893,0.02892,0.02891,0.0289,0.02902,0.02903,0.02906,0.02907,0.02908,0.02909,0.0291,0.02911,0.02912,0.02914,12888,21810,29737,33740,5686,12837,25876,50269,39102,2424,9208,2424,6904,7073,3951,2424,10063,2424,22424,2424
77,0.02897,0.02896,0.02895,0.02894,0.02893,0.02892,0.02891,0.0289,0.02889,0.02888,0.02899,0.029,0.02901,0.02902,0.02905,0.02906,0.02907,0.0291,0.02911,0.02912,21691,12237,47812,2424,76543,50961,24788,3526,75931,18887,6363,11716,2924,12561,3945,7822,9314,2424,25014,2424
78,0.02897,0.02896,0.02895,0.02894,0.02893,0.02892,0.02891,0.0289,0.02889,0.02888,0.029,0.02901,0.02902,0.02905,0.02906,0.02907,0.02908,0.02909,0.0291,0.02911,19008,22702,27147,2424,44390,51888,75528,40043,5016,18888,12738,2924,7076,2424,3946,4665,7822,22424,2424,5014
79,0.02899,0.02898,0.02897,0.02896,0.02895,0.02894,0.02893,0.02892,0.02891,0.0289,0.029,0.02901,0.02902,0.02905,0.02906,0.02907,0.02908,0.02909,0.0291,0.02911,275,2424,14898,22702,30409,40027,34540,51550,75802,40027,9717,2924,7076,2424,3946,4665,7822,22424,2424,5014
80,0.02898,0.02897,0.02896,0.02895,0.02894,0.02893,0.02892,0.02891,0.0289,0.02889,0.029,0.02901,0.02902,0.02904,0.02907,0.02908,0.0291,0.02911,0.02914,0.02915,20334,13388,26836,49743,2424,32707,36379,24788,2424,5016,14677,12777,12206,2424,6188,7822,2424,22424,2424,4974
81,0.02896,0.02895,0.02894,0.02893,0.02892,0.02891,0.0289,0.02889,0.02888,0.02887,0.02897,0.02898,0.02899,0.029,0.02904,0.02905,0.02906,0.02907,0.02908,0.02909,18167,16068,22563,5686,2424,24788,55746,5016,16843,2424,275,4711,2924,7755,7586,4665,9340,2424,2424,20000
82,0.02897,0.02896,0.02895,0.02894,0.02893,0.02892,0.02891,0.0289,0.02889,0.02888,0.02898,0.029,0.02903,0.02904,0.02905,0.02906,0.02907,0.02908,0.02909,0.0291,16223,20563,18830,53007,41620,3526,69637,61620,5016,16843,5213,2924,7875,2424,7891,9340,4665,2424,22424,12637
83,0.02894,0.02893,0.02892,0.02891,0.0289,0.02889,0.02888,0.02887,0.02886,0.02885,0.02895,0.02896,0.02897,0.02898,0.029,0.02902,0.02903,0.02905,0.02906,0.02907,16603,16148,2424,19944,121602,32490,24811,64534,5007,43768,6162,7877,8373,7873,2424,9326,10063,2424,2424,22424
84,0.02896,0.02895,0.02894,0.02893,0.02892,0.02891,0.0289,0.02889,0.02888,0.02887,0.02897,0.02898,0.02899,0.02901,0.02903,0.02904,0.02905,0.02906,0.02907,0.02909,11222,21459,27126,42397,2424,19963,22424,41447,24811,12650,681,12669,500,7879,2424,3938,10318,7822,22424,2424
85,0.02896,0.02895,0.02894,0.02893,0.02892,0.02891,0.0289,0.02889,0.02888,0.02887,0.02898,0.02899,0.02901,0.02903,0.02904,0.02905,0.02906,0.02907,0.02909,0.0291,16607,15608,27121,70887,40210,2424,71478,2424,40210,36753,5450,2924,7879,2424,8995,4665,7822,22424,2424,12637
86,0.02897,0.02896,0.02895,0.02894,0.02893,0.02892,0.02891,0.0289,0.02889,0.02888,0.02898,0.02899,0.029,0.02901,0.02905,0.02906,0.02907,0.02908,0.02909,0.0291,17826,25870,41816,12888,31705,2424,33914,92632,2424,3944,176,6723,15170,7879,2424,7822,6185,2424,22424,2424
87,0.02896,0.02895,0.02894,0.02893,0.02892,0.02891,0.0289,0.02889,0.02888,0.02887,0.02899,0.029,0.02901,0.02905,0.02906,0.02907,0.02908,0.02909,0.0291,0.02911,19055,27121,52776,16150,82694,69056,2424,4968,40348,27995,13261,13210,7879,4665,2424,3944,7822,22424,2424,5015
88,0.02894,0.02893,0.02892,0.02891,0.0289,0.02889,0.02888,0.02887,0.02886,0.02885,0.02896,0.02897,0.02898,0.02899,0.029,0.02901,0.02902,0.02903,0.02904,0.02905,2424,6701,2924,19932,62196,2424,3526,78685,73326,5557,8621,13359,10446,1889,8637,2424,2424,4665,1515,2424
89,0.02895,0.02894,0.02893,0.02892,0.02891,0.0289,0.02889,0.02888,0.02887,0.02886,0.02896,0.02897,0.02898,0.029,0.02902,0.02903,0.02904,0.02906,0.02907,0.02908,2424,17171,7201,16667,52882,75624,41217,68735,17769,12083,5240,13859,6701,2424,3940,4665,7822,2424,5653,2424
90,0.02896,0.02895,0.02894,0.02893,0.02892,0.02891,0.0289,0.02889,0.02888,0.02887,0.02898,0.02899,0.029,0.02902,0.02904,0.02905,0.02906,0.02907,0.02908,0.02909,17680,6706,27121,104244,75616,20057,71372,2424,4966,19290,4214,2424,500,6663,3945,4665,8077,7822,2424,22424
91,0.02897,0.02896,0.02895,0.02894,0.02893,0.02892,0.02891,0.0289,0.02889,0.02888,0.02898,0.02899,0.02902,0.02904,0.02905,0.02906,0.02908,0.02909,0.0291,0.02911,2424,17180,7206,27070,74837,100743,33266,63105,2424,4966,5148,7163,2424,3945,4665,7822,8077,22424,2424,5015
92,0.02897,0.02896,0.02895,0.02894,0.02893,0.02892,0.02891,0.0289,0.02889,0.02888,0.02898,0.02899,0.02904,0.02905,0.02906,0.02908,0.02909,0.0291,0.02911,0.02912,2424,17180,7206,27124,43891,123292,2424,59153,2424,4966,5258,7163,3947,4665,7822,8077,22424,2424,5015,6220
93,0.029,0.02899,0.02898,0.02897,0.02896,0.02895,0.02894,0.02893,0.02892,0.02891,0.02902,0.02903,0.02907,0.02908,0.02909,0.0291,0.02911,0.02912,0.02914,0.02917,2424,17173,17666,12888,74761,21004,53164,28689,24780,35730,13186,6663,2424,6195,7856,7822,22424,2424,4965,2424
94,0.02897,0.02896,0.02895,0.02894,0.02893,0.02892,0.02891,0.0289,0.02889,0.02888,0.02899,0.029,0.02901,0.02902,0.02906,0.02907,0.02908,0.02909,0.0291,0.02911,13197,17676,2424,17389,109743,44780,66608,39435,24778,2424,9116,11888,2424,8447,9420,10063,2424,2424,2424,22424
95,0.02896,0.02895,0.02894,0.02893,0.02892,0.02891,0.0289,0.02888,0.02887,0.02886,0.02898,0.02899,0.029,0.02904,0.02905,0.02906,0.02908,0.02909,0.02911,0.02917,22639,2424,17205,108937,22424,81915,62500,35607,17474,5356,2031,6180,7163,3945,4665,7822,8077,22424,5027,2424
96,0.02896,0.02895,0.02894,0.02893,0.02892,0.02891,0.0289,0.02889,0.02888,0.02887,0.02898,0.02899,0.029,0.02904,0.02905,0.02906,0.02908,0.02909,0.02911,0.02917,22053,2924,33485,43201,92019,21669,68015,2424,4998,17997,8212,2924,6663,3945,4665,7822,8077,22424,5027,2424
97,0.02896,0.02895,0.02894,0.02893,0.02892,0.02891,0.0289,0.02889,0.02888,0.02887,0.02897,0.02898,0.02899,0.029,0.02904,0.02905,0.02906,0.02908,0.02909,0.02911,14692,7089,15415,70040,40547,20567,44796,2424,73366,17997,6954,11833,2924,6663,2424,6185,7822,2424,22424,5027
98,0.02896,0.02895,0.02894,0.02893,0.02892,0.02891,0.0289,0.02889,0.02888,0.02887,0.02897,0.02898,0.02899,0.029,0.02904,0.02905,0.02906,0.02908,0.02909,0.0291,15006,7089,2424,19924,89606,2424,68193,2424,43831,17997,6334,6720,2924,6663,7813,6185,7822,2424,22424,2424
99,0.02896,0.02895,0.02894,0.02893,0.02892,0.02891,0.0289,0.02889,0.02888,0.02887,0.02898,0.02899,0.029,0.02903,0.02904,0.02905,0.02907,0.02908,0.02909,0.0291,6704,7204,15868,44508,106466,24788,92228,2424,4998,17997,6868,12925,8575,3945,13431,4665,2424,7822,22424,2424
100,0.02894,0.02893,0.02892,0.02891,0.0289,0.02889,0.02888,0.02887,0.02886,0.02885,0.02895,0.02896,0.02897,0.02898,0.02902,0.02903,0.02904,0.02906,0.02907,0.02908,2424,17171,2924,19943,73474,62080,3526,85085,40588,15250,5060,2924,6705,6673,7857,6180,7822,2424,22424,4970
101,0.02891,0.0289,0.02889,0.02888,0.02887,0.02886,0.02885,0.02884,0.02883,0.02882,0.02893,0.02894,0.02895,0.02897,0.029,0.02901,0.02902,0.02903,0.02904,0.0291,2424,26708,2924,17256,156816,3312,43612,50518,49742,38424,11540,12314,7914,2424,3937,10063,2424,22424,5002,2424
102,0.0289,0.02889,0.02888,0.02887,0.02886,0.02885,0.02884,0.02883,0.02882,0.02881,0.02891,0.02892,0.02893,0.02894,0.02895,0.02898,0.02899,0.029,0.02901,0.02902,15524,2924,5621,9824,25882,13664,96389,42241,23927,39628,16214,2924,13428,2424,6710,3931,4665,2424,7822,8077
103,0.0289,0.02889,0.02888,0.02887,0.02886,0.02885,0.02884,0.02883,0.02882,0.02881,0.02892,0.02893,0.02894,0.02898,0.02899,0.029,0.02901,0.02902,0.02903,0.02904,39200,13016,24330,2424,45651,12671,2424,13875,83156,12102,13116,13915,7040,2424,6176,8077,7822,2424,22424,5002
104,0.0289,0.02889,0.02888,0.02887,0.02886,0.02885,0.02884,0.02883,0.02882,0.02881,0.02892,0.02893,0.02894,0.02898,0.02899,0.029,0.02902,0.02903,0.02904,0.02905,34973,5619,9822,106465,47092,12671,33202,45514,25340,12109,4255,2424,7540,3932,4665,7822,8077,22424,5002,2424
105,0.02891,0.0289,0.02889,0.02888,0.02887,0.02886,0.02885,0.02884,0.02883,0.02882,0.02893,0.02894,0.02895,0.02897,0.02898,0.02899,0.029,0.02901,0.02902,0.02903,26866,23479,32602,42208,3488,89508,43303,38946,12773,25340,1661,4146,2924,7039,2424,3937,4665,8077,7822,22424
106,0.02891,0.0289,0.02889,0.02888,0.02887,0.02886,0.02885,0.02884,0.02883,0.02882,0.02893,0.02894,0.02895,0.02896,0.02897,0.02898,0.02899,0.029,0.02901,0.02902,2174,2424,13515,22424,33377,43944,36184,63428,46344,37268,12299,2424,10684,23807,23083,2424,2241,3937,7822,2424
107,0.02891,0.0289,0.02889,0.02888,0.02887,0.02886,0.02885,0.02884,0.02883,0.02882,0.02893,0.02894,0.02895,0.02899,0.029,0.02901,0.02902,0.02903,0.02904,0.02907,2174,6709,11054,46067,97026,2424,12671,67738,73925,47506,8797,6711,1665,9196,4665,7822,2424,2424,22424,2424
108,0.02892,0.02891,0.0289,0.02889,0.02888,0.02887,0.02886,0.02885,0.02884,0.02883,0.02893,0.02894,0.02895,0.02898,0.02899,0.029,0.02901,0.02902,0.02903,0.02904,4744,13388,24568,35783,3438,95048,2424,12671,87738,73925,4414,2424,500,5192,2424,3938,8077,4665,2424,7822
109,0.02891,0.0289,0.02889,0.02888,0.02887,0.02886,0.02885,0.02884,0.02883,0.02882,0.02893,0.02894,0.02895,0.02898,0.029,0.02901,0.02902,0.02904,0.02905,0.02906,22809,24569,36659,2424,61505,49174,13773,52917,59791,49019,5585,2424,500,5192,9334,7822,4665,2424,2424,20000
110,0.02892,0.02891,0.0289,0.02889,0.02888,0.02887,0.02886,0.02885,0.02884,0.02883,0.02894,0.02895,0.02896,0.02898,0.02901,0.02902,0.02903,0.02905,0.02907,0.02908,21570,26906,34617,43081,33765,87422,39819,42962,52612,6480,5756,8277,500,5192,2424,4665,9337,2424,8077,25017
111,0.02893,0.02892,0.02891,0.0289,0.02889,0.02888,0.02887,0.02886,0.02885,0.02884,0.02894,0.02895,0.02898,0.02901,0.02902,0.02903,0.02905,0.02906,0.02907,0.02908,2424,17441,25334,38156,6752,70128,87613,22424,80456,2424,5995,2924,5192,9402,4665,7822,2424,20000,2424,5017
112,0.02892,0.02891,0.0289,0.02889,0.02888,0.02887,0.02886,0.02885,0.02884,0.02883,0.02894,0.02895,0.02896,0.02898,0.02901,0.02902,0.02904,0.02906,0.02907,0.02908,9870,20781,34501,5686,39705,87309,22424,49952,2424,6067,12374,4785,2424,5192,3940,10063,2424,20000,2424,5017
113,0.02893,0.02892,0.02891,0.0289,0.02889,0.02888,0.02887,0.02886,0.02885,0.02884,0.02894,0.02895,0.02896,0.02898,0.02901,0.02902,0.02904,0.02907,0.02908,0.0291,2424,6977,20781,34501,41879,3457,80259,22424,79266,2424,12373,4785,2424,5192,3938,10063,22424,2424,5017,28856
114,0.02892,0.02891,0.0289,0.02889,0.02888,0.02887,0.02886,0.02885,0.02884,0.02883,0.02893,0.02894,0.02896,0.02898,0.029,0.02901,0.02903,0.02904,0.02907,0.02908,2424,6710,20783,31223,39682,73989,22424,13773,70916,4965,6318,9508,2424,5192,4665,9336,2424,22424,2424,5017
115,0.02893,0.02892,0.02891,0.0289,0.02889,0.02888,0.02887,0.02886,0.02885,0.02884,0.02895,0.02896,0.02898,0.029,0.02901,0.02902,0.02903,0.02904,0.02905,0.02908,7749,21638,27259,47049,6769,55383,24819,26773,43229,22947,9078,7210,5192,2424,2424,3940,10063,2424,25022,2424
116,0.02896,0.02895,0.02894,0.02893,0.02892,0.02891,0.0289,0.02889,0.02888,0.02887,0.02897,0.02898,0.029,0.02901,0.02902,0.02903,0.02904,0.02905,0.02908,0.02909,500,2424,7436,22036,21138,16150,20283,2424,66451,24819,2424,6458,3534,2424,3940,2424,2424,5022,5398,22424
117,0.02894,0.02893,0.02892,0.02891,0.0289,0.02889,0.02888,0.02887,0.02886,0.02885,0.02897,0.02898,0.02902,0.02903,0.02904,0.02905,0.02906,0.02907,0.02908,0.0291,10173,12072,21138,24475,104713,81857,60970,33854,3312,2424,13301,5958,7434,13284,22424,7822,2424,2424,5018,2424
118,0.02893,0.02892,0.02891,0.0289,0.02889,0.02888,0.02887,0.02886,0.02885,0.02884,0.02895,0.02896,0.02897,0.02901,0.02902,0.02903,0.02904,0.02905,0.02906,0.02907,7060,21638,12888,20279,85119,24811,2946,32977,24733,2424,9139,6458,5958,2424,3942,10318,7822,2424,12089,2424
119,0.02894,0.02893,0.02892,0.02891,0.0289,0.02889,0.02888,0.02887,0.02886,0.02884,0.02895,0.02896,0.02897,0.02901,0.02902,0.02903,0.02904,0.02905,0.02907,0.02908,6933,7433,28527,91995,12888,51755,62834,2946,23312,23439,5659,2424,6458,2424,9409,4665,2424,27822,2424,5018
120,0.02894,0.02893,0.02892,0.02891,0.0289,0.02889,0.02888,0.02887,0.02886,0.02884,0.02895,0.02896,0.02897,0.029,0.02902,0.02903,0.02904,0.02906,0.02907,0.02908,13934,13388,85000,49277,12888,40025,58686,4454,34662,15289,5379,5419,8210,5958,2424,6182,7822,8077,2424,34678
121,0.02895,0.02894,0.02893,0.02892,0.02891,0.0289,0.02889,0.02888,0.02887,0.02886,0.02896,0.02898,0.029,0.02902,0.02903,0.02904,0.02906,0.02907,0.02908,0.0291,22536,7432,17396,58265,84733,24796,50585,71056,4454,35241,8211,2924,5958,3943,4665,7822,2424,8077,25018,2424
122,0.02897,0.02896,0.02895,0.02894,0.02893,0.02892,0.02891,0.0289,0.02889,0.02888,0.02899,0.029,0.02901,0.02905,0.02906,0.02907,0.02908,0.02909,0.0291,0.02911,2424,7075,20771,44765,50347,2424,3833,23888,49367,16913,11494,19989,23892,4665,2424,3948,7822,8077,22424,2424
123,0.02898,0.02897,0.02896,0.02895,0.02894,0.02893,0.02892,0.02891,0.0289,0.02889,0.029,0.02901,0.02902,0.02906,0.02907,0.02908,0.02909,0.02911,0.02912,0.02914,7078,13388,9805,52921,25826,58564,87839,48541,23888,2424,6747,5951,5451,2424,4665,3951,7822,8077,34653,28856
124,0.029,0.02899,0.02898,0.02897,0.02896,0.02895,0.02894,0.02893,0.02892,0.02891,0.02903,0.02904,0.02905,0.02908,0.02909,0.0291,0.02911,0.02912,0.02914,0.02915,21428,24914,51587,53002,30503,3526,61617,55974,3833,13588,6430,5951,5451,2424,8077,6196,7822,25033,2424,12637
125,0.02901,0.029,0.02899,0.02898,0.02897,0.02896,0.02895,0.02894,0.02893,0.02892,0.02903,0.02904,0.02905,0.02908,0.02909,0.0291,0.02911,0.02912,0.02914,0.02915,15111,18039,36343,12888,23523,30503,45679,24765,35588,3833,9082,5951,5451,3956,2424,10318,7822,25033,2424,22251
126,0.02902,0.02901,0.029,0.02899,0.02898,0.02897,0.02896,0.02895,0.02894,0.02893,0.02905,0.02906,0.02907,0.02909,0.0291,0.02911,0.02912,0.02913,0.02914,0.02915,4648,13388,24908,52853,12888,36767,67970,22424,84620,69505,10281,2424,15915,2424,9028,9525,24665,7822,2424,15103
127,0.02903,0.02902,0.02901,0.029,0.02899,0.02898,0.02897,0.02896,0.02895,0.02894,0.02905,0.02906,0.02907,0.02909,0.0291,0.02911,0.02912,0.02913,0.02914,0.02915,276,22074,18031,17539,23519,58587,23041,59946,88966,43159,12826,2424,15915,2424,3961,9525,24665,7822,2424,4964
128,0.02907,0.02905,0.02904,0.02903,0.02902,0.02901,0.029,0.02899,0.02898,0.02897,0.02908,0.02909,0.0291,0.02911,0.02912,0.02914,0.02915,0.02916,0.02917,0.02918,276,7563,7063,9788,48134,16150,67240,33393,55667,96360,2424,5951,2424,2424,2424,2424,8077,6207,7822,25015
129,0.02903,0.02902,0.02901,0.029,0.02899,0.02898,0.02897,0.02896,0.02895,0.02894,0.02906,0.02907,0.02911,0.02912,0.02913,0.02914,0.02916,0.02917,0.02918,0.02919,11943,7067,23517,25682,115655,2424,100102,41863,3310,14998,9571,5951,2424,3963,8077,10063,2424,12019,25015,12484
130,0.02903,0.02902,0.02901,0.029,0.02899,0.02898,0.02897,0.02896,0.02895,0.02894,0.02906,0.02907,0.02911,0.02912,0.02913,0.02914,0.02916,0.02917,0.02918,0.02919,11943,7067,33478,10781,116995,24734,32018,94250,3310,15349,9319,5951,2424,3963,8077,10063,22424,12018,5015,12484
131,0.02901,0.029,0.02899,0.02898,0.02897,0.02896,0.02895,0.02894,0.02893,0.02892,0.02904,0.02905,0.02906,0.02907,0.0291,0.02911,0.02913,0.02914,0.02915,0.02916,12538,2424,13058,24734,72109,6102,65594,91739,54710,23225,9390,2924,11340,2424,6200,7822,8077,20000,2424,2424
132,0.02903,0.02902,0.02901,0.029,0.02899,0.02898,0.02897,0.02896,0.02895,0.02894,0.02905,0.02906,0.02908,0.0291,0.02911,0.02912,0.02913,0.02915,0.02916,0.02917,10588,13388,14435,29728,5686,2424,23526,27326,48410,13809,9259,8334,5451,7468,11063,35396,7822,28856,22424,2424
133,0.02903,0.02902,0.02901,0.029,0.02899,0.02898,0.02897,0.02896,0.02895,0.02894,0.02905,0.02906,0.02908,0.0291,0.02911,0.02912,0.02913,0.02915,0.02916,0.02917,10588,13388,14435,29728,5686,29763,22424,28428,68332,13809,8828,2924,5451,2424,9276,4665,38311,2424,22424,28856
134,0.02902,0.02901,0.029,0.02899,0.02898,0.02897,0.02896,0.02895,0.02894,0.02893,0.02904,0.02905,0.02906,0.02908,0.0291,0.02911,0.02912,0.02913,0.02915,0.02916,10146,7068,9794,32082,21893,22424,27326,44925,13809,16896,2424,9329,2424,5451,9290,7822,4665,2424,2424,22424
135,0.02904,0.02903,0.02902,0.02901,0.029,0.02899,0.02898,0.02897,0.02896,0.02895,0.02906,0.02907,0.02908,0.02911,0.02912,0.02913,0.02914,0.02915,0.02916,0.02917,2424,6693,17657,2424,9794,32082,3526,68956,27326,3310,12799,11119,16866,2424,4665,2424,3958,5398,2424,22424
136,0.02904,0.02903,0.02902,0.02901,0.02899,0.02898,0.02897,0.02896,0.02895,0.02894,0.02905,0.02906,0.02907,0.02911,0.02912,0.02913,0.02914,0.02915,0.02916,0.02917,24072,17655,33163,5686,25572,9447,23526,60188,3310,13780,5373,6712,7351,8226,2424,4665,2424,8077,7822,22424
137,0.02903,0.02902,0.02901,0.029,0.02898,0.02897,0.02896,0.02895,0.02894,0.02893,0.02904,0.02905,0.02906,0.02907,0.02909,0.02911,0.02912,0.02913,0.02914,0.02916,21587,13388,24704,2424,10837,71355,27326,3310,13780,18428,8237,8032,7193,2424,6693,2424,9353,4665,2424,2424
138,0.02899,0.02898,0.02897,0.02896,0.02895,0.02894,0.02893,0.02892,0.02891,0.0289,0.02901,0.02902,0.02903,0.02904,0.02906,0.02908,0.02909,0.0291,0.02911,0.02912,28486,9801,43007,2424,3310,63255,16896,59803,2424,21296,8546,9185,2924,6697,2424,10156,7822,2424,1524,2424
139,0.02899,0.02898,0.02897,0.02896,0.02895,0.02894,0.02893,0.02892,0.02891,0.0289,0.02901,0.02902,0.02907,0.02908,0.02909,0.02911,0.02912,0.02913,0.02914,0.02915,5951,7200,29802,19696,29205,13780,3526,94091,2424,21296,11383,7199,7706,6189,7822,2424,2424,22424,28856,5033
140,0.029,0.02899,0.02898,0.02897,0.02896,0.02895,0.02894,0.02893,0.02892,0.02891,0.02901,0.02902,0.02906,0.02907,0.02908,0.02909,0.0291,0.02911,0.02912,0.02913,3527,6699,10301,52060,5686,3310,14258,54850,46621,2424,5577,2924,6699,7516,4665,3949,7822,2424,2424,22424
141,0.029,0.02899,0.02898,0.02897,0.02896,0.02895,0.02894,0.02893,0.02892,0.02891,0.02901,0.02902,0.02904,0.02905,0.02906,0.02907,0.02908,0.02909,0.0291,0.02911,14647,17163,34791,22424,5686,25943,14258,26415,46621,2424,6876,2424,6699,2424,6699,2424,6189,2424,7822,8077
142,0.029,0.02899,0.02898,0.02897,0.02896,0.02895,0.02894,0.02893,0.02892,0.02891,0.02902,0.02903,0.02904,0.02908,0.02909,0.0291,0.02911,0.02912,0.02913,0.02914,8696,25040,27414,23243,72083,51932,13156,32573,82869,2424,13465,500,6699,2424,7834,6191,2424,7822,22424,2424
143,0.029,0.02899,0.02898,0.02897,0.02896,0.02895,0.02894,0.02893,0.02892,0.02891,0.02902,0.02903,0.02904,0.02908,0.02909,0.0291,0.02911,0.02912,0.02913,0.02914,6698,21190,9799,42216,72672,3310,13156,3526,134557,32649,6859,7199,6699,7554,9347,4665,2424,2424,22424,2424
144,0.029,0.02899,0.02898,0.02897,0.02896,0.02895,0.02894,0.02893,0.02892,0.02891,0.02902,0.02903,0.02904,0.02908,0.02909,0.0291,0.02911,0.02912,0.02913,0.02914,24241,17163,35315,22424,5686,3310,53837,2424,46621,2945,6414,6698,7199,2424,3949,4665,7822,2424,22424,2424
145,0.02903,0.02902,0.02901,0.029,0.02899,0.02898,0.02897,0.02896,0.02895,0.02894,0.02904,0.02905,0.02906,0.02907,0.02909,0.0291,0.02911,0.02912,0.02913,0.02914,2424,24077,27217,36883,53274,25728,22424,3526,84736,22341,2424,8994,6697,6697,2424,3954,7822,4665,52372,2424
146,0.02902,0.02901,0.029,0.02899,0.02898,0.02897,0.02896,0.02895,0.02894,0.02893,0.02904,0.02905,0.02908,0.02909,0.0291,0.02911,0.02912,0.02913,0.02914,0.02915,2424,30949,1054,20261,25222,25686,95284,3310,22862,47297,13576,2424,6696,2424,6193,7822,2424,22424,2424,5033
147,0.02901,0.029,0.02899,0.02898,0.02897,0.02896,0.02895,0.02894,0.02893,0.02892,0.02902,0.02903,0.02904,0.02905,0.02907,0.02908,0.02909,0.0291,0.02911,0.02912,16212,5325,20261,20529,25686,38630,3526,78213,39516,43120,10141,2424,13029,2424,7189,9525,34660,4665,7822,2424
148,0.029,0.02899,0.02898,0.02897,0.02896,0.02895,0.02894,0.02893,0.02892,0.0289,0.02902,0.02903,0.02904,0.02908,0.02909,0.0291,0.02911,0.02912,0.02913,0.02914,17873,13388,27903,25686,67846,3526,95567,71677,43120,2424,9539,2924,6696,2424,9368,10063,2424,2424,2424,22424
149,0.029,0.02899,0.02898,0.02897,0.02896,0.02895,0.02894,0.02893,0.02892,0.0289,0.02902,0.02903,0.02904,0.02907,0.02908,0.02909,0.0291,0.02913,0.02914,0.02915,12739,13388,27903,25686,36952,3526,96816,40783,43120,2424,12699,2924,6696,3950,9525,38210,4665,2424,48856,5033
150,0.02899,0.02898,0.02897,0.02896,0.02895,0.02894,0.02893,0.02892,0.0289,0.02889,0.02901,0.02902,0.02903,0.02904,0.02907,0.02908,0.02909,0.02913,0.02914,0.02915,28422,9798,25686,3294,58797,24751,50390,77037,2424,3951,6688,10917,500,2424,9260,11766,38249,2424,48856,5033
151,0.02899,0.02898,0.02897,0.02896,0.02895,0.02894,0.02893,0.02892,0.02889,0.02888,0.029,0.02901,0.02906,0.02907,0.02908,0.0291,0.02911,0.02912,0.02913,0.02914,2424,6700,22924,10450,78640,32985,3831,143288,2424,18438,10066,5391,7387,6190,7822,2424,2424,22424,2424,2424
152,0.02899,0.02898,0.02897,0.02896,0.02895,0.02894,0.02893,0.02892,0.02889,0.02888,0.02901,0.02902,0.02904,0.02905,0.02907,0.02908,0.02909,0.0291,0.02911,0.02912,6227,7200,29376,25452,35954,3526,81537,65463,2424,86623,6997,7200,2424,6700,2424,4665,2424,3950,7822,22424
153,0.02899,0.02898,0.02897,0.02896,0.02895,0.02894,0.02893,0.02892,0.02889,0.02888,0.029,0.02901,0.02902,0.02905,0.02906,0.02907,0.02911,0.02912,0.02914,0.02915,3527,2424,7200,9803,36451,2424,4933,122278,2424,18438,6696,9149,6700,2424,9214,10063,2424,22424,28856,14663
154,0.02899,0.02898,0.02897,0.02896,0.02895,0.02894,0.02893,0.02892,0.02889,0.02888,0.029,0.02901,0.02902,0.02906,0.02907,0.02908,0.02909,0.0291,0.02911,0.02913,1524,10227,14581,58187,5686,3526,48849,116482,2424,18438,7828,5391,6700,2424,4665,3949,7822,8077,2424,2424
155,0.02899,0.02898,0.02897,0.02896,0.02895,0.02894,0.02893,0.02892,0.0289,0.02889,0.029,0.02901,0.02902,0.02906,0.02907,0.02908,0.02909,0.02912,0.02913,0.02914,3527,6700,7200,2424,36385,3009,4933,85463,51873,2424,6856,1115,6700,2424,4665,3949,7822,8077,2424,48856
156,0.02896,0.02895,0.02894,0.02893,0.02892,0.02891,0.0289,0.02889,0.02888,0.02887,0.02897,0.02898,0.02899,0.029,0.02904,0.02905,0.02909,0.0291,0.02911,0.02912,2424,6703,3509,7093,22263,32704,75111,4975,77371,12659,4509,2924,6702,2424,9341,4665,2424,8077,22424,31459
157,0.02897,0.02896,0.02895,0.02894,0.02893,0.02892,0.02891,0.0289,0.02889,0.02888,0.02899,0.02904,0.02905,0.02906,0.02907,0.0291,0.02911,0.02912,0.02913,0.02915,2424,17169,20771,29063,47123,22381,52022,44782,45005,16913,10563,2424,9309,9525,40571,2424,48856,5027,6220,2424
158,0.02898,0.02897,0.02896,0.02895,0.02894,0.02893,0.02892,0.02891,0.0289,0.02889,0.029,0.02901,0.02903,0.02906,0.02907,0.02908,0.02909,0.02911,0.02912,0.02913,2424,17166,25050,41121,42539,7309,73511,2424,84312,5863,9945,2424,6702,2424,6188,7822,2424,8077,5027,22424
159,0.02897,0.02896,0.02895,0.02894,0.02893,0.02892,0.02891,0.0289,0.02889,0.02888,0.02899,0.029,0.02903,0.02904,0.02905,0.02906,0.02907,0.02911,0.02912,0.02913,11580,17669,41121,2424,13590,39278,3526,110625,5863,17547,12603,14061,2424,7189,9525,34810,10063,2424,31459,22424
160,0.02893,0.02892,0.02891,0.0289,0.02889,0.02888,0.02887,0.02886,0.02885,0.02884,0.02895,0.02896,0.02897,0.02898,0.02899,0.029,0.02901,0.02902,0.02904,0.02905,1116,24860,10317,22166,6574,43074,77606,4973,43010,21742,13222,7253,7254,2424,7068,13610,32065,2424,10063,22424
161,0.02894,0.02893,0.02892,0.02891,0.0289,0.02889,0.02888,0.02887,0.02886,0.02885,0.02895,0.02896,0.02897,0.029,0.02901,0.02902,0.02903,0.02905,0.02908,0.02909,1757,1116,22924,9817,32535,45870,4108,35040,94718,2946,11267,7753,7254,2424,1513,4665,7822,22424,2424,4973
162,0.02893,0.02892,0.02891,0.0289,0.02889,0.02888,0.02887,0.02886,0.02885,0.02884,0.02894,0.02895,0.02896,0.02897,0.02901,0.02902,0.02903,0.02904,0.02905,0.02906,17660,25381,5686,28666,11806,36057,110941,4973,2946,21742,4508,2424,11734,12056,2424,4665,2424,9336,2424,2424
163,0.02892,0.02891,0.0289,0.02889,0.02888,0.02887,0.02886,0.02885,0.02884,0.02883,0.02893,0.02894,0.02895,0.02896,0.029,0.02901,0.02902,0.02903,0.02904,0.02908,24651,2924,9820,59283,3058,36142,92860,2946,21742,35842,8620,5015,2924,2424,3934,8077,10063,2424,22424,2424
164,0.02892,0.02891,0.0289,0.02889,0.02888,0.02887,0.02886,0.02885,0.02884,0.02883,0.02894,0.02895,0.029,0.02901,0.02902,0.02903,0.02904,0.02908,0.02909,0.02912,24651,2924,9820,26442,72762,65429,4973,33383,91110,35842,9202,2924,3935,7982,10063,2424,22424,2424,4973,2424
165,0.02892,0.02891,0.0289,0.02889,0.02888,0.02887,0.02886,0.02885,0.02884,0.02883,0.02893,0.02894,0.02895,0.02899,0.029,0.02901,0.02902,0.02903,0.02904,0.02906,24651,2924,9375,23286,4116,72846,4973,58805,91324,35842,1751,3329,2924,2424,3935,8077,4665,7822,22424,5017
166,0.02892,0.02891,0.02889,0.02888,0.02887,0.02886,0.02885,0.02884,0.02883,0.02882,0.02894,0.02895,0.02899,0.029,0.02901,0.02902,0.02903,0.02904,0.02906,0.02909,11716,2924,2424,11512,102882,23491,23835,143537,35842,14071,8745,2924,2424,9255,7822,4665,2424,22424,5017,2424
167,0.0289,0.02889,0.02888,0.02887,0.02886,0.02885,0.02884,0.02883,0.02882,0.0288,0.02891,0.02892,0.02893,0.02894,0.02898,0.02899,0.029,0.02901,0.02903,0.02904,9288,2924,3014,20739,68160,23835,21742,99502,52962,2424,5516,4175,4675,2424,7808,4665,6907,2424,2424,22424
168,0.02888,0.02887,0.02886,0.02885,0.02884,0.02883,0.02882,0.02881,0.0288,0.02879,0.0289,0.02891,0.02892,0.02896,0.02897,0.02898,0.02899,0.029,0.02901,0.02902,6567,2924,2424,23313,33818,21338,3526,35336,56761,15261,15396,4675,4175,2424,10318,9328,2424,2424,2424,2424
169,0.02887,0.02886,0.02885,0.02884,0.02883,0.02882,0.02881,0.0288,0.02879,0.02878,0.02888,0.02889,0.0289,0.02892,0.02893,0.02894,0.02896,0.02897,0.02898,0.02899,3986,2424,6910,2424,29834,67573,2424,21207,72832,70247,8446,2924,10531,2424,11023,33521,4665,2424,7822,2424
170,0.02886,0.02885,0.02884,0.02883,0.02882,0.02881,0.0288,0.02879,0.02878,0.02877,0.02888,0.02889,0.0289,0.02894,0.02895,0.02896,0.02899,0.029,0.02901,0.02905,2424,6410,2924,30546,99689,22588,2947,25758,112502,2424,10845,2424,6531,2424,3926,10063,8077,5024,22424,28856
171,0.02887,0.02886,0.02885,0.02884,0.02883,0.02882,0.02881,0.0288,0.02879,0.02878,0.0289,0.02892,0.02893,0.02894,0.02895,0.02896,0.02897,0.02899,0.029,0.02901,4695,2924,6410,10413,62909,2424,43638,2947,96523,47679,19950,2424,16939,12525,3926,10063,33416,2424,5024,2424
172,0.02885,0.02884,0.02883,0.02882,0.02881,0.0288,0.02879,0.02878,0.02877,0.02876,0.02886,0.02887,0.02888,0.02889,0.0289,0.02891,0.02892,0.02893,0.02894,0.02895,3996,3581,21964,2424,2424,10367,30607,3526,24883,107968,4032,2924,4032,2424,12888,2424,2424,2424,11817,7822
173,0.02886,0.02885,0.02884,0.02883,0.02882,0.02881,0.0288,0.02879,0.02878,0.02877,0.02888,0.02889,0.0289,0.02893,0.02894,0.02895,0.02896,0.02897,0.02902,0.02903,4939,2924,9997,13825,40636,25686,2947,25070,3526,56146,5714,2924,12888,2424,4665,3924,7822,24978,2424,28856
174,0.02886,0.02885,0.02884,0.02883,0.02882,0.02881,0.0288,0.02879,0.02878,0.02877,0.02888,0.02889,0.0289,0.02893,0.02894,0.02895,0.02896,0.02897,0.02902,0.02903,11359,2924,17408,113715,2424,49616,4049,71141,48405,2424,5918,2924,12888,2424,4665,3924,7822,24978,2424,28856
175,0.02888,0.02887,0.02886,0.02885,0.02884,0.02883,0.02882,0.02881,0.0288,0.02879,0.0289,0.02891,0.02892,0.02895,0.02896,0.02897,0.02899,0.029,0.02902,0.02903,3173,13388,13825,71562,52628,6788,55964,60178,39103,2947,9091,2924,3228,7403,11031,41134,2424,4966,2424,22424
176,0.02887,0.02886,0.02885,0.02884,0.02883,0.02882,0.02881,0.0288,0.02879,0.02878,0.02888,0.02889,0.0289,0.02891,0.02892,0.02894,0.02895,0.02896,0.02897,0.02898,3994,4044,2924,10446,28701,93769,22424,121618,34019,3315,11251,2924,3228,2424,3228,2424,6168,2424,8077,5398
177,0.02885,0.02884,0.02883,0.02882,0.02881,0.0288,0.02879,0.02878,0.02877,0.02876,0.02887,0.02888,0.02889,0.0289,0.02891,0.02892,0.02894,0.02895,0.02897,0.02899,1620,2424,10334,23704,5686,24849,22947,72045,12693,34746,7615,10836,2424,3228,2424,3228,8077,11563,2424,2424
178,0.02885,0.02884,0.02883,0.02882,0.02881,0.0288,0.02879,0.02878,0.02877,0.02876,0.02886,0.02887,0.02888,0.02889,0.0289,0.02891,0.02892,0.02893,0.02894,0.02896,1620,2424,2924,9839,31774,61280,22947,4417,108395,34746,10671,7615,4691,2424,3228,2424,4727,10292,7822,2424
179,0.02884,0.02883,0.02882,0.02881,0.0288,0.02879,0.02878,0.02877,0.02876,0.02875,0.02885,0.02886,0.02887,0.02888,0.02889,0.0289,0.02891,0.02892,0.02893,0.02896,1629,2424,2924,31774,9842,62193,26858,71964,73992,21390,9614,2924,7115,4691,2424,3228,3920,8727,10063,2424
180,0.02884,0.02883,0.02882,0.02881,0.0288,0.02879,0.02878,0.02877,0.02876,0.02875,0.02885,0.02886,0.02887,0.02888,0.02891,0.02892,0.02895,0.02896,0.02897,0.02899,2536,2424,15925,34909,5686,30365,26858,57076,21796,31785,10032,2924,7115,7115,2424,6161,8077,7822,24992,28856
181,0.02884,0.02883,0.02882,0.02881,0.0288,0.02879,0.02878,0.02877,0.02876,0.02875,0.02886,0.02887,0.02891,0.02892,0.02893,0.02894,0.02896,0.02897,0.02899,0.029,5897,2924,22841,54240,5686,22947,26858,36258,21796,31785,12654,7615,2424,3926,8038,10063,2424,24992,2424,28856
182,0.02882,0.02881,0.0288,0.02879,0.02878,0.02877,0.02876,0.02875,0.02874,0.02873,0.02883,0.02885,0.02886,0.0289,0.02891,0.02892,0.02893,0.02894,0.02896,0.02897,21243,16857,5686,22947,10379,23665,22898,96457,12842,15293,5787,2924,10707,9303,4665,7822,2424,22424,2424,4992
183,0.02881,0.0288,0.02879,0.02878,0.02877,0.02876,0.02875,0.02874,0.02873,0.02872,0.02883,0.02884,0.02885,0.02886,0.02889,0.0289,0.02891,0.02892,0.02893,0.02894,5893,2924,44264,33151,2424,21796,68942,34698,15293,3463,10049,7066,2424,6566,3919,10063,2424,2424,8077,22424
184,0.02879,0.02878,0.02877,0.02876,0.02875,0.02874,0.02873,0.02872,0.02871,0.0287,0.0288,0.02881,0.02882,0.02883,0.02886,0.02887,0.02888,0.02889,0.0289,0.02891,790,15799,14767,13119,57237,2424,32705,25951,37830,29761,5670,5426,11985,10987,2424,2241,2424,1488,7822,8600
185,0.02878,0.02877,0.02876,0.02875,0.02874,0.02873,0.02872,0.02871,0.0287,0.02869,0.0288,0.02881,0.02882,0.02883,0.02885,0.02887,0.02888,0.02889,0.0289,0.02891,21783,20353,35300,21390,2424,55185,3463,47010,29761,2424,11056,2924,7814,2424,6775,4665,3913,7822,2424,2947
186,0.02878,0.02877,0.02876,0.02875,0.02874,0.02873,0.02872,0.02871,0.0287,0.02869,0.0288,0.02881,0.02882,0.02883,0.02885,0.02886,0.02887,0.02888,0.02889,0.0289,19414,20820,31238,21390,2424,79210,3463,28540,29761,2424,8300,2924,3991,2424,6775,2424,4665,9566,7822,2424
187,0.02878,0.02877,0.02876,0.02875,0.02874,0.02873,0.02872,0.02871,0.0287,0.02869,0.0288,0.02881,0.02882,0.02883,0.02885,0.02886,0.02887,0.02888,0.02889,0.0289,19414,20820,30123,21390,2424,79210,3463,27417,29761,3556,10063,2924,3991,2424,6775,2424,4665,3913,7822,2424
188,0.02881,0.0288,0.02879,0.02878,0.02877,0.02876,0.02875,0.02874,0.02873,0.02872,0.02882,0.02883,0.02885,0.02889,0.0289,0.02891,0.02892,0.02895,0.02896,0.029,2,10464,13388,23575,50797,24881,41390,2424,51372,3463,13119,7956,6775,7890,11557,2947,22424,2424,9719,2424
189,0.02882,0.02881,0.0288,0.02879,0.02877,0.02876,0.02875,0.02874,0.02873,0.02872,0.02884,0.02885,0.02889,0.0289,0.02891,0.02892,0.02895,0.02896,0.029,0.02903,20149,11716,44425,12888,2424,64621,41390,12702,4991,3463,11758,7275,2424,3918,10586,22424,2424,9719,2424,28856
190,0.02882,0.02881,0.0288,0.02879,0.02878,0.02877,0.02876,0.02875,0.02874,0.02873,0.02884,0.02885,0.02886,0.02888,0.0289,0.02891,0.02892,0.02895,0.02896,0.02903,16595,3838,54477,12888,2424,9846,65632,41390,12702,12648,11174,7356,2424,6856,3922,10048,30063,2424,7111,2424
191,0.02883,0.02882,0.02881,0.0288,0.02879,0.02878,0.02877,0.02876,0.02875,0.02874,0.02884,0.02885,0.02886,0.02888,0.0289,0.02891,0.02892,0.02895,0.02896,0.02903,970,12979,3838,41734,12888,2424,10946,24881,90234,12702,11079,7356,2424,6856,3922,10048,30063,2424,7111,2424
192,0.02883,0.02882,0.02881,0.0288,0.02879,0.02878,0.02877,0.02876,0.02875,0.02874,0.02884,0.02885,0.02886,0.02888,0.0289,0.02891,0.02892,0.02895,0.02896,0.02903,970,12979,3838,41996,12888,2424,10904,68426,41390,12702,13001,7356,2424,6856,3922,10048,30063,2424,7111,2424
193,0.02884,0.02883,0.02882,0.02881,0.0288,0.02879,0.02878,0.02877,0.02876,0.02875,0.02885,0.02886,0.02888,0.0289,0.02891,0.02892,0.02893,0.02894,0.02895,0.02896,3826,4921,13388,20633,12888,23568,25967,81739,4966,21390,11300,2924,6856,2424,2947,9578,10063,22424,2424,3315
194,0.02883,0.02882,0.02881,0.0288,0.02879,0.02878,0.02877,0.02876,0.02875,0.02874,0.02884,0.02885,0.02886,0.02888,0.0289,0.02891,0.02892,0.02895,0.02896,0.02897,557,18312,13388,12888,23568,77426,22424,27423,21390,32088,11413,11800,2424,6856,3923,12289,27822,2424,3315,2424
195,0.02882,0.02881,0.0288,0.02879,0.02878,0.02877,0.02876,0.02875,0.02874,0.02873,0.02883,0.02884,0.02885,0.02886,0.02888,0.0289,0.02891,0.02892,0.02895,0.02896,15917,13388,12888,16150,2424,29847,27423,21390,32090,12648,12940,6567,6910,2424,6856,4665,4444,27822,2424,3315
196,0.02884,0.02883,0.02882,0.02881,0.0288,0.02879,0.02878,0.02877,0.02876,0.02875,0.02885,0.02886,0.02887,0.02888,0.0289,0.02891,0.02892,0.02893,0.02894,0.02895,13805,6186,59959,12888,2424,9842,24865,53254,4966,21390,11995,7609,8109,6856,2424,2947,2424,6167,7822,22424
197,0.02882,0.02881,0.0288,0.02879,0.02878,0.02877,0.02876,0.02875,0.02874,0.02873,0.02883,0.02884,0.02885,0.02886,0.02887,0.0289,0.02891,0.02892,0.02893,0.02894,15314,13388,23997,5686,9847,64354,27423,21390,32090,12648,9421,12902,14420,7609,2424,4665,2947,2424,1498,13475
198,0.02882,0.02881,0.0288,0.02879,0.02878,0.02877,0.02876,0.02875,0.02874,0.02873,0.02883,0.02884,0.02885,0.02886,0.02887,0.0289,0.02891,0.02892,0.02893,0.02895,15314,13388,23997,5686,9847,64354,27423,21390,21810,12648,10701,6856,8066,7609,2424,9388,5188,7822,22424,2424
199,0.02882,0.02881,0.0288,0.02879,0.02878,0.02877,0.02876,0.02875,0.02874,0.02873,0.02883,0.02884,0.02885,0.02886,0.02889,0.0289,0.02891,0.02892,0.02893,0.02895,15314,13388,23181,5686,9847,22424,27423,21390,21810,12648,11393,6856,8066,7609,2424,3922,10586,2424,22424,2424
200,0.02881,0.0288,0.02879,0.02878,0.02877,0.02876,0.02875,0.02874,0.02873,0.02872,0.02883,0.02884,0.02885,0.02886,0.02889,0.0289,0.02891,0.02893,0.02894,0.02895,19904,2924,5686,9848,22424,24881,44769,21810,15228,3463,13934,7356,7566,7609,2424,4665,2947,1497,7822,22424
201,0.02881,0.0288,0.02879,0.02878,0.02877,0.02876,0.02875,0.02874,0.02873,0.02872,0.02883,0.02884,0.02885,0.02886,0.02889,0.0289,0.02891,0.02892,0.02895,0.02896,19586,2924,35255,9848,40769,2424,42576,44282,15228,3463,13287,7356,7566,7609,2424,4665,4444,7822,22424,3315
202,0.02882,0.02881,0.0288,0.02879,0.02878,0.02877,0.02876,0.02875,0.02874,0.02873,0.02883,0.02884,0.02885,0.02886,0.02889,0.0289,0.02891,0.02892,0.02895,0.02896,2424,18645,2924,5686,9848,22424,42372,21390,44282,15228,14212,7356,7566,7609,2424,4665,4444,7822,22424,3315
203,0.02883,0.02882,0.02881,0.0288,0.02879,0.02878,0.02877,0.02876,0.02875,0.02874,0.02884,0.02885,0.0289,0.02891,0.02892,0.02894,0.02895,0.02896,0.02897,0.02898,2594,2424,20623,34954,5686,2424,83012,2424,3526,40780,6426,13049,7668,6688,7822,2424,2424,3315,2424,24966
204,0.0288,0.02879,0.02878,0.02877,0.02876,0.02875,0.02874,0.02873,0.02872,0.02871,0.02881,0.02882,0.02883,0.02887,0.02888,0.02889,0.0289,0.02891,0.02893,0.02894,7388,2424,35503,22424,2424,56224,124684,52079,44028,2819,11526,7727,7225,2424,6158,5653,7822,2947,2424,24989
205,0.0288,0.02879,0.02878,0.02877,0.02876,0.02875,0.02874,0.02873,0.02872,0.02871,0.02881,0.02882,0.02886,0.02887,0.02888,0.02889,0.0289,0.02891,0.02892,0.02893,6417,4927,2924,29856,29370,56185,60137,71350,32738,71686,11263,7725,2424,7965,6155,2424,7822,2947,2424,5005
206,0.02882,0.02881,0.0288,0.02879,0.02878,0.02877,0.02876,0.02875,0.02874,0.02873,0.02884,0.02885,0.0289,0.02891,0.02892,0.02893,0.02894,0.02895,0.02896,0.02897,9494,6916,34390,32903,2424,45975,66587,32903,24418,12648,11133,6190,9267,5188,7822,2424,22424,2424,3315,2581
207,0.02882,0.02881,0.0288,0.02879,0.02878,0.02877,0.02876,0.02875,0.02874,0.02873,0.02883,0.02884,0.02889,0.0289,0.02891,0.02892,0.02893,0.02894,0.02895,0.02896,6631,21085,10347,45399,5686,44873,33586,2424,24418,12648,7854,6190,3921,7939,5188,7822,2424,22424,2424,3315
208,0.02881,0.0288,0.02879,0.02878,0.02877,0.02876,0.02875,0.02874,0.02873,0.02872,0.02882,0.02883,0.02884,0.02886,0.02887,0.02888,0.02889,0.0289,0.02891,0.02892,27272,2924,33496,44100,44873,2424,43843,62832,12648,32738,5486,8589,2924,3266,2424,9055,9525,40546,2947,22424
209,0.0288,0.02879,0.02878,0.02877,0.02876,0.02875,0.02874,0.02873,0.02872,0.02871,0.02881,0.02882,0.02883,0.02885,0.02886,0.02887,0.02888,0.02889,0.0289,0.02891,4208,2424,10352,43494,5686,24888,21810,68486,32738,5406,11158,6190,2424,7087,9525,34647,4665,7822,2424,2947
210,0.02882,0.02881,0.0288,0.02879,0.02878,0.02877,0.02876,0.02875,0.02874,0.02873,0.02883,0.02884,0.02888,0.02889,0.0289,0.02891,0.02892,0.02895,0.02896,0.02897,4210,2424,17596,31939,42258,22424,29082,92558,24357,12648,9844,11730,2424,7694,18662,33848,22424,2424,3315,31439
211,0.02882,0.02881,0.0288,0.02879,0.02878,0.02877,0.02876,0.02875,0.02874,0.02873,0.02883,0.02884,0.02888,0.02889,0.0289,0.02891,0.02892,0.02895,0.02896,0.02897,6634,2424,24994,63386,36369,45607,3526,92399,62519,12648,9070,2924,5690,7629,13264,39028,22424,2424,3315,5007
212,0.02885,0.02884,0.02883,0.02882,0.02881,0.0288,0.02879,0.02878,0.02877,0.02876,0.02886,0.02887,0.0289,0.02891,0.02892,0.02893,0.02894,0.02895,0.02896,0.02897,6626,6630,2924,71205,27158,16150,3526,84762,44873,21370,8441,6190,6934,10048,34676,4665,27822,2424,3315,5007
213,0.02885,0.02884,0.02883,0.02882,0.02881,0.0288,0.02879,0.02878,0.02877,0.02876,0.02887,0.02888,0.0289,0.02891,0.02892,0.02893,0.02894,0.02895,0.02896,0.02897,6936,7666,9837,41026,39416,12888,25959,90637,59592,21370,5719,4054,2424,2947,7452,11030,22424,4665,3315,2424
214,0.02889,0.02888,0.02887,0.02886,0.02885,0.02884,0.02883,0.02882,0.02881,0.0288,0.0289,0.02891,0.02894,0.02895,0.02896,0.02897,0.02899,0.029,0.02901,0.02902,4208,2424,7131,9829,35910,5686,22223,2424,24842,31707,5655,3447,2424,7510,17326,24665,2424,4975,2424,28856
215,0.02889,0.02888,0.02887,0.02886,0.02885,0.02884,0.02883,0.02882,0.02881,0.0288,0.0289,0.02891,0.02894,0.02895,0.02896,0.02897,0.02899,0.029,0.02901,0.02902,4206,2424,17595,9831,25747,5686,22223,2424,44842,2424,5655,3447,2424,9021,10416,24665,2424,4975,7822,28856
216,0.02888,0.02887,0.02886,0.02885,0.02884,0.02883,0.02882,0.02881,0.0288,0.02879,0.0289,0.02891,0.02892,0.02895,0.02896,0.02897,0.02898,0.02899,0.029,0.02902,9493,2424,6628,26850,5686,27939,2424,24842,34403,2424,1615,2947,500,2424,8874,3936,10063,22424,4975,2424
217,0.02888,0.02887,0.02886,0.02885,0.02884,0.02882,0.02881,0.0288,0.02879,0.02878,0.0289,0.02891,0.02892,0.02895,0.02896,0.02897,0.02898,0.02899,0.029,0.02902,9493,2424,6628,14342,51611,3526,24842,34403,2424,26474,1615,2947,500,2424,8874,3936,10063,22424,4975,2424
218,0.02888,0.02887,0.02886,0.02885,0.02884,0.02883,0.02881,0.0288,0.02879,0.02878,0.0289,0.02891,0.02895,0.02896,0.02897,0.02898,0.02899,0.029,0.02902,0.02903,8993,2924,6628,6936,13092,40282,2424,3526,61369,26474,4039,3447,7591,3315,3936,10063,22424,4975,28856,6220
219,0.02885,0.02883,0.02882,0.02881,0.0288,0.02879,0.02878,0.02877,0.02876,0.02875,0.02887,0.02888,0.02889,0.0289,0.02891,0.02893,0.02894,0.02895,0.02896,0.02897,12128,2424,13100,27235,2424,25959,24963,50894,31582,18479,1615,2424,15003,2424,2947,3929,10318,7822,3315,22424
220,0.02885,0.02883,0.02882,0.02881,0.0288,0.02879,0.02878,0.02877,0.02876,0.02875,0.02887,0.02888,0.02889,0.0289,0.02891,0.02893,0.02894,0.02895,0.02896,0.02897,12128,2424,13100,42760,2424,24857,26065,30691,31582,18479,1615,2424,15003,2424,2947,3929,10318,7822,3315,22424
221,0.02885,0.02884,0.02883,0.02882,0.0288,0.02879,0.02878,0.02877,0.02876,0.02875,0.02887,0.02888,0.02889,0.0289,0.02891,0.02893,0.02894,0.02895,0.02896,0.02897,11628,500,9837,46511,2424,24857,26065,30691,31582,18479,4961,2924,4039,2424,2947,9483,4665,7822,3315,22424
222,0.02885,0.02883,0.02882,0.02881,0.0288,0.02879,0.02878,0.02877,0.02876,0.02875,0.02887,0.02888,0.02889,0.0289,0.02891,0.02893,0.02894,0.02895,0.02896,0.02897,16417,26855,5686,23148,9838,24857,26065,31752,31582,18479,2424,4039,4539,2424,2947,9483,4665,7822,3315,22424
223,0.02886,0.02885,0.02884,0.02883,0.02882,0.02881,0.0288,0.02879,0.02878,0.02877,0.02888,0.02889,0.0289,0.02891,0.02894,0.02895,0.02896,0.02897,0.02899,0.029,2424,11628,2924,19895,5686,971,29188,24857,24963,37950,16272,15772,2424,2947,6173,7822,3315,22424,28856,4975
224,0.02887,0.02886,0.02885,0.02884,0.02882,0.02881,0.0288,0.02879,0.02878,0.02877,0.02889,0.0289,0.02891,0.02893,0.02895,0.02896,0.02897,0.02898,0.02899,0.02902,14021,2424,14301,24071,2424,50449,2424,13724,52942,3936,2424,15772,2924,5308,9488,8713,4665,2424,22947,2424
225,0.02885,0.02884,0.02883,0.02882,0.02881,0.0288,0.02879,0.02878,0.02877,0.02876,0.02887,0.02888,0.02889,0.0289,0.02894,0.02895,0.02896,0.02897,0.02898,0.02899,14485,2424,9837,29376,24846,19880,12622,26493,34820,31644,2424,15772,5808,12888,2424,6170,8713,22424,2424,5500
226,0.02885,0.02884,0.02883,0.02882,0.02881,0.0288,0.02879,0.02878,0.02877,0.02876,0.02888,0.02889,0.0289,0.02893,0.02894,0.02895,0.02896,0.02897,0.02898,0.02899,12376,2424,27784,13099,24846,19880,12622,26493,33010,33150,3866,2924,12888,5260,3928,4665,8713,22424,2424,5500
227,0.02884,0.02883,0.02882,0.02881,0.0288,0.02879,0.02878,0.02877,0.02876,0.02875,0.02887,0.02888,0.02889,0.0289,0.02893,0.02894,0.02895,0.02896,0.02898,0.02899,10635,2924,13099,48274,2424,12622,26493,50342,31644,18242,14830,3866,2424,12888,6168,7822,22424,3315,2424,5500
228,0.02885,0.02884,0.02883,0.02882,0.02881,0.0288,0.02879,0.02878,0.02877,0.02876,0.02887,0.02888,0.02889,0.0289,0.02892,0.02893,0.02894,0.02895,0.02896,0.02898,2424,13711,2424,13099,25852,24850,12622,26493,50342,31644,3866,4366,2424,12888,2424,6166,7822,22424,3315,2424
229,0.02885,0.02884,0.02883,0.02882,0.02881,0.0288,0.02879,0.02878,0.02877,0.02876,0.02887,0.02888,0.02889,0.0289,0.02892,0.02893,0.02894,0.02895,0.02896,0.02898,2424,8076,2424,13099,25852,24850,13724,25391,69280,12698,3866,4366,2424,12888,2424,6166,7822,22424,3315,2424
230,0.02886,0.02885,0.02884,0.02883,0.02882,0.02881,0.0288,0.02879,0.02878,0.02877,0.02887,0.02888,0.02889,0.0289,0.02892,0.02893,0.02894,0.02895,0.02896,0.02898,2424,8076,7576,28412,5686,9837,24850,13724,73217,21362,2424,4366,2424,12888,2424,9501,14923,24665,3315,2424
231,0.02885,0.02884,0.02883,0.02882,0.02881,0.0288,0.02879,0.02878,0.02877,0.02876,0.02887,0.02888,0.02889,0.0289,0.02892,0.02893,0.02894,0.02895,0.02896,0.02898,8076,7576,2424,13100,27855,24850,13724,73208,21362,12698,2424,14330,4366,12888,2424,3925,2424,30063,3315,2424
232,0.02886,0.02885,0.02884,0.02883,0.02882,0.02881,0.0288,0.02879,0.02878,0.02877,0.02888,0.02889,0.0289,0.02892,0.02893,0.02894,0.02895,0.02896,0.02898,0.02899,2424,7576,8076,22378,5686,9837,42898,12622,26493,71533,14830,3866,12888,2424,3925,9525,30063,3315,2424,5500
233,0.0289,0.02889,0.02888,0.02887,0.02886,0.02884,0.02883,0.02882,0.02881,0.0288,0.02892,0.02893,0.02894,0.02896,0.02897,0.02898,0.02899,0.029,0.02901,0.02902,14806,7568,14968,25784,16150,24819,50724,22424,2424,6497,3866,2424,4366,2424,7799,11040,25188,2424,7822,2424
234,0.02892,0.02891,0.0289,0.02889,0.02888,0.02887,0.02886,0.02885,0.02884,0.02883,0.02895,0.02898,0.02899,0.029,0.02901,0.02902,0.02903,0.02904,0.02905,0.02906,2424,12574,7569,25639,13081,37145,32888,2424,24819,7582,4366,2424,8269,11044,22424,4665,2424,891,7822,4962
235,0.0289,0.02889,0.02888,0.02887,0.02886,0.02885,0.02884,0.02883,0.02882,0.02881,0.02892,0.02893,0.02894,0.02895,0.02896,0.02898,0.02899,0.029,0.02901,0.02903,11309,2924,13081,37145,2424,21310,55065,54109,21756,14541,6517,2924,6709,12888,16899,3938,5188,7822,22424,2424
236,0.02889,0.02888,0.02887,0.02886,0.02885,0.02884,0.02883,0.02882,0.02881,0.02879,0.02892,0.02893,0.02894,0.02895,0.02896,0.02898,0.02899,0.029,0.02901,0.02903,9271,2424,19995,29392,72188,55065,4960,64275,14541,2424,2424,7017,10395,12888,16899,3936,5188,7822,22424,2424
237,0.02891,0.0289,0.02889,0.02888,0.02887,0.02886,0.02885,0.02884,0.02883,0.02882,0.02893,0.02894,0.02895,0.02896,0.02898,0.02899,0.029,0.02901,0.02903,0.02904,6707,2924,19833,31790,12594,30108,72188,44819,46329,33142,4285,2924,6517,16899,3936,2947,10063,22424,2424,3315
238,0.02889,0.02888,0.02887,0.02886,0.02885,0.02884,0.02883,0.02882,0.02881,0.02879,0.02892,0.02893,0.02894,0.02895,0.02896,0.02898,0.02899,0.029,0.02901,0.02903,12065,2424,12594,13804,72188,44819,84725,33142,16965,2424,2424,6709,2424,10717,16899,3936,5188,7822,52673,2424
239,0.0289,0.02889,0.02888,0.02887,0.02886,0.02885,0.02884,0.02883,0.02882,0.02881,0.02892,0.02893,0.02894,0.02895,0.02896,0.02898,0.02899,0.029,0.02901,0.02903,2424,7213,2424,19882,25224,72188,82636,73044,33142,57356,6435,7209,2424,6517,12888,3936,5188,7822,22424,4998
240,0.0289,0.02889,0.02888,0.02887,0.02886,0.02885,0.02884,0.02883,0.02882,0.02881,0.02892,0.02893,0.02894,0.02895,0.02896,0.02897,0.02898,0.02899,0.029,0.02901,2424,7211,2424,40216,13087,72188,44819,2424,97684,19539,2424,7210,2424,10826,12888,2424,3936,5188,7822,22424
241,0.02889,0.02888,0.02887,0.02886,0.02885,0.02884,0.02883,0.02882,0.02881,0.02879,0.02892,0.02893,0.02894,0.02895,0.02896,0.02897,0.02898,0.02899,0.029,0.02901,11419,2424,19998,27065,72188,114501,2424,101451,19539,2424,2424,7210,2424,6517,12888,3935,8077,10586,32858,22424
242,0.0289,0.02889,0.02888,0.02887,0.02886,0.02885,0.02884,0.02883,0.02882,0.02881,0.02892,0.02893,0.02894,0.02895,0.02896,0.02897,0.02898,0.02899,0.029,0.02901,11281,6490,13087,40067,3412,102573,60612,75496,55553,88118,2424,6713,2924,6517,12888,2424,2424,12352,7822,22424
243,0.02891,0.0289,0.02889,0.02888,0.02887,0.02886,0.02885,0.02884,0.02883,0.02882,0.02892,0.02893,0.02894,0.02895,0.02896,0.02897,0.02898,0.02899,0.029,0.02901,12100,7213,26342,13086,49796,22504,72188,22424,45498,55553,2424,6710,2924,6517,12888,7348,9525,34465,10063,22424
244,0.02889,0.02888,0.02887,0.02886,0.02885,0.02884,0.02883,0.02882,0.02881,0.02879,0.0289,0.02891,0.02892,0.02893,0.02894,0.02895,0.02896,0.02897,0.02898,0.02899,2203,6713,13094,5686,21310,29829,94923,55553,19539,2424,2424,2924,2424,6710,6851,6517,14397,2424,2424,5188
245,0.02891,0.0289,0.02889,0.02888,0.02887,0.02886,0.02885,0.02884,0.02883,0.02882,0.02893,0.02894,0.02895,0.02896,0.02898,0.02899,0.029,0.02901,0.02902,0.02903,2424,7215,6494,10083,53635,43628,51599,22424,53181,93741,2424,7215,6517,12888,2424,9962,10063,22424,2424,4998
246,0.02891,0.0289,0.02889,0.02888,0.02887,0.02886,0.02885,0.02884,0.02883,0.02882,0.02893,0.02894,0.02895,0.02896,0.02898,0.02899,0.029,0.02901,0.02902,0.02903,2424,7215,6494,9535,53635,43378,21310,23526,58628,55553,2424,7215,6517,12888,7790,11557,40563,22424,2424,4998
247,0.02891,0.0289,0.02889,0.02888,0.02887,0.02886,0.02885,0.02884,0.02883,0.02882,0.02892,0.02893,0.02894,0.02895,0.02896,0.02898,0.02899,0.029,0.02901,0.02902,2424,7215,6494,9535,53635,59203,21310,23526,56145,91503,2424,2924,6715,6517,12888,7802,6697,7822,22424,2424
248,0.02891,0.0289,0.02889,0.02888,0.02887,0.02886,0.02885,0.02884,0.02883,0.02882,0.02892,0.02893,0.02894,0.02895,0.02896,0.02897,0.02898,0.02899,0.029,0.02901,2424,7215,6494,2424,53392,22978,21310,45744,3526,55553,2424,6929,6715,6517,12888,7546,9525,42510,2424,22424
249,0.02891,0.0289,0.02889,0.02888,0.02887,0.02886,0.02885,0.02884,0.02883,0.02882,0.02892,0.02893,0.02895,0.02896,0.02898,0.02899,0.029,0.02901,0.02902,0.02903,2424,7215,2203,26992,57284,72072,21310,22424,40816,106668,2424,7211,2424,17175,7843,6697,7822,22424,2424,4998
250,0.0289,0.02889,0.02888,0.02887,0.02886,0.02885,0.02884,0.02883,0.02882,0.02881,0.02891,0.02892,0.02893,0.02895,0.02896,0.02898,0.02899,0.029,0.02901,0.02902,2424,13621,2424,30498,13090,72196,22424,3526,132193,19539,2424,7213,6711,2424,12888,7833,42472,2424,22424,2424
251,0.02888,0.02887,0.02886,0.02885,0.02884,0.02883,0.02882,0.02881,0.0288,0.02879,0.02889,0.0289,0.02891,0.02895,0.02896,0.02897,0.02898,0.02899,0.029,0.02901,2424,13094,6716,28717,65583,89653,87170,100228,2424,21778,2424,7213,12888,3930,7997,10063,2424,2947,2424,22424
252,0.02888,0.02887,0.02886,0.02885,0.02884,0.02883,0.02882,0.02881,0.0288,0.02879,0.0289,0.02891,0.02896,0.02897,0.02898,0.02899,0.029,0.02901,0.02902,0.02903,2424,12594,7216,28501,62005,3526,87170,4998,2424,100529,17677,12888,7967,11569,2424,2947,2424,22424,2424,4998
253,0.02888,0.02887,0.02886,0.02885,0.02884,0.02883,0.02882,0.02881,0.0288,0.02879,0.0289,0.02891,0.02896,0.02897,0.02898,0.02899,0.029,0.02901,0.02902,0.02903,2424,16886,7214,28501,47141,42634,87170,4998,41289,100529,17678,17180,2424,6172,7822,2947,2424,22424,2424,4998
254,0.02886,0.02885,0.02884,0.02883,0.02882,0.02881,0.0288,0.02879,0.02878,0.02877,0.02888,0.02889,0.0289,0.02891,0.02895,0.02896,0.02897,0.02898,0.02899,0.029,2424,25603,500,2424,14230,41876,25970,200998,5432,22413,17681,19442,12888,12888,6168,7822,20000,2424,5489,12142
255,0.02887,0.02886,0.02885,0.02884,0.02883,0.02882,0.02881,0.0288,0.02879,0.02878,0.02889,0.0289,0.02891,0.02895,0.02896,0.02897,0.02898,0.02899,0.02903,0.02904,2424,6719,26103,9833,28016,6819,3526,24868,159519,5425,19942,12888,12888,4665,2424,3929,7822,25489,2424,3315
256,0.0288,0.02879,0.02878,0.02877,0.02876,0.02875,0.02874,0.02873,0.02872,0.02871,0.02882,0.02883,0.02884,0.02885,0.02886,0.02888,0.02889,0.0289,0.02891,0.02892,10660,51976,10300,37343,45436,57964,48185,3526,66764,3918,500,12221,500,6723,17184,2424,6156,2424,5398,2424
257,0.0288,0.02879,0.02878,0.02877,0.02876,0.02875,0.02874,0.02873,0.02872,0.02871,0.02882,0.02883,0.02884,0.02885,0.02886,0.02889,0.0289,0.02891,0.02893,0.02894,10660,51976,23597,23384,45441,57512,24315,3526,105771,3918,500,20261,2924,6723,17184,2424,6156,7822,2424,8077
258,0.0288,0.02879,0.02878,0.02877,0.02876,0.02875,0.02874,0.02873,0.02872,0.02871,0.02882,0.02883,0.02884,0.02885,0.02886,0.02889,0.0289,0.02891,0.02893,0.02894,10660,32622,23597,15957,10797,95046,31273,2424,69727,23326,500,9797,2924,6723,17184,2424,6156,2424,5398,2424
259,0.02879,0.02878,0.02877,0.02876,0.02875,0.02874,0.02873,0.02872,0.02871,0.0287,0.02882,0.02883,0.02884,0.02885,0.02886,0.02887,0.02888,0.0289,0.02891,0.02892,30698,4708,20123,35209,5686,43756,24923,13212,86764,13504,17799,20761,2424,6723,9525,34350,4665,7822,2947,12173
260,0.0288,0.02879,0.02878,0.02877,0.02876,0.02875,0.02874,0.02873,0.02872,0.02871,0.02883,0.02884,0.02885,0.02887,0.02888,0.02889,0.0289,0.02891,0.02892,0.02893,2424,32482,4708,43449,38169,2424,10484,88313,39208,24417,20261,2424,6723,2424,4665,3914,2424,8345,2424,25031
261,0.02881,0.0288,0.02879,0.02878,0.02877,0.02876,0.02875,0.02874,0.02873,0.02872,0.02884,0.02885,0.02888,0.02889,0.0289,0.02891,0.02892,0.02893,0.02895,0.02896,12856,7227,42329,79449,15957,2424,68286,9382,24923,3463,17691,6723,2424,3914,17419,33612,7822,25031,2424,3315
262,0.0288,0.02879,0.02878,0.02877,0.02876,0.02875,0.02874,0.02873,0.02872,0.02871,0.02883,0.02884,0.02885,0.02888,0.02889,0.0289,0.02891,0.02892,0.02893,0.02895,13860,34906,48891,51527,33899,51364,75360,24923,3463,25911,2424,17191,6723,2424,3914,10063,2947,2424,25031,2424
263,0.0288,0.02879,0.02878,0.02877,0.02876,0.02875,0.02874,0.02873,0.02872,0.02871,0.02882,0.02883,0.02884,0.02888,0.02889,0.0289,0.02891,0.02892,0.02893,0.02895,12282,32622,41466,46187,10791,117084,9382,24923,33693,25911,2424,17190,7227,2424,9556,10063,2947,2424,25031,2424
264,0.0288,0.02879,0.02878,0.02877,0.02876,0.02875,0.02874,0.02873,0.02872,0.02871,0.02882,0.02883,0.02884,0.02888,0.02889,0.0289,0.02891,0.02892,0.02893,0.02895,12282,32622,29356,40825,2424,61378,44521,24923,3463,34714,2424,17190,7227,7787,9312,4665,2947,2424,25031,2424
265,0.02877,0.02876,0.02875,0.02874,0.02873,0.02872,0.02871,0.0287,0.02869,0.02867,0.02879,0.0288,0.02881,0.02882,0.02883,0.02885,0.02886,0.02887,0.0289,0.02891,22924,16941,2424,16815,51016,69238,34714,87861,61986,2424,2424,17860,7228,2424,12888,7948,11548,32798,2424,24645
266,0.0287,0.02869,0.02868,0.02867,0.02866,0.02865,0.02864,0.02863,0.02862,0.02861,0.02873,0.02878,0.02879,0.0288,0.02881,0.02882,0.02883,0.02884,0.02885,0.02886,2926,2924,26753,5686,10690,136489,2424,32211,90963,16258,7194,3895,8077,4665,7822,2424,22947,2424,14805,6220
267,0.02871,0.0287,0.02869,0.02868,0.02867,0.02866,0.02865,0.02864,0.02863,0.02862,0.02872,0.02873,0.02874,0.02877,0.02878,0.02879,0.0288,0.02882,0.02883,0.02884,1868,1002,2424,6753,6222,26853,29154,37923,32211,83647,1067,2424,16619,7841,10995,33391,10063,2424,22947,28856
268,0.02874,0.02873,0.02872,0.02871,0.0287,0.02869,0.02868,0.02867,0.02866,0.02865,0.02878,0.02881,0.02882,0.02883,0.02884,0.02885,0.02886,0.02887,0.02888,0.02889,10955,6559,22538,40395,34979,34783,42755,43138,3905,11756,3492,2424,7756,4428,9525,30063,6220,2424,3315,4964
269,0.02872,0.02871,0.0287,0.02869,0.02868,0.02867,0.02866,0.02865,0.02864,0.02863,0.02877,0.02878,0.02881,0.02882,0.02883,0.02884,0.02885,0.02887,0.02888,0.02889,29679,4292,18421,20974,41731,2424,3526,54303,119297,48754,13956,12888,2424,9376,10586,2424,22424,2424,29747,4964
270,0.02872,0.02871,0.0287,0.02869,0.02868,0.02867,0.02866,0.02865,0.02864,0.02863,0.02876,0.02877,0.02878,0.0288,0.02881,0.02882,0.02883,0.02884,0.02885,0.02887,28109,4292,28756,9866,67019,22424,3526,81069,2424,60992,2424,3676,14456,2424,3901,8073,5188,7822,22424,2424
271,0.02874,0.02873,0.02872,0.02871,0.0287,0.02869,0.02868,0.02867,0.02866,0.02865,0.02877,0.02878,0.02881,0.02882,0.02883,0.02884,0.02885,0.02887,0.02888,0.02889,9719,2424,18340,23367,13127,35612,3526,88329,35612,34303,8751,3992,2424,9342,12289,38607,22424,2424,29747,8760
272,0.02874,0.02873,0.02872,0.02871,0.0287,0.02869,0.02868,0.02867,0.02866,0.02865,0.02877,0.02878,0.02881,0.02882,0.02883,0.02884,0.02885,0.02887,0.02888,0.02889,10941,2424,18340,23367,39288,2424,10967,121931,2424,34303,8751,3992,2424,9342,5188,7822,22424,2424,3315,35192
273,0.02877,0.02876,0.02875,0.02874,0.02873,0.02872,0.02871,0.0287,0.02869,0.02868,0.02879,0.02881,0.02882,0.02883,0.02884,0.02885,0.02886,0.02887,0.02888,0.02889,8472,7482,12888,34290,9858,52974,23435,3526,105551,4989,2424,4746,2424,2947,14668,34376,7822,4665,23315,8760
274,0.02876,0.02875,0.02874,0.02873,0.02872,0.02871,0.0287,0.02869,0.02868,0.02867,0.02878,0.02879,0.0288,0.02881,0.02882,0.02883,0.02884,0.02885,0.02886,0.02887,12758,10464,31866,7436,44482,1868,69038,20000,36583,24022,2424,4246,2924,14710,2424,2947,7870,6156,7822,32700
275,0.02874,0.02872,0.02871,0.0287,0.02869,0.02868,0.02867,0.02865,0.02864,0.02863,0.02877,0.02878,0.02879,0.0288,0.02881,0.02882,0.02883,0.02884,0.02885,0.02886,11666,13726,1868,1029,27441,78867,22531,6730,1490,44885,4246,2924,4246,6721,12888,2424,4434,7822,4665,22424
276,0.02875,0.02874,0.02873,0.02872,0.02871,0.0287,0.02869,0.02868,0.02867,0.02866,0.02878,0.02879,0.0288,0.02881,0.02882,0.02883,0.02884,0.02887,0.02888,0.02889,3144,5057,15134,53032,1868,10700,38043,2565,22531,20083,1718,4746,6721,12888,2424,13777,22424,2424,8713,31396
277,0.02874,0.02873,0.02872,0.02871,0.0287,0.02869,0.02868,0.02867,0.02866,0.02865,0.02877,0.02878,0.02879,0.0288,0.02881,0.02882,0.02883,0.02884,0.02885,0.02886,8316,15134,42896,1868,10700,38043,2565,22531,30249,6730,3718,1423,4246,6149,12888,2424,5188,3911,7822,20000
278,0.02874,0.02873,0.02872,0.02871,0.0287,0.02869,0.02868,0.02867,0.02866,0.02865,0.02876,0.02877,0.02878,0.02879,0.0288,0.02881,0.02882,0.02883,0.02884,0.02885,5057,5170,5057,19480,3262,20000,3667,22531,48811,6730,1991,2924,2980,2424,6936,12888,2424,6674,2424,7822
279,0.02874,0.02872,0.02871,0.0287,0.02869,0.02868,0.02867,0.02866,0.02865,0.02864,0.02877,0.02878,0.02879,0.0288,0.02881,0.02882,0.02883,0.02884,0.02885,0.02886,5557,5057,9916,32389,20000,2565,22531,33841,6730,1488,1966,3480,2424,6936,12888,2424,5188,3911,7822,20000
280,0.02874,0.02873,0.02872,0.02871,0.0287,0.02869,0.02868,0.02867,0.02866,0.02865,0.02877,0.02878,0.02879,0.0288,0.02881,0.02882,0.02883,0.02884,0.02885,0.02886,5291,2416,20812,9309,32389,20000,2565,22531,33841,6730,526,2980,2424,6936,12888,2424,5188,3911,7822,20000
281,0.02874,0.02873,0.02872,0.02871,0.0287,0.02869,0.02868,0.02867,0.02866,0.02865,0.02876,0.02877,0.02878,0.02879,0.0288,0.02881,0.02882,0.02883,0.02884,0.02885,8597,2416,40847,1868,3262,20000,2565,1102,52937,24033,989,2424,2924,2424,6936,12888,2424,5188,3911,7822
282,0.02874,0.02873,0.02872,0.02871,0.0287,0.02869,0.02868,0.02867,0.02866,0.02865,0.02878,0.02881,0.02883,0.02884,0.02885,0.02886,0.02888,0.02889,0.0289,0.02897,9561,2416,20812,12570,25593,20000,3667,41732,6734,24035,4197,10464,523,9381,5398,20000,27323,2540,12198,13588
283,0.02874,0.02873,0.02872,0.02871,0.0287,0.02869,0.02868,0.02867,0.02866,0.02865,0.02878,0.02881,0.02883,0.02884,0.02886,0.02887,0.02888,0.02889,0.0289,0.02897,9561,2416,20812,13283,23622,20000,2565,69489,6734,1488,3275,10464,523,2241,7141,5398,20891,28972,12198,3796
284,0.02878,0.02877,0.02876,0.02875,0.02874,0.02873,0.02872,0.02871,0.0287,0.02869,0.02881,0.02882,0.02883,0.02887,0.02888,0.02889,0.0289,0.02892,0.02893,0.02896,6834,17344,11652,5909,5291,21062,1102,23278,23780,20000,2385,3247,523,5653,4631,5398,12198,20000,2602,26432
285,0.02878,0.02877,0.02876,0.02875,0.02874,0.02873,0.02872,0.02871,0.0287,0.02869,0.0288,0.02881,0.02882,0.02883,0.02885,0.02886,0.02887,0.02888,0.02889,0.0289,6877,2220,1188,24118,5291,986,22926,1868,35440,20000,4158,3101,14622,10987,6781,7101,26295,29564,38936,12198
286,0.02872,0.02871,0.02869,0.02868,0.02866,0.02865,0.02864,0.02863,0.0286,0.02859,0.02874,0.02875,0.02876,0.02877,0.02878,0.02879,0.0288,0.02881,0.02882,0.02883,6810,2368,10707,27020,7836,42547,65626,25414,2256,20494,2808,500,14530,13306,10464,4171,7101,36753,2241,26955
287,0.02874,0.02873,0.02872,0.02871,0.02869,0.02868,0.02867,0.02866,0.02865,0.02864,0.02877,0.02878,0.02879,0.02883,0.02884,0.02885,0.02886,0.02887,0.02888,0.02889,17151,2652,13977,5130,8543,48682,22625,6734,44031,22013,4864,4200,4933,6176,3725,5398,66018,2605,27323,20000
288,0.02873,0.02872,0.02871,0.0287,0.02868,0.02867,0.02866,0.02865,0.02864,0.02863,0.02875,0.02876,0.02877,0.02878,0.02879,0.0288,0.02881,0.02882,0.02883,0.02884,2652,1885,1868,22640,4364,23263,6734,67233,31827,25414,4388,10964,14415,3700,9988,8582,54244,5398,523,45017
289,0.02874,0.02873,0.02872,0.02871,0.0287,0.02868,0.02867,0.02866,0.02865,0.02864,0.02877,0.02878,0.02879,0.02883,0.02884,0.02885,0.02886,0.02887,0.02888,0.02889,7629,2652,8585,46378,3262,1102,26077,6734,42547,33306,3951,4200,4933,8417,8585,31830,70588,22605,891,9810
290,0.02874,0.02872,0.02871,0.0287,0.02868,0.02867,0.02866,0.02865,0.02864,0.02863,0.02877,0.02878,0.02879,0.02882,0.02883,0.02884,0.02885,0.02886,0.02887,0.02888,8282,1385,46378,3262,8543,56442,6734,20000,23496,35205,3252,4200,4933,5653,4248,24321,31830,43861,22605,891
291,0.02871,0.0287,0.02867,0.02866,0.02865,0.02864,0.02863,0.02862,0.02861,0.0286,0.02873,0.02874,0.02875,0.02876,0.02877,0.02878,0.0288,0.02881,0.02882,0.02883,6040,500,11539,31361,20000,44568,25414,9819,43415,1477,3864,500,7940,12867,14638,3700,6875,34672,26432,38754
292,0.02871,0.02869,0.02868,0.02867,0.02866,0.02865,0.02864,0.02863,0.02861,0.0286,0.02874,0.02876,0.02877,0.02879,0.0288,0.02881,0.02882,0.02883,0.02884,0.02885,35031,3262,19880,7442,29273,1102,72399,12302,14603,16336,2224,12188,2162,2802,19043,31513,2241,5921,26432,43993
293,0.02873,0.02872,0.02871,0.02869,0.02868,0.02867,0.02866,0.02865,0.02864,0.02863,0.02876,0.02877,0.0288,0.02883,0.02884,0.02886,0.02887,0.02888,0.02889,0.0289,4986,3485,30948,10704,27190,1102,29273,1482,65440,10824,810,2162,10464,7658,7639,20000,2605,891,26432,12198
294,0.02873,0.02872,0.02871,0.02869,0.02868,0.02866,0.02865,0.02864,0.02863,0.02861,0.02876,0.02877,0.02879,0.0288,0.02881,0.02882,0.02883,0.02884,0.02886,0.02887,5288,2932,35990,11806,63883,29273,76983,23496,10824,86157,977,11846,4464,10464,1482,7101,31529,7639,20000,2605
295,0.02873,0.02872,0.02871,0.02869,0.02868,0.02867,0.02866,0.02865,0.02864,0.02863,0.02874,0.02875,0.02876,0.02877,0.0288,0.02881,0.02882,0.02883,0.02886,0.02887,5283,2235,35990,10708,34339,25858,6734,1102,94483,10824,417,10464,11548,10464,5561,8581,38946,523,20000,2605
296,0.02871,0.02869,0.02867,0.02866,0.02865,0.02864,0.02863,0.02861,0.0286,0.02859,0.02875,0.02876,0.02877,0.02878,0.02882,0.02883,0.02884,0.02887,0.02888,0.02889,35990,3262,8548,72016,70787,78993,43384,14603,70811,10712,10464,11025,1903,10464,5653,9641,20000,2605,891,26432
297,0.02871,0.02869,0.02868,0.02867,0.02866,0.02864,0.02863,0.02861,0.0286,0.02859,0.02876,0.02877,0.02878,0.0288,0.02881,0.02882,0.02883,0.02884,0.02887,0.02888,35990,3262,1102,7446,40919,149819,43384,14603,70811,20512,14159,1903,10464,12672,50719,2241,5921,20000,2605,891
298,0.02873,0.02872,0.02871,0.02868,0.02867,0.02866,0.02864,0.02863,0.02861,0.0286,0.02876,0.02877,0.02878,0.02883,0.02885,0.02886,0.02887,0.02888,0.02889,0.0289,5428,7075,35990,1102,10708,40919,162809,12303,14603,70811,14401,12367,10464,523,7894,26880,2605,891,26432,12198
299,0.02868,0.02867,0.02866,0.02864,0.02863,0.02862,0.02861,0.02859,0.02858,0.02856,0.02871,0.02872,0.02873,0.02874,0.02875,0.02879,0.0288,0.02881,0.02883,0.02884,5434,4647,25434,7456,32338,55532,2566,11814,61032,34134,10964,10464,10464,6409,11893,3132,5398,12198,20000,2595
300,0.02868,0.02867,0.02866,0.02864,0.02863,0.02862,0.02861,0.0286,0.02859,0.02858,0.02871,0.02872,0.02873,0.02874,0.02875,0.02878,0.02879,0.0288,0.02881,0.02882,5434,4647,25434,7456,33501,22570,2566,1102,63180,8222,10352,10464,10464,6409,10422,1476,3132,5398,12198,26432
301,0.02868,0.02867,0.02866,0.02863,0.02862,0.0286,0.02859,0.02858,0.02856,0.02855,0.0287,0.02871,0.02872,0.02873,0.02874,0.02875,0.02879,0.0288,0.02881,0.02882,5439,4921,30871,21509,22570,1102,90818,10777,35088,70658,10464,10964,10464,10464,6409,523,4606,8006,12198,26432
302,0.02867,0.02866,0.02865,0.02863,0.02862,0.0286,0.02859,0.02858,0.02857,0.02856,0.0287,0.02871,0.02872,0.02873,0.02875,0.02876,0.02877,0.02879,0.0288,0.02881,5465,11371,20000,3728,22570,20272,11814,40784,60486,35088,10964,10464,10980,10464,523,8577,39112,891,29040,12198
303,0.02869,0.02868,0.02867,0.02866,0.02865,0.02864,0.02863,0.02862,0.0286,0.02859,0.02871,0.02872,0.02873,0.02874,0.02875,0.02876,0.02877,0.02878,0.02879,0.0288,499,5438,5965,10871,23262,7455,56565,22570,1102,60566,10964,10874,15521,15331,10987,1477,14740,31821,891,26432
304,0.02869,0.02868,0.02867,0.02866,0.02865,0.02864,0.02863,0.02862,0.02859,0.02858,0.02871,0.02872,0.02873,0.02874,0.02875,0.02879,0.0288,0.02881,0.02883,0.02885,499,5438,5965,10871,20000,8401,60565,22570,60566,10783,10964,9844,15521,15331,10987,3132,6875,12198,2589,26432
305,0.02872,0.0287,0.02868,0.02867,0.02866,0.02865,0.02863,0.02862,0.02861,0.0286,0.02874,0.02875,0.02879,0.0288,0.02881,0.02883,0.02886,0.02887,0.02889,0.02891,999,500,15902,8549,38424,23262,466,56195,2540,1484,12428,11274,6397,6882,14439,2589,26432,20000,3796,10208
306,0.02878,0.02876,0.02875,0.02873,0.02872,0.02871,0.0287,0.02869,0.02868,0.02866,0.02879,0.0288,0.02881,0.02885,0.02886,0.02887,0.0289,0.02893,0.02894,0.02895,500,500,7401,8535,59989,20946,4588,40106,1496,15541,841,500,12198,7149,7639,32084,2599,26432,20000,3796
307,0.02874,0.02873,0.02872,0.02871,0.0287,0.02869,0.02867,0.02866,0.02865,0.02863,0.02878,0.02881,0.02886,0.02887,0.02888,0.0289,0.02894,0.02895,0.02899,0.029,11783,641,25065,22239,12028,63117,85728,70412,2613,70228,2316,12198,2241,7600,5398,22599,26432,3796,10390,5382
308,0.02876,0.02875,0.02874,0.02873,0.02872,0.02871,0.0287,0.02869,0.02868,0.02867,0.02878,0.02879,0.02881,0.02887,0.02888,0.02889,0.0289,0.02894,0.02895,0.029,4613,3061,4613,4671,32488,24868,1102,31859,50594,436,3563,500,12198,2697,1492,5398,22599,26432,14121,5382
309,0.02876,0.02875,0.02874,0.02873,0.02872,0.02871,0.0287,0.02869,0.02868,0.02867,0.02878,0.02879,0.0288,0.02881,0.02887,0.02888,0.02889,0.0289,0.02894,0.02895,3152,1767,10464,7437,23262,17886,1102,61920,110015,436,7301,500,4168,12198,2697,7145,5398,22599,26432,3796
310,0.02874,0.02873,0.02872,0.0287,0.02869,0.02868,0.02867,0.02866,0.02864,0.02863,0.02878,0.02879,0.0288,0.02881,0.02885,0.02886,0.02887,0.02888,0.02889,0.02893,20119,3585,53897,10703,93605,23049,436,6734,2581,494,3235,2216,3235,12198,5653,9127,456,26432,2581,20000
311,0.02877,0.02876,0.02875,0.02874,0.02873,0.02872,0.02871,0.0287,0.02868,0.02866,0.02878,0.02879,0.02881,0.02885,0.02887,0.02888,0.02889,0.02894,0.02895,0.029,499,3621,500,4671,5081,27437,72285,7805,23484,6734,2945,500,12198,2241,6109,6890,22581,26432,14027,5382
312,0.02876,0.02875,0.02874,0.02873,0.02872,0.02871,0.0287,0.02869,0.02868,0.02867,0.0288,0.02881,0.02885,0.02886,0.02887,0.02892,0.02893,0.02895,0.02899,0.029,9251,2974,15135,25972,23262,31177,4543,435,76749,14582,1865,12198,13999,33418,456,34404,20000,3796,10234,5382
313,0.02878,0.02876,0.02875,0.02874,0.02873,0.02872,0.02871,0.0287,0.02869,0.02868,0.02879,0.0288,0.02881,0.02884,0.02885,0.02886,0.02887,0.02892,0.02893,0.02895,278,5303,2974,4671,8374,54929,56202,5068,435,74762,1113,3071,12198,6836,7101,38816,456,29006,20000,3796
314,0.02874,0.02872,0.02871,0.0287,0.02869,0.02868,0.02867,0.02866,0.02864,0.02863,0.02878,0.0288,0.02881,0.02883,0.02884,0.02885,0.02886,0.02887,0.02889,0.02892,24437,30702,52755,36365,1537,56850,99279,6734,1489,10842,4164,2571,12198,6923,7101,36695,2241,456,2564,26432
315,0.02872,0.02869,0.02868,0.02867,0.02866,0.02865,0.02863,0.02862,0.02861,0.0286,0.02876,0.02877,0.02878,0.0288,0.02881,0.02882,0.02883,0.02884,0.02885,0.02887,20500,5739,3788,8547,104374,33140,12328,29541,14608,19484,13619,3166,12938,8585,42770,2241,5398,20000,2537,456
316,0.02873,0.02872,0.0287,0.02869,0.02868,0.02867,0.02866,0.02865,0.02864,0.02863,0.02877,0.02878,0.02879,0.0288,0.02881,0.02887,0.02889,0.0289,0.02891,0.02892,5408,20000,8544,68389,54249,33418,63569,2563,1491,10842,21847,10681,3102,4444,13684,456,2567,2241,5398,26432
317,0.02873,0.02872,0.0287,0.02869,0.02868,0.02867,0.02866,0.02865,0.02864,0.02863,0.02877,0.02878,0.02879,0.02881,0.02886,0.02887,0.02888,0.02889,0.02894,0.02895,10243,20000,8544,73547,36928,33951,61029,2563,40228,10842,1841,13718,179,12198,22241,7595,5398,2567,26432,13995
318,0.02877,0.02875,0.02873,0.02872,0.02871,0.0287,0.02869,0.02868,0.02867,0.02866,0.02879,0.0288,0.02881,0.02884,0.02885,0.02886,0.02887,0.02889,0.02893,0.02894,254,500,6427,26971,40605,38552,73924,22523,37929,39982,22519,10464,12198,1492,2241,5398,456,2567,20000,26432
319,0.02877,0.02876,0.02875,0.02874,0.02873,0.02872,0.02871,0.0287,0.02869,0.02868,0.02879,0.02881,0.02882,0.02883,0.02884,0.02885,0.02887,0.02888,0.02889,0.02892,5919,10464,79901,27701,29219,52553,52685,22507,12788,37089,577,8686,3625,10464,10464,10464,4189,37385,12198,2536
320,0.02877,0.02876,0.02875,0.02874,0.02873,0.02872,0.02871,0.0287,0.02869,0.02868,0.02883,0.02884,0.02885,0.02887,0.02888,0.02889,0.02892,0.02893,0.02894,0.02895,18095,20309,47982,39206,4364,50633,35780,35053,35151,19430,2966,10464,10464,1948,10979,45051,2536,20000,26432,3796
321,0.02879,0.02878,0.02877,0.02876,0.02875,0.02874,0.02873,0.02872,0.02871,0.0287,0.02884,0.02885,0.02886,0.02887,0.02888,0.02889,0.02892,0.02893,0.02894,0.02895,5415,2742,20895,11501,33519,50230,34097,112443,4008,31285,3335,6279,10464,10920,1500,14439,5398,20000,30710,2579
322,0.02879,0.02878,0.02877,0.02876,0.02875,0.02874,0.02873,0.02872,0.02871,0.0287,0.02883,0.02884,0.02885,0.02886,0.02887,0.02888,0.02889,0.02893,0.02894,0.02895,5203,2742,18341,11566,33519,50230,34097,81631,34874,1499,2920,14455,282,10464,10920,1500,19837,20000,30710,2579
323,0.02879,0.02878,0.02877,0.02876,0.02875,0.02874,0.02873,0.02872,0.02871,0.0287,0.02882,0.02883,0.02884,0.02886,0.02887,0.02889,0.02892,0.02893,0.02895,0.02899,5886,4001,5419,10464,16947,44296,37794,20000,36039,3029,2395,11334,12293,11958,13161,17596,26432,20000,2579,16266
324,0.02881,0.0288,0.02879,0.02878,0.02877,0.02875,0.02874,0.02873,0.02872,0.02871,0.02885,0.02886,0.02887,0.02889,0.02892,0.02894,0.02895,0.02897,0.02898,0.02902,18351,10464,29353,54720,20000,1102,35505,33299,54626,18567,3567,2992,456,12198,2241,5653,6901,20000,2545,26432
325,0.02881,0.0288,0.02879,0.02878,0.02877,0.02876,0.02875,0.02874,0.02873,0.02872,0.02884,0.02885,0.02886,0.02887,0.02888,0.02889,0.0289,0.02891,0.02894,0.02895,5377,10464,21227,4353,34366,62835,19267,2584,33461,55060,221,2131,2992,456,4592,12198,1502,31326,2241,5398
326,0.02881,0.0288,0.02879,0.02878,0.02877,0.02876,0.02875,0.02874,0.02873,0.02872,0.02886,0.02887,0.02889,0.02891,0.02892,0.02896,0.02897,0.02898,0.02903,0.02905,5378,3817,15842,14376,51288,3262,21207,34376,32398,60382,5262,456,12198,7096,38657,26432,20000,2545,14093,10324
327,0.02881,0.0288,0.02879,0.02878,0.02877,0.02876,0.02875,0.02874,0.02873,0.02872,0.02886,0.02887,0.02889,0.02891,0.02892,0.02895,0.02898,0.02902,0.02903,0.02905,5378,2715,15842,1102,20000,3262,29413,34659,65101,58915,5301,456,12198,7089,38657,20000,2545,26432,14093,10324
328,0.02882,0.02881,0.0288,0.02879,0.02878,0.02877,0.02876,0.02875,0.02874,0.02872,0.02883,0.02884,0.02885,0.02886,0.02887,0.02888,0.02889,0.02892,0.02893,0.02894,2424,7802,5639,18266,872,22424,20071,77008,5008,33705,2924,500,5220,1238,2880,7137,16123,4665,2424,7822
329,0.0288,0.02879,0.02878,0.02877,0.02876,0.02875,0.02874,0.02873,0.02872,0.02871,0.02881,0.02882,0.02883,0.02885,0.02886,0.02887,0.02888,0.02889,0.02893,0.02894,5139,2924,7692,22424,13007,34015,33601,5686,33290,67773,777,1708,500,2424,8273,4378,4665,20020,20000,2424
330,0.02885,0.02884,0.02883,0.02882,0.02881,0.0288,0.02879,0.02878,0.02877,0.02876,0.02887,0.02888,0.02889,0.02892,0.02893,0.02894,0.02895,0.02896,0.02897,0.02898,7828,2924,7833,5574,46235,35030,2424,38230,47216,2424,2880,2924,14622,2424,3927,15716,4975,2424,2424,22424
331,0.02887,0.02886,0.02885,0.02884,0.02883,0.02882,0.02881,0.0288,0.02879,0.02878,0.02888,0.02889,0.02893,0.02894,0.02895,0.02896,0.02897,0.02898,0.02902,0.02903,5403,2424,8329,2424,40990,16781,36080,5686,78091,2424,13255,15122,7865,35469,2424,4665,7822,25012,28856,6220
332,0.02884,0.02883,0.02881,0.0288,0.02879,0.02878,0.02877,0.02876,0.02875,0.02874,0.02887,0.02888,0.02889,0.02893,0.02894,0.02895,0.02897,0.02898,0.02902,0.02903,2924,7833,2994,44810,26430,5686,22424,68281,67216,3314,1944,23333,14622,2424,6169,7822,2424,25012,28856,6220
333,0.02886,0.02885,0.02884,0.02883,0.02882,0.02881,0.0288,0.02879,0.02878,0.02877,0.02888,0.02889,0.02892,0.02893,0.02894,0.02895,0.02896,0.02897,0.02898,0.02902,2923,7827,2924,7833,7984,34306,39731,2424,28576,22424,12869,14622,2424,9403,31097,39441,22424,2424,5012,2424
334,0.02883,0.02882,0.02881,0.0288,0.02879,0.02878,0.02877,0.02876,0.02875,0.02874,0.02886,0.02887,0.02888,0.02889,0.02891,0.02892,0.02893,0.02894,0.02895,0.02896,2924,5407,2424,13942,36088,31182,22424,36949,5492,51749,2424,6147,14793,14622,2424,6165,7822,34293,28856,22424
335,0.02884,0.02883,0.02882,0.02881,0.0288,0.02879,0.02878,0.02877,0.02876,0.02875,0.02886,0.02887,0.02888,0.02889,0.02891,0.02892,0.02893,0.02897,0.02898,0.02902,8331,2424,5407,43190,41149,24074,6788,76185,33909,5492,2424,12383,2924,14622,2424,6166,27822,2424,5012,28856
336,0.02883,0.02882,0.0288,0.02879,0.02878,0.02877,0.02876,0.02875,0.02874,0.02873,0.02885,0.02886,0.02887,0.02888,0.02889,0.0289,0.02891,0.02892,0.02893,0.02897,2424,8331,36156,9609,42077,22424,36156,5492,4416,61049,2424,2924,12383,2424,14622,3849,3924,4665,27822,2424
337,0.02883,0.02882,0.0288,0.02879,0.02878,0.02877,0.02876,0.02875,0.02874,0.02872,0.02886,0.02887,0.02888,0.02889,0.0289,0.02891,0.02892,0.02893,0.02897,0.02898,2924,7831,35886,10730,37012,22424,35886,70861,3314,3925,2424,2924,14800,14622,3849,2424,6164,27822,2424,5012
338,0.02881,0.0288,0.02879,0.02878,0.02877,0.02876,0.02875,0.02874,0.02873,0.02872,0.02883,0.02884,0.02885,0.02886,0.02888,0.02889,0.0289,0.02892,0.02893,0.02894,2424,7973,2424,9958,94095,28250,2948,67631,2424,68366,3636,4136,2424,25264,3917,14622,6090,7822,22424,2424
339,0.0288,0.02879,0.02878,0.02877,0.02876,0.02875,0.02874,0.02873,0.02872,0.02871,0.02882,0.02883,0.02884,0.02885,0.02886,0.02888,0.02889,0.0289,0.02892,0.02893,10485,2424,9447,29783,28250,2424,4416,24834,68366,16983,2424,3636,15309,2424,12888,3917,14622,11488,2424,22424
340,0.02879,0.02878,0.02877,0.02876,0.02875,0.02874,0.02873,0.02872,0.02871,0.0287,0.02881,0.02882,0.02883,0.02884,0.02885,0.02886,0.02887,0.02888,0.02889,0.0289,8001,2424,55242,22821,2424,40496,51210,14740,16983,49178,1212,2424,7094,14809,2424,12888,2424,11553,14622,3849
341,0.02877,0.02876,0.02875,0.02874,0.02873,0.02872,0.02871,0.0287,0.02869,0.02868,0.02878,0.02879,0.02882,0.02883,0.02884,0.02885,0.02886,0.02887,0.02888,0.02889,7684,10697,2424,18105,38459,34075,2424,10736,54672,101093,4632,3332,2424,2424,6149,8077,7822,22424,2424,14622
342,0.02877,0.02876,0.02875,0.02874,0.02873,0.02872,0.02871,0.0287,0.02869,0.02868,0.02879,0.0288,0.02881,0.02882,0.02885,0.02886,0.02887,0.02888,0.02889,0.0289,7030,7025,6419,3314,14330,34835,65633,31542,22424,113773,3996,2924,6420,12888,9562,40833,20000,2424,14622,4970
343,0.02879,0.02878,0.02877,0.02876,0.02875,0.02874,0.02873,0.02872,0.02871,0.0287,0.02881,0.02882,0.02886,0.02887,0.02888,0.02889,0.0289,0.02893,0.02894,0.02897,4699,2924,3996,6525,7413,16240,32374,22424,55995,31521,6420,15296,2424,9509,10063,91896,4970,2424,6220,2424
344,0.0288,0.02879,0.02878,0.02877,0.02876,0.02875,0.02874,0.02873,0.02872,0.02871,0.02881,0.02882,0.02886,0.02887,0.02888,0.02889,0.0289,0.02893,0.02894,0.02897,2424,4699,2924,3996,14787,30963,6576,32581,22424,2424,3996,2924,7812,3914,10063,34622,4970,28856,6220,2424
345,0.02885,0.02884,0.02883,0.02882,0.02881,0.0288,0.02879,0.02878,0.02876,0.02875,0.02886,0.02887,0.02888,0.02889,0.0289,0.02891,0.02893,0.02894,0.02895,0.02896,4475,2424,19098,2424,14946,23123,15475,75939,36424,2424,4781,2924,2424,14622,2424,22424,4665,2424,3928,7822
346,0.02882,0.02881,0.0288,0.02879,0.02878,0.02877,0.02876,0.02875,0.02874,0.02873,0.02884,0.02885,0.02886,0.02887,0.02888,0.02889,0.0289,0.02891,0.02892,0.02893,6703,2924,3088,2424,32655,3526,57608,2948,3314,67049,5493,2924,5493,6662,6830,28502,2424,10063,2424,22424
347,0.02882,0.02881,0.0288,0.02879,0.02878,0.02877,0.02876,0.02875,0.02874,0.02873,0.02884,0.02885,0.02886,0.02888,0.02889,0.0289,0.02891,0.02892,0.02893,0.02894,6703,2924,3088,2424,6554,24220,22424,2948,75027,4991,3069,2924,17882,7338,16121,2424,40549,28856,22424,2424
348,0.02884,0.02883,0.02882,0.02881,0.0288,0.02879,0.02878,0.02877,0.02876,0.02875,0.02886,0.02888,0.02889,0.0289,0.02891,0.02892,0.02893,0.02894,0.02895,0.02896,3988,8933,14052,2424,3088,11466,52696,76199,3314,22424,17364,2424,14622,2424,36353,2424,27822,2424,5017,12152
349,0.02882,0.02881,0.0288,0.02879,0.02878,0.02877,0.02876,0.02875,0.02874,0.02873,0.02884,0.02885,0.02886,0.02888,0.02889,0.0289,0.02891,0.02892,0.02893,0.02894,6650,2924,3088,9660,35714,2424,9383,23313,55802,4991,3986,2924,4475,6971,16121,2424,10063,2424,22424,2424
350,0.02882,0.02881,0.0288,0.02879,0.02878,0.02877,0.02876,0.02875,0.02874,0.02873,0.02884,0.02885,0.02886,0.02888,0.02889,0.0289,0.02891,0.02892,0.02893,0.02894,6650,2924,3088,16800,38761,43300,3526,56388,74404,4991,6410,21509,4475,7044,16121,4665,38490,28856,22424,2424
351,0.02883,0.02882,0.02881,0.0288,0.02879,0.02878,0.02877,0.02876,0.02875,0.02874,0.02884,0.02885,0.02886,0.02888,0.02889,0.0289,0.02891,0.02892,0.02893,0.02894,8802,16476,2424,22206,24339,72184,3526,38299,121365,60628,3986,21009,4975,7044,16121,44460,19805,30545,22424,2424
352,0.02884,0.02883,0.02882,0.02881,0.0288,0.02879,0.02878,0.02877,0.02876,0.02875,0.02885,0.02886,0.02888,0.02889,0.0289,0.02891,0.02892,0.02893,0.02894,0.02895,9266,14451,16476,2424,3262,25702,71180,32802,39798,52802,22572,4975,6930,16121,2424,10063,129378,32163,2424,5017
353,0.02884,0.02883,0.02882,0.02881,0.0288,0.02879,0.02878,0.02877,0.02876,0.02875,0.02886,0.02887,0.02888,0.02889,0.0289,0.02891,0.02892,0.02893,0.02894,0.02895,16277,2924,12888,12101,59361,12152,3526,136244,2875,22424,6408,6909,12888,14622,2424,9130,72579,60825,7822,5017
354,0.02885,0.02884,0.02883,0.02882,0.02881,0.0288,0.02879,0.02878,0.02877,0.02876,0.02887,0.02888,0.02889,0.0289,0.02891,0.02892,0.02893,0.02894,0.02895,0.02896,6410,25294,2424,21971,30430,71284,2424,3526,119185,56711,6409,21504,14622,2424,3927,7690,24665,77875,2424,12164
355,0.02885,0.02884,0.02883,0.02882,0.02881,0.0288,0.02879,0.02878,0.02877,0.02876,0.02887,0.02888,0.02889,0.02891,0.02892,0.02893,0.02894,0.02895,0.02897,0.02898,11923,2924,2424,25233,30430,10805,32709,42137,130966,6329,6409,21504,14622,2424,9081,24665,38583,76846,2424,5005
356,0.02885,0.02884,0.02883,0.02882,0.02881,0.0288,0.02879,0.02878,0.02877,0.02876,0.02887,0.02888,0.02889,0.02891,0.02892,0.02893,0.02894,0.02895,0.02897,0.02898,11923,2924,2424,25233,30430,30385,12153,3526,92598,6329,6409,21504,14622,2424,9081,24665,68970,76846,2424,5005
357,0.02886,0.02885,0.02883,0.02882,0.02881,0.0288,0.02879,0.02878,0.02877,0.02876,0.02887,0.02888,0.02889,0.02891,0.02892,0.02893,0.02894,0.02895,0.02897,0.02898,13954,6910,20950,39691,42331,33039,17358,3526,86451,5439,3985,2424,15122,2424,9081,24665,33040,86578,28856,5005
358,0.02886,0.02885,0.02883,0.02882,0.02881,0.0288,0.02878,0.02877,0.02876,0.02875,0.02888,0.02889,0.02891,0.02892,0.02893,0.02894,0.02895,0.02896,0.02897,0.02898,6407,2924,2424,29405,41304,92453,100245,45138,5466,18508,6407,15122,7094,26598,3931,7822,64702,45552,2424,5005
359,0.02885,0.02884,0.02883,0.02882,0.02881,0.0288,0.02878,0.02877,0.02876,0.02875,0.02887,0.02888,0.02889,0.02891,0.02892,0.02893,0.02894,0.02895,0.02896,0.02897,9700,500,2424,38199,32489,122162,2948,142826,5466,18508,6407,6907,14622,2424,3929,7991,17542,54990,2424,28856
360,0.02884,0.02883,0.02882,0.02881,0.0288,0.02879,0.02878,0.02877,0.02876,0.02875,0.02886,0.02887,0.02888,0.02889,0.02891,0.02892,0.02893,0.02894,0.02895,0.02897,9338,2924,12888,2424,20042,51038,13248,198759,5466,17003,6408,6907,2424,14622,3925,7985,24665,78388,2424,12146
361,0.02884,0.02883,0.02881,0.0288,0.02879,0.02878,0.02877,0.02876,0.02875,0.02874,0.02886,0.02887,0.02888,0.02889,0.0289,0.02891,0.02892,0.02893,0.02895,0.02897,2424,6910,2424,16069,34172,53480,44773,5466,17003,77167,6408,500,6212,14622,2424,3923,78408,65187,2424,28856
362,0.02884,0.02883,0.02881,0.0288,0.02879,0.02878,0.02877,0.02876,0.02875,0.02874,0.02886,0.02887,0.02888,0.02889,0.0289,0.02891,0.02892,0.02893,0.02895,0.02896,2424,6910,2424,17292,56689,53480,54504,6356,86958,3925,6408,500,6261,14622,2424,3924,109490,24665,28856,12155
363,0.02884,0.02883,0.02882,0.02881,0.0288,0.02879,0.02878,0.02877,0.02876,0.02875,0.02885,0.02886,0.02887,0.02888,0.02889,0.0289,0.02891,0.02892,0.02893,0.02894,2424,6410,500,2424,5686,13178,94648,44773,6351,61721,6410,6908,18580,2424,14622,2424,9577,78408,24665,28856
364,0.02886,0.02885,0.02884,0.02883,0.02881,0.0288,0.02879,0.02878,0.02877,0.02876,0.02887,0.02888,0.02889,0.02891,0.02892,0.02893,0.02894,0.02895,0.02896,0.02897,2424,6410,2924,8622,10294,45037,9846,182139,53975,6875,6408,2924,14622,2424,9277,92910,4665,7822,2424,12150
365,0.02884,0.02883,0.02882,0.02881,0.0288,0.02879,0.02878,0.02877,0.02876,0.02875,0.02886,0.02887,0.02888,0.02889,0.02891,0.02892,0.02893,0.02894,0.02897,0.02898,2424,9122,9729,10181,45332,3526,93190,168244,46521,17003,6408,6908,2424,14622,2424,9277,108037,35655,2424,5005
366,0.02886,0.02885,0.02884,0.02883,0.02882,0.02881,0.0288,0.02879,0.02878,0.02877,0.02887,0.02888,0.02889,0.02891,0.02892,0.02893,0.02894,0.02895,0.02897,0.02898,2424,6407,2924,8622,9254,31240,43648,2424,91442,135065,3984,2924,14622,2424,9541,92844,4665,2424,7822,5005
