timestamp,bid_price_0,bid_price_1,bid_price_2,bid_price_3,bid_price_4,bid_price_5,bid_price_6,bid_price_7,bid_price_8,bid_price_9,ask_price_0,ask_price_1,ask_price_2,ask_price_3,ask_price_4,ask_price_5,ask_price_6,ask_price_7,ask_price_8,ask_price_9,bid_size_0,bid_size_1,bid_size_2,bid_size_3,bid_size_4,bid_size_5,bid_size_6,bid_size_7,bid_size_8,bid_size_9,ask_size_0,ask_size_1,ask_size_2,ask_size_3,ask_size_4,ask_size_5,ask_size_6,ask_size_7,ask_size_8,ask_size_9
0,0.02885,0.02884,0.02883,0.02882,0.02881,0.0288,0.02879,0.02878,0.02877,0.02876,0.02889,0.0289,0.02891,0.02892,0.02893,0.02894,0.02895,0.02896,0.02897,0.02898,15346,27044,49689,2424,65192,36376,36311,22424,49784,14080,7267,2924,4842,2424,7266,2424,7966,39836,2424,22424
1,0.02885,0.02884,0.02883,0.02882,0.02881,0.0288,0.02879,0.02878,0.02877,0.02876,0.02888,0.02889,0.0289,0.02891,0.02892,0.02893,0.02894,0.02895,0.02896,0.02897,15346,12888,26966,36435,4968,39984,4495,96784,16938,2424,2424,7267,2424,4842,2424,7266,8476,39649,2424,2424
2,0.02888,0.02887,0.02886,0.02885,0.02884,0.02883,0.02882,0.02881,0.0288,0.02879,0.02891,0.02892,0.02893,0.02894,0.02895,0.02896,0.02897,0.02898,0.02899,0.029,21225,26150,15348,51385,39776,2424,36295,42334,65558,2424,4842,2924,7266,5806,37584,2424,7068,22424,2424,13662
3,0.02887,0.02886,0.02885,0.02884,0.02883,0.02882,0.02881,0.0288,0.02879,0.02878,0.0289,0.02891,0.02892,0.02893,0.02895,0.02896,0.02897,0.02898,0.02899,0.029,2424,4875,12888,11875,39781,24583,7039,2424,57233,32673,2924,17731,2424,7266,2424,44963,5649,22424,2424,13662
4,0.02887,0.02886,0.02885,0.02884,0.02883,0.02882,0.02881,0.0288,0.02879,0.02878,0.0289,0.02891,0.02892,0.02893,0.02894,0.02895,0.02896,0.02897,0.02898,0.02899,2924,15339,13706,10384,62989,2424,53542,36446,38747,32673,2203,7767,2424,7266,2424,3838,5646,7108,22424,2424
5,0.02887,0.02886,0.02885,0.02884,0.02883,0.02882,0.02881,0.02879,0.02878,0.02877,0.02889,0.0289,0.02891,0.02892,0.02893,0.02894,0.02896,0.02897,0.02898,0.02899,2424,15839,12888,3759,19780,37969,27529,2424,87071,16938,3807,2703,7267,2424,11027,38051,2424,7056,22424,2424
6,0.02882,0.02881,0.0288,0.02879,0.02878,0.02877,0.02876,0.02875,0.02874,0.02873,0.02884,0.02885,0.02886,0.02887,0.02888,0.02889,0.0289,0.02891,0.02892,0.02894,2424,7123,2424,7108,16602,55351,2424,27633,130245,12698,2424,17715,2424,6749,2424,8439,36711,22424,5605,2424
7,0.02882,0.02881,0.0288,0.02879,0.02878,0.02877,0.02876,0.02875,0.02874,0.02873,0.02885,0.02886,0.02887,0.02888,0.02889,0.0289,0.02891,0.02896,0.02897,0.02898,2424,7123,15399,5626,2424,26882,2424,4963,75869,12698,7252,12888,6749,2424,3818,6370,25609,2424,31487,14597
8,0.0288,0.02879,0.02878,0.02877,0.02876,0.02875,0.02874,0.02873,0.02872,0.02871,0.02881,0.02883,0.02884,0.02885,0.02886,0.02887,0.02888,0.02889,0.0289,0.02891,3782,9308,3782,7697,36797,58956,2424,94066,72129,22424,548,5458,2424,10099,12888,6749,3807,5591,2203,56817
9,0.02887,0.02886,0.02885,0.02884,0.02883,0.02882,0.02881,0.0288,0.02879,0.02878,0.02889,0.0289,0.02891,0.02894,0.02895,0.02896,0.02897,0.02898,0.02899,0.029,3315,15500,13244,3227,51307,12888,36300,97205,38863,2424,7609,9814,22424,2424,3840,5631,2424,2424,2424,4960
10,0.02884,0.02883,0.02882,0.02881,0.0288,0.02879,0.02878,0.02877,0.02874,0.02873,0.02887,0.02888,0.02889,0.0289,0.02891,0.02894,0.02895,0.02896,0.02898,0.02899,2424,14224,14196,41207,25378,5316,60652,70969,2424,34541,2924,7607,5175,14498,22424,2424,5624,3829,2424,13005
11,0.02887,0.02886,0.02885,0.02884,0.02883,0.02882,0.02881,0.0288,0.02879,0.02878,0.0289,0.02891,0.02894,0.02895,0.02896,0.02897,0.02899,0.029,0.02901,0.02902,2424,16775,18097,14645,52676,12888,25047,39010,90984,2424,7887,22424,17368,38897,3842,5645,2424,4960,30696,6183
12,0.0289,0.02889,0.02888,0.02887,0.02886,0.02885,0.02884,0.02883,0.02882,0.02881,0.02892,0.02893,0.02896,0.02898,0.02899,0.029,0.02901,0.02902,0.02903,0.02904,2424,16556,17379,5626,50082,17694,59409,39618,67881,36295,500,28606,2424,5660,3851,2424,4173,4684,2424,5032
13,0.0289,0.02889,0.02888,0.02887,0.02886,0.02885,0.02884,0.02883,0.02882,0.02881,0.02893,0.02894,0.02895,0.02896,0.02897,0.02898,0.02899,0.029,0.02901,0.02903,6829,12888,14136,40364,2424,58811,39586,2424,44598,2424,4402,2924,7604,2424,6037,10977,22424,5674,39586,2424
14,0.0289,0.02889,0.02888,0.02887,0.02886,0.02885,0.02884,0.02883,0.02882,0.02881,0.02893,0.02894,0.02895,0.02896,0.02897,0.02898,0.02899,0.029,0.02904,0.02905,2424,17293,12888,7510,96711,2424,80796,38564,19511,24575,7326,2424,7604,2424,6037,10977,58534,2424,3243,2424
15,0.02884,0.02883,0.02882,0.02881,0.0288,0.02879,0.02878,0.02877,0.02876,0.02875,0.02886,0.02887,0.02888,0.02889,0.0289,0.02891,0.02892,0.02893,0.02899,0.02901,4824,12917,2424,5626,4357,57546,27707,3321,21442,2424,2424,7770,2424,6464,6631,14635,36226,25609,2424,28947
16,0.02881,0.0288,0.02879,0.02878,0.02877,0.02876,0.02875,0.02874,0.02873,0.0287,0.02884,0.02885,0.02886,0.02887,0.0289,0.02891,0.02892,0.02893,0.02897,0.02898,13425,2424,7008,61442,69455,21442,38909,88193,28021,22424,2924,7775,12888,17734,2424,6996,2424,22424,2424,4972
17,0.02881,0.0288,0.02879,0.02878,0.02877,0.02876,0.02875,0.02874,0.02873,0.02871,0.02883,0.02885,0.02886,0.02887,0.0289,0.02891,0.02892,0.02893,0.02897,0.02898,13425,2424,7008,28350,39112,92889,4972,12832,63812,2424,500,7775,12888,17734,8374,5602,2424,22424,2424,4972
18,0.02881,0.0288,0.02879,0.02878,0.02877,0.02876,0.02875,0.02874,0.02873,0.02871,0.02885,0.02886,0.02887,0.0289,0.02891,0.02892,0.02893,0.02897,0.02898,0.02902,12925,2424,7008,28350,75859,55219,30546,80950,28021,2424,7275,2424,17734,8287,16733,36764,22424,28947,4972,2424
19,0.02881,0.0288,0.02879,0.02878,0.02877,0.02876,0.02875,0.02874,0.02873,0.02871,0.02885,0.02886,0.02887,0.0289,0.02891,0.02892,0.02893,0.02897,0.02898,0.02902,12925,2424,6679,28350,37659,21442,68741,81100,28021,2424,7275,2424,17734,2424,6998,7108,22424,28947,4972,2424
20,0.02879,0.02878,0.02877,0.02876,0.02875,0.02874,0.02873,0.02872,0.0287,0.02869,0.02883,0.02884,0.02885,0.02886,0.02887,0.02889,0.0289,0.02893,0.02894,0.02895,5394,13579,20012,35628,25062,2424,2950,110110,2424,3323,7777,2424,7045,9529,22424,2424,5576,3811,28947,5036
21,0.0288,0.02879,0.02878,0.02877,0.02876,0.02875,0.02874,0.02873,0.02872,0.02871,0.02883,0.02884,0.02885,0.02886,0.02887,0.02888,0.02894,0.02895,0.02896,0.02897,499,3260,17735,12888,35628,5626,69832,60314,15454,69962,7277,2424,7045,9529,23807,36483,5591,31559,4173,3759
22,0.02882,0.02881,0.0288,0.02879,0.02878,0.02877,0.02876,0.02875,0.02874,0.02873,0.02884,0.02885,0.02886,0.02887,0.0289,0.02891,0.02893,0.02894,0.02895,0.02896,499,2424,15852,7029,15348,46647,25164,109976,2424,2950,2924,7277,9529,22424,2424,5607,1396,2424,5036,8857
23,0.02882,0.02881,0.0288,0.02879,0.02878,0.02877,0.02876,0.02875,0.02874,0.02873,0.02884,0.02885,0.02886,0.02887,0.0289,0.02891,0.02893,0.02894,0.02895,0.02896,499,2424,15852,7029,50319,46923,60832,108146,2424,3848,2924,7277,9529,22424,5607,2424,1396,2424,5036,4173
24,0.02883,0.02882,0.02881,0.0288,0.02879,0.02878,0.02877,0.02876,0.02875,0.02874,0.02885,0.02886,0.02887,0.0289,0.02891,0.02892,0.02894,0.02895,0.02896,0.02897,2923,2924,15345,16738,41280,35612,12888,38078,74111,2424,7277,10029,22424,2424,3820,5607,2424,5036,4173,6183
25,0.02885,0.02884,0.02883,0.02882,0.02881,0.0288,0.02879,0.02878,0.02876,0.02875,0.02887,0.02888,0.02889,0.02891,0.02892,0.02893,0.02894,0.02896,0.02897,0.02898,499,2424,7222,4076,18547,46829,29132,25148,2424,57292,7222,2424,6722,6466,13555,37408,25628,28947,6183,2424
26,0.02887,0.02886,0.02885,0.02884,0.02883,0.02882,0.02881,0.0288,0.02879,0.02878,0.0289,0.02891,0.02892,0.02893,0.02894,0.02895,0.02896,0.029,0.02902,0.02903,2924,2424,6720,4359,5626,25129,51548,2424,28183,23319,2424,7218,6189,9540,22424,3846,5646,2424,28947,6760
27,0.02887,0.02886,0.02885,0.02884,0.02883,0.02882,0.02881,0.0288,0.02879,0.02878,0.02889,0.0289,0.02891,0.02892,0.02893,0.02894,0.02895,0.02899,0.029,0.02902,278,2424,7220,2424,42731,25129,31603,3576,116903,2424,4792,2424,6718,6189,9540,59149,2424,3215,2424,28947
28,0.02889,0.02887,0.02886,0.02885,0.02884,0.02883,0.02882,0.02881,0.0288,0.02879,0.02891,0.02892,0.02893,0.02894,0.02896,0.02897,0.02898,0.02901,0.02902,0.02903,278,7217,2424,6720,4495,41613,63425,36480,3576,32637,7218,2424,12465,22424,3851,38411,5657,2424,28947,17296
29,0.02889,0.02887,0.02886,0.02885,0.02884,0.02883,0.02882,0.02881,0.0288,0.02879,0.02891,0.02892,0.02893,0.02894,0.02896,0.02897,0.02898,0.02901,0.02902,0.02903,278,2924,2424,6720,4495,42548,97519,2424,3576,32637,7218,2424,9540,22424,3851,2424,5657,2424,7108,17296
30,0.02885,0.02884,0.02883,0.02882,0.02881,0.0288,0.02879,0.02878,0.02877,0.02876,0.02886,0.02888,0.02889,0.0289,0.02892,0.02893,0.02894,0.02898,0.029,0.02901,2424,7218,3791,25129,5626,3576,88177,22424,38267,41028,445,7218,2424,6715,6067,10949,25632,2424,2424,2424
31,0.02889,0.02887,0.02886,0.02885,0.02884,0.02883,0.02882,0.02881,0.0288,0.02879,0.02891,0.02892,0.02893,0.02894,0.02897,0.02898,0.029,0.02901,0.02902,0.02903,389,2924,17185,54349,2424,4495,96329,40683,3319,5549,4422,2424,9540,22424,2424,7082,2424,4684,2424,17296
32,0.02889,0.02888,0.02887,0.02886,0.02885,0.02884,0.02883,0.02882,0.02881,0.0288,0.02892,0.02893,0.02894,0.02896,0.02897,0.02898,0.029,0.02901,0.02902,0.02903,10964,14939,2424,50309,7668,60710,2424,5036,81159,3319,2424,8211,22424,6240,14980,39016,2424,5661,28947,5011
33,0.02888,0.02887,0.02886,0.02885,0.02884,0.02883,0.02882,0.02881,0.0288,0.02879,0.0289,0.02891,0.02892,0.02893,0.02894,0.02897,0.02898,0.02901,0.02902,0.02903,10964,5340,12888,5626,2424,4495,76326,58991,3319,2949,2424,7126,2924,7711,22424,5650,2424,1420,2424,9695
34,0.02889,0.02888,0.02887,0.02886,0.02885,0.02884,0.02883,0.02882,0.02881,0.0288,0.02891,0.02892,0.02893,0.02894,0.02896,0.02897,0.02898,0.02901,0.02902,0.02903,2424,16309,5340,12888,7503,23653,25121,27902,2424,3319,4702,2924,7711,22424,2424,5650,3844,4684,2424,5011
35,0.02888,0.02887,0.02886,0.02885,0.02884,0.02883,0.02882,0.02881,0.0288,0.02879,0.0289,0.02891,0.02892,0.02893,0.02894,0.02896,0.02897,0.029,0.02902,0.02903,16309,5340,13928,40750,21872,25121,5036,81328,3319,2949,2424,7126,2924,7711,22424,8148,40774,2424,2424,5011
