timestamp,bid_price_0,bid_price_1,bid_price_2,bid_price_3,bid_price_4,bid_price_5,bid_price_6,bid_price_7,bid_price_8,bid_price_9,ask_price_0,ask_price_1,ask_price_2,ask_price_3,ask_price_4,ask_price_5,ask_price_6,ask_price_7,ask_price_8,ask_price_9,bid_size_0,bid_size_1,bid_size_2,bid_size_3,bid_size_4,bid_size_5,bid_size_6,bid_size_7,bid_size_8,bid_size_9,ask_size_0,ask_size_1,ask_size_2,ask_size_3,ask_size_4,ask_size_5,ask_size_6,ask_size_7,ask_size_8,ask_size_9
0,1.3062,1.3061,1.306,1.3059,1.3058,1.3057,1.3056,1.3055,1.3054,1.3053,1.3063,1.3064,1.3065,1.3066,1.3067,1.3068,1.3069,1.307,1.3071,1.3072,11639.6,18640.4,11740.2,4343.7,9489.9,13029.2,43800.4,35615.1,18703.1,45467.6,27571,20167.3,57474.3,34113.1,23251.1,67314,47409,34005.1,52582.5,55641.3
1,1.3062,1.3061,1.306,1.3059,1.3058,1.3057,1.3056,1.3055,1.3054,1.3053,1.3063,1.3064,1.3065,1.3066,1.3067,1.3068,1.3069,1.307,1.3071,1.3072,12655.3,27343.3,26177.6,31745.4,55185.7,54650.5,46604.5,52483.5,50661.6,43060.1,24359.1,8166.2,7605.8,12427,31882.3,43971.9,15369.3,15535.7,33791.8,44127.5
2,1.3058,1.3057,1.3056,1.3055,1.3054,1.3053,1.3052,1.3051,1.305,1.3049,1.3059,1.306,1.3061,1.3062,1.3063,1.3064,1.3065,1.3066,1.3067,1.3068,65576,26917,33784.9,48276.1,46781.8,36607.4,17036.4,24183.2,41593.7,11233.7,6435.5,13647.9,42300.6,55229.2,27682.9,38591.2,35131.4,12697.4,30933,45348.6
3,1.3072,1.3071,1.307,1.3069,1.3068,1.3067,1.3066,1.3065,1.3064,1.3063,1.3073,1.3074,1.3075,1.3076,1.3077,1.3078,1.3079,1.308,1.3081,1.3082,33244.3,63941.6,31578.7,14033.9,46726.4,35267.8,58907.9,54581.2,33439.3,45277.4,23951,5195.2,4114.1,8584.9,15399.3,37961.2,29321.8,45866.3,33629,26109
4,1.3075,1.3074,1.3073,1.3072,1.3071,1.307,1.3069,1.3068,1.3067,1.3066,1.3076,1.3077,1.3078,1.3079,1.308,1.3081,1.3082,1.3083,1.3084,1.3085,14242.2,9493.1,20208.4,39923.1,12185,16355.6,20655.5,39931.7,38965.4,36979.3,57770.5,39874.7,62939.3,43509.6,34190.9,38255.1,20347.8,11747.9,48337.3,68478.3
5,1.3069,1.3068,1.3067,1.3066,1.3065,1.3064,1.3063,1.3062,1.3061,1.306,1.307,1.3071,1.3072,1.3073,1.3074,1.3075,1.3076,1.3077,1.3078,1.3079,30891.7,12910.8,25083.1,28342.3,30922.2,34871.4,18860.5,30749.8,32845.9,34320.9,33485.4,33873.2,32171.7,30308.1,49351.8,56777.8,18581.8,47279.8,50903.8,11743.7
6,1.3068,1.3067,1.3066,1.3065,1.3064,1.3063,1.3062,1.3061,1.306,1.3059,1.3069,1.307,1.3071,1.3072,1.3073,1.3074,1.3075,1.3076,1.3077,1.3078,13410.9,39350,40037,24801.1,11909.4,21805.6,36279,31507.3,24093.6,35098.7,27451.7,5674.8,14588,40334.1,35942.7,46905,56334.5,18569.5,44855.1,54204.2
7,1.3069,1.3068,1.3067,1.3066,1.3065,1.3064,1.3063,1.3062,1.3061,1.306,1.307,1.3071,1.3072,1.3073,1.3074,1.3075,1.3076,1.3077,1.3078,1.3079,68958.5,57111,37079.6,45500.4,28022.1,16674.8,49362.7,31115.4,16285.1,42525.8,6955.7,13219.2,8341.1,19240.4,47911.4,64077.5,12952.4,42896.1,53885.3,17470.2
8,1.3068,1.3067,1.3066,1.3065,1.3064,1.3063,1.3062,1.3061,1.306,1.3059,1.3069,1.307,1.3071,1.3072,1.3073,1.3074,1.3075,1.3076,1.3077,1.3078,24100.7,43970.5,48633.3,24772.7,20115.1,46275.7,36914.9,31160.9,34944.3,44917.1,36519.9,41958.2,39096.5,32895,29284.5,61481,31908.8,16953.8,40091.6,52346.5
9,1.3057,1.3056,1.3055,1.3054,1.3053,1.3052,1.3051,1.305,1.3049,1.3048,1.3058,1.3059,1.306,1.3061,1.3062,1.3063,1.3064,1.3065,1.3066,1.3067,33164.4,34487.9,46890.3,51097,72846.6,39894.3,28155.7,29143.3,18337,37959.7,15393.6,22097.9,25214.8,37251.1,11737.9,18543.7,39758.5,25740.3,33684.7,33319.2
10,1.3046,1.3045,1.3044,1.3043,1.3042,1.3041,1.304,1.3039,1.3038,1.3037,1.3047,1.3048,1.3049,1.305,1.3051,1.3052,1.3053,1.3054,1.3055,1.3056,22812,5149.7,8246,12268.5,11602.3,33201.9,29233.1,31343.5,39929.3,12247.5,10753.6,37157.1,63857.6,58250.7,25368.3,27722.5,56343.9,79082.3,48338,62771.7
11,1.3049,1.3048,1.3047,1.3046,1.3045,1.3044,1.3043,1.3042,1.3041,1.304,1.305,1.3051,1.3052,1.3053,1.3054,1.3055,1.3056,1.3057,1.3058,1.3059,51314,47518,26842.3,10075.1,16744,43663,14757.5,12676,39856.5,28169.3,2912,10491.7,17150.4,35932.8,64391.9,47089.2,58452,57267,26165.4,19908
12,1.3047,1.3046,1.3045,1.3044,1.3043,1.3042,1.3041,1.304,1.3039,1.3038,1.3048,1.3049,1.305,1.3051,1.3052,1.3053,1.3054,1.3055,1.3056,1.3057,20760.3,31957.9,21446.9,25880.8,9723.8,28002.9,32758.5,25400.3,33871.6,43385.6,53911.1,25817.5,30377.3,35981.2,27655.8,41209.5,77002.5,42062.7,35378.6,57335.2
13,1.3044,1.3043,1.3042,1.3041,1.304,1.3039,1.3038,1.3037,1.3036,1.3035,1.3045,1.3046,1.3047,1.3048,1.3049,1.305,1.3051,1.3052,1.3053,1.3054,11544.1,18290,29026.4,13571.6,25654.2,29047.4,41565.9,13568.5,34670.2,35952,26907.7,34575.1,37649.1,27377,44226.1,53721.2,13810.4,31667.3,37694,34807
14,1.3033,1.3032,1.3031,1.303,1.3029,1.3028,1.3027,1.3026,1.3025,1.3024,1.3034,1.3035,1.3036,1.3037,1.3038,1.3039,1.304,1.3041,1.3042,1.3043,21739.5,16811.5,13756.4,15537.2,27438.7,26606.3,17168.1,24112,45895.1,16320.3,37253.8,50846.2,91167.3,64702,21627.3,27702.7,97916,57957.1,11207.2,21585.9
15,1.3022,1.3021,1.302,1.3019,1.3018,1.3017,1.3016,1.3015,1.3014,1.3013,1.3023,1.3024,1.3025,1.3026,1.3027,1.3028,1.3029,1.303,1.3031,1.3032,23322.1,18805.8,19108.8,33721.5,24193.8,27467.4,26263.8,14715.3,53429.6,51911.9,16916.1,12689.5,25546.4,19303.5,37791.8,65053.2,65668.5,54039.5,53332.7,39559.1
16,1.3017,1.3016,1.3015,1.3014,1.3013,1.3012,1.3011,1.301,1.3009,1.3008,1.3018,1.3019,1.302,1.3021,1.3022,1.3023,1.3024,1.3025,1.3026,1.3027,5737.3,11385.6,5023.7,18512.2,46728.8,29104.7,14115.2,31467.5,17948,31848.1,55930.4,59646.3,47043.8,30277.2,63846.5,41421.4,44889.1,45792.6,92627.8,58394.5
17,1.3025,1.3024,1.3023,1.3022,1.3021,1.302,1.3019,1.3018,1.3017,1.3016,1.3026,1.3027,1.3028,1.3029,1.303,1.3031,1.3032,1.3033,1.3034,1.3035,55148.1,67168.9,54515.4,40086,45884.7,62512,43933.2,23600.6,55370.6,36037.3,3762,3097.5,3052.7,3158.8,16865.4,28000.8,11767.3,20364.9,44597.2,35518.2
18,1.3016,1.3015,1.3014,1.3013,1.3012,1.3011,1.301,1.3009,1.3008,1.3007,1.3017,1.3018,1.3019,1.302,1.3021,1.3022,1.3023,1.3024,1.3025,1.3026,25833.6,10148.1,6015.2,18364.6,22023.7,38296,29461.4,16211.6,23525.6,48224.2,45361.3,53283.8,52256.1,63636.2,38370.9,43053.1,45509.1,30220.3,32007.2,39421.8
19,1.3012,1.3011,1.301,1.3009,1.3008,1.3007,1.3006,1.3005,1.3004,1.3003,1.3013,1.3014,1.3015,1.3016,1.3017,1.3018,1.3019,1.302,1.3021,1.3022,20995.8,19979.2,5631,24710.1,22724.5,8109,17748.9,22546.7,41851.9,11821.1,16653.7,32943.3,34581.5,42630.1,50792.3,75759.6,75988.4,36383.5,53915.6,18731.3
20,1.3025,1.3024,1.3023,1.3022,1.3021,1.302,1.3019,1.3018,1.3017,1.3016,1.3026,1.3027,1.3028,1.3029,1.303,1.3031,1.3032,1.3033,1.3034,1.3035,44623.5,72506.1,55399.9,49046.5,38296.3,75815,83052.2,57829.5,47655.5,51641.5,36.1,3033.9,1558.5,3193.7,12253,27977,16819.3,40635.9,29207.3,37835.3
21,1.3028,1.3027,1.3026,1.3025,1.3024,1.3023,1.3022,1.3021,1.302,1.3019,1.3029,1.303,1.3031,1.3032,1.3033,1.3034,1.3035,1.3036,1.3037,1.3038,68147,40303.1,38519.2,35428.2,35108,56963.6,87221.6,28270,21469.1,31777,9627,12244.9,30494.7,31867.9,17769.5,39131.7,42552.6,10419.2,18670.3,63099.6
22,1.3026,1.3025,1.3024,1.3023,1.3022,1.3021,1.302,1.3019,1.3018,1.3017,1.3027,1.3028,1.3029,1.303,1.3031,1.3032,1.3033,1.3034,1.3035,1.3036,4209.9,9371.2,9397.3,46323.1,70550.4,44595.8,14922.6,33958.7,22324.6,30607,29766.5,46180.7,47621.3,61943.5,51437.3,30750.7,21482.9,54115.7,32892,8432.6
23,1.3044,1.3043,1.3042,1.3041,1.304,1.3039,1.3038,1.3037,1.3036,1.3035,1.3045,1.3046,1.3047,1.3048,1.3049,1.305,1.3051,1.3052,1.3053,1.3054,63786.4,31064.5,66152.4,54406.5,49437.3,63768.1,50250.5,43748.7,55955.4,52666,29638.3,28357.4,1804,11223.2,20548.6,32993.1,28201.4,20534.3,43643.4,23908.5
24,1.3037,1.3036,1.3035,1.3034,1.3033,1.3032,1.3031,1.303,1.3029,1.3028,1.3038,1.3039,1.304,1.3041,1.3042,1.3043,1.3044,1.3045,1.3046,1.3047,26953,7071.2,24475.2,18477.3,16501.7,14114.4,28538.3,21998,37020.1,16713.2,25291.9,47994.9,58369.9,41934.4,29274.8,39815.2,45006.7,71150.5,54928.9,43433.5
25,1.3045,1.3044,1.3043,1.3042,1.3041,1.304,1.3039,1.3038,1.3037,1.3036,1.3046,1.3047,1.3048,1.3049,1.305,1.3051,1.3052,1.3053,1.3054,1.3055,29596.1,42287.3,22861.4,11260.9,17304.5,42205.8,45658.1,17211.6,27718.8,11560,20939.7,29265.5,69726.5,72641,67669.8,50717.7,44546.9,32850.1,24080,21011.4
26,1.3052,1.3051,1.305,1.3049,1.3048,1.3047,1.3046,1.3045,1.3044,1.3043,1.3053,1.3054,1.3055,1.3056,1.3057,1.3058,1.3059,1.306,1.3061,1.3062,45400.8,72803.1,74529.8,68094.5,43561.1,50206.1,96211.2,44720.8,50598.1,37420.8,8464.3,3510.6,2879.2,9552.9,10676.5,16324.9,37172.6,40623.1,8083.2,15522.5
27,1.3068,1.3067,1.3066,1.3065,1.3064,1.3063,1.3062,1.3061,1.306,1.3059,1.3069,1.307,1.3071,1.3072,1.3073,1.3074,1.3075,1.3076,1.3077,1.3078,30001.6,62915.5,42565.5,47563.1,58015.7,72574,58101.1,44924.5,17301.9,53975.5,24386.4,3677.2,3595.6,15169.6,25061.4,19626.7,39276.3,29155.7,31716.5,18454.3
28,1.3068,1.3067,1.3066,1.3065,1.3064,1.3063,1.3062,1.3061,1.306,1.3059,1.3069,1.307,1.3071,1.3072,1.3073,1.3074,1.3075,1.3076,1.3077,1.3078,23223,11647.7,11056.4,44624.9,17963,22509,15750.5,36170.7,15593.6,47445.2,24370.8,29588.6,74591,60831.2,30543.2,56276.7,66421.2,38817.4,34220.5,43952.2
29,1.3071,1.307,1.3069,1.3068,1.3067,1.3066,1.3065,1.3064,1.3063,1.3062,1.3072,1.3073,1.3074,1.3075,1.3076,1.3077,1.3078,1.3079,1.308,1.3081,11507.1,25027.3,30752.7,63553.9,65171.6,34541.7,10443.5,31158.7,22389.9,30880,30189.9,22481.7,51533.7,52667.2,34405.7,12309.9,23371.2,32728.1,22886.3,12374.5
30,1.3089,1.3088,1.3087,1.3086,1.3085,1.3084,1.3083,1.3082,1.3081,1.308,1.309,1.3091,1.3092,1.3093,1.3094,1.3095,1.3096,1.3097,1.3098,1.3099,267.2,416.1,10299.1,27288.2,10902.3,32164.6,14496.7,18062,42581.4,29574.3,45231.2,19183.5,20331.4,13544.8,51474.5,64689.9,41309.1,22508.6,46091.4,35867.7
31,1.3094,1.3093,1.3092,1.3091,1.309,1.3089,1.3088,1.3087,1.3086,1.3085,1.3095,1.3096,1.3097,1.3098,1.3099,1.31,1.3101,1.3102,1.3103,1.3104,226.6,18875.5,62509.5,34325.8,31706.4,32826.9,62095.7,73116.8,49493.9,48560.7,20798.3,10976.2,10652.2,32042.4,14498.4,32306.9,31075.1,21333.4,30036.3,40152.5
32,1.3099,1.3098,1.3097,1.3096,1.3095,1.3094,1.3093,1.3092,1.3091,1.309,1.31,1.3101,1.3102,1.3103,1.3104,1.3105,1.3106,1.3107,1.3108,1.3109,4675.5,6233,5928,27080.3,29253.8,19245.8,48672,15067.3,25110.7,33633.2,32089,53234.7,27768.9,20605.5,41933.8,75301.5,72637.1,76750.9,58432.2,23915
33,1.3094,1.3093,1.3092,1.3091,1.309,1.3089,1.3088,1.3087,1.3086,1.3085,1.3095,1.3096,1.3097,1.3098,1.3099,1.31,1.3101,1.3102,1.3103,1.3104,3482.7,22292.5,19933.8,20653.6,37552.9,28897.5,15557.9,37245.9,18942.1,42622.7,41915.6,48103.1,41316.4,41859.4,25255,21590.7,57123.8,48432.8,18048.9,35473.4
34,1.3097,1.3096,1.3095,1.3094,1.3093,1.3092,1.3091,1.309,1.3089,1.3088,1.3098,1.3099,1.31,1.3101,1.3102,1.3103,1.3104,1.3105,1.3106,1.3107,22592.3,7866.5,12460.8,30120.4,42307.1,36202.8,49506.8,56533.7,29715.9,21463.5,18493.2,40449.2,28625.3,41639.3,29186.5,21365,35949.4,18432.4,27693.5,41728.6
35,1.3093,1.3092,1.3091,1.309,1.3089,1.3088,1.3087,1.3086,1.3085,1.3084,1.3094,1.3095,1.3096,1.3097,1.3098,1.3099,1.31,1.3101,1.3102,1.3103,12435.1,7205.5,18947.4,16870.3,9297.8,18505.9,47936,33797.3,8323.4,20193.9,33150.9,72194,37552.4,29360.8,43100.7,35733.9,34781.7,30720.7,8200.1,24867.6
36,1.3094,1.3093,1.3092,1.3091,1.309,1.3089,1.3088,1.3087,1.3086,1.3085,1.3095,1.3096,1.3097,1.3098,1.3099,1.31,1.3101,1.3102,1.3103,1.3104,20129.8,39753,18030.9,32264.3,54467.6,51433.9,21174.7,32747.3,17459,32377.1,7008.9,11112.4,25369.8,45004.8,33001,22709.1,28672.5,16540.1,22580.8,35639.8
37,1.3096,1.3095,1.3094,1.3093,1.3092,1.3091,1.309,1.3089,1.3088,1.3087,1.3097,1.3098,1.3099,1.31,1.3101,1.3102,1.3103,1.3104,1.3105,1.3106,24010.3,12037.8,30665.2,33791.8,45316.4,29598.4,34332.9,47135.2,36094.1,36008.7,5063.4,12322.7,11178.7,36518.1,30965.3,16603.3,18232.5,35877.2,19165.4,26925.5
38,1.3094,1.3093,1.3092,1.3091,1.309,1.3089,1.3088,1.3087,1.3086,1.3085,1.3095,1.3096,1.3097,1.3098,1.3099,1.31,1.3101,1.3102,1.3103,1.3104,2421.9,6424.9,6543.6,31323.8,23411.3,19248,29114.3,33355.7,23656.1,41829.7,47109.2,37834,41878.1,31880,12878.5,23463.4,37079,27060.1,32509.5,36559.9
39,1.3088,1.3087,1.3086,1.3085,1.3084,1.3083,1.3082,1.3081,1.308,1.3079,1.3089,1.309,1.3091,1.3092,1.3093,1.3094,1.3095,1.3096,1.3097,1.3098,2958.8,7650.5,6169.8,15707.9,32181.4,29145.5,33071.1,41836.7,10770.3,28800.7,39678.5,46821.1,29856.6,69710.6,44957.6,43153.5,52516.7,46932,35051.7,34603.1
40,1.3091,1.309,1.3089,1.3088,1.3087,1.3086,1.3085,1.3084,1.3083,1.3082,1.3092,1.3093,1.3094,1.3095,1.3096,1.3097,1.3098,1.3099,1.31,1.3101,18225.2,32572.1,39201,25235,31507.9,23663.5,39921.5,11736.7,38138.5,47874,4999.2,18860.1,38554.7,25547,20015.6,28051.6,31788.9,16035.6,20275.2,36241
41,1.3093,1.3092,1.3091,1.309,1.3089,1.3088,1.3087,1.3086,1.3085,1.3084,1.3094,1.3095,1.3096,1.3097,1.3098,1.3099,1.31,1.3101,1.3102,1.3103,36250.1,36066.7,47871.8,33407.9,45445.8,30524.3,32697.6,36165.7,21874.1,21219,10064.2,8811.7,3481.1,9939.2,8555.4,10710.6,22782.6,47637.8,30518.6,21743.7
42,1.3085,1.3084,1.3083,1.3082,1.3081,1.308,1.3079,1.3078,1.3077,1.3076,1.3086,1.3087,1.3088,1.3089,1.309,1.3091,1.3092,1.3093,1.3094,1.3095,6989.7,931.7,5543.2,8265.7,7403.2,15812.8,35260.6,35995.8,30452,25452.4,22683.2,19342.6,24575.2,51953.3,42913.4,42115.9,76786,82447,64669.5,55938.1
43,1.3078,1.3077,1.3076,1.3075,1.3074,1.3073,1.3072,1.3071,1.307,1.3069,1.3079,1.308,1.3081,1.3082,1.3083,1.3084,1.3085,1.3086,1.3087,1.3088,7425.7,2591.1,6105.9,21875.7,31040.3,20585.3,29365,33202.8,15866.6,46958.7,57775.9,41675.4,58723.9,55019.5,31289.2,32098.2,57791,42963.7,23092.6,24084.8
44,1.3078,1.3077,1.3076,1.3075,1.3074,1.3073,1.3072,1.3071,1.307,1.3069,1.3079,1.308,1.3081,1.3082,1.3083,1.3084,1.3085,1.3086,1.3087,1.3088,8377,22600.6,18545,25659.6,11384.4,12369.3,13781.7,46022.2,24982.9,24473,19495.6,22679.3,29918.8,57329.2,41530.1,24492.8,43819.8,46279.9,7343.5,21644.6
45,1.3071,1.307,1.3069,1.3068,1.3067,1.3066,1.3065,1.3064,1.3063,1.3062,1.3072,1.3073,1.3074,1.3075,1.3076,1.3077,1.3078,1.3079,1.308,1.3081,12359.1,4215.9,12708.9,25637.1,17076.7,28955,36172.1,13039.6,28291.2,32804.3,33806.6,27863.7,21553.4,16063.9,23447.8,55171.3,46895.6,43143.1,22438.4,38969
46,1.306,1.3059,1.3058,1.3057,1.3056,1.3055,1.3054,1.3053,1.3052,1.3051,1.3061,1.3062,1.3063,1.3064,1.3065,1.3066,1.3067,1.3068,1.3069,1.307,24280.4,4225.7,10684.3,22287.4,10471.1,21017,33246.4,29577.7,16127.7,31834,4935.3,33051.6,40946.7,22531.7,22466.3,76530.5,39114.7,36014.7,48560.3,51128.4
47,1.3048,1.3047,1.3046,1.3045,1.3044,1.3043,1.3042,1.3041,1.304,1.3039,1.3049,1.305,1.3051,1.3052,1.3053,1.3054,1.3055,1.3056,1.3057,1.3058,35128.4,35223,29195.2,27579.9,9723.5,23853.4,45051.4,24256.7,11474.1,21299.6,5115,14382,22265,36839,52686,45668.8,11203.1,22502,31666.3,22290.3
48,1.3039,1.3038,1.3037,1.3036,1.3035,1.3034,1.3033,1.3032,1.3031,1.303,1.304,1.3041,1.3042,1.3043,1.3044,1.3045,1.3046,1.3047,1.3048,1.3049,3646.6,5179.7,2545,10639.5,27755.2,46333.9,28851.4,14368.2,33004,18614.4,45652.5,31424.9,58264.5,48161.4,39245,48285.5,29015.7,35752.9,63016.9,30587.2
49,1.3035,1.3034,1.3033,1.3032,1.3031,1.303,1.3029,1.3028,1.3027,1.3026,1.3036,1.3037,1.3038,1.3039,1.304,1.3041,1.3042,1.3043,1.3044,1.3045,27556.4,32536.3,22381.9,47291.8,38855.2,28484.6,19422.4,31712.7,42135.2,30282.6,5803.5,3274.2,13970.4,25954.2,16249.1,21101.8,53402.6,27472.1,36807.6,30827.7
50,1.3033,1.3032,1.3031,1.303,1.3029,1.3028,1.3027,1.3026,1.3025,1.3024,1.3034,1.3035,1.3036,1.3037,1.3038,1.3039,1.304,1.3041,1.3042,1.3043,5375.2,2778.5,10819.1,35355,11907.3,20465.1,33283.5,21057,34618.7,60664.9,30488.3,22322.1,39703.4,46840.5,45014.8,68206.9,50242.3,46710,35006.5,15605.4
51,1.3033,1.3032,1.3031,1.303,1.3029,1.3028,1.3027,1.3026,1.3025,1.3024,1.3034,1.3035,1.3036,1.3037,1.3038,1.3039,1.304,1.3041,1.3042,1.3043,48138.4,6345.9,3605.7,9441.7,17424.3,26649.8,28797.5,16468.8,33586.7,49042.1,22322.7,42946.1,57198.2,47855.8,30390.4,71128.6,29662.3,24355.3,35295.9,13296.8
52,1.3027,1.3026,1.3025,1.3024,1.3023,1.3022,1.3021,1.302,1.3019,1.3018,1.3028,1.3029,1.303,1.3031,1.3032,1.3033,1.3034,1.3035,1.3036,1.3037,15021.7,12366.4,11905.6,7582,14197.4,34876.9,27919.2,9822.3,23861.3,38156.4,41599.1,38753.9,36238.6,66223.1,31326.5,27219.6,42572.2,48354.6,26295.6,42279.8
53,1.3034,1.3033,1.3032,1.3031,1.303,1.3029,1.3028,1.3027,1.3026,1.3025,1.3035,1.3036,1.3037,1.3038,1.3039,1.304,1.3041,1.3042,1.3043,1.3044,26413.2,24184.4,68886.3,82863.5,59904.5,30517.6,36410.9,65278.5,9658.6,22294.6,3392.6,6085.8,26649.9,28578.4,30682.7,16795.1,12803.2,32780,20120.3,24512.8
54,1.3039,1.3038,1.3037,1.3036,1.3035,1.3034,1.3033,1.3032,1.3031,1.303,1.304,1.3041,1.3042,1.3043,1.3044,1.3045,1.3046,1.3047,1.3048,1.3049,14795.2,19242.9,20922.1,35571.7,28067,27274.5,45452.3,38703.4,38997.6,27336,26970.8,50547.3,42494.1,42149.7,37316.5,14544.4,20346.4,23693.1,39175.1,27565.1
55,1.3039,1.3038,1.3037,1.3036,1.3035,1.3034,1.3033,1.3032,1.3031,1.303,1.304,1.3041,1.3042,1.3043,1.3044,1.3045,1.3046,1.3047,1.3048,1.3049,10797.8,17266.9,19248.7,22661.3,19973.7,15332,35302.7,38703.4,31403.9,32673.4,58838,22733.1,47018.6,61761.9,59935.8,40117.5,25463,35851,8978.8,24322.1
56,1.3038,1.3037,1.3036,1.3035,1.3034,1.3033,1.3032,1.3031,1.303,1.3029,1.3039,1.304,1.3041,1.3042,1.3043,1.3044,1.3045,1.3046,1.3047,1.3048,20980.9,19287.8,36077.6,56433.7,54182.4,60945.8,47880.8,24071.6,29322.9,9541.3,9823.5,20041.9,15396.5,45068.6,29443,18770,24857.6,26367.5,39003.1,29791.8
