timestamp,bid_price_0,bid_price_1,bid_price_2,bid_price_3,bid_price_4,bid_price_5,bid_price_6,bid_price_7,bid_price_8,bid_price_9,ask_price_0,ask_price_1,ask_price_2,ask_price_3,ask_price_4,ask_price_5,ask_price_6,ask_price_7,ask_price_8,ask_price_9,bid_size_0,bid_size_1,bid_size_2,bid_size_3,bid_size_4,bid_size_5,bid_size_6,bid_size_7,bid_size_8,bid_size_9,ask_size_0,ask_size_1,ask_size_2,ask_size_3,ask_size_4,ask_size_5,ask_size_6,ask_size_7,ask_size_8,ask_size_9
0,1.3062,1.3061,1.306,1.3059,1.3058,1.3057,1.3056,1.3055,1.3054,1.3053,1.3063,1.3064,1.3065,1.3066,1.3067,1.3068,1.3069,1.307,1.3071,1.3072,11639.6,18640.4,11740.2,4343.7,9489.9,13029.2,43800.4,35615.1,18703.1,45467.6,27571,20167.3,57474.3,34113.1,23251.1,67314,47409,34005.1,52582.5,55641.3
1,1.3062,1.3061,1.306,1.3059,1.3058,1.3057,1.3056,1.3055,1.3054,1.3053,1.3063,1.3064,1.3065,1.3066,1.3067,1.3068,1.3069,1.307,1.3071,1.3072,12655.3,27343.3,26177.6,31745.4,55185.7,54650.5,46604.5,52483.5,50661.6,43060.1,24359.1,8166.2,7605.8,12427,31882.3,43971.9,15369.3,15535.7,33791.8,44127.5
2,1.3058,1.3057,1.3056,1.3055,1.3054,1.3053,1.3052,1.3051,1.305,1.3049,1.3059,1.306,1.3061,1.3062,1.3063,1.3064,1.3065,1.3066,1.3067,1.3068,65576,26917,33784.9,48276.1,46781.8,36607.4,17036.4,24183.2,41593.7,11233.7,6435.5,13647.9,42300.6,55229.2,27682.9,38591.2,35131.4,12697.4,30933,45348.6
3,1.3072,1.3071,1.307,1.3069,1.3068,1.3067,1.3066,1.3065,1.3064,1.3063,1.3073,1.3074,1.3075,1.3076,1.3077,1.3078,1.3079,1.308,1.3081,1.3082,33244.3,63941.6,31578.7,14033.9,46726.4,35267.8,58907.9,54581.2,33439.3,45277.4,23951,5195.2,4114.1,8584.9,15399.3,37961.2,29321.8,45866.3,33629,26109
4,1.3075,1.3074,1.3073,1.3072,1.3071,1.307,1.3069,1.3068,1.3067,1.3066,1.3076,1.3077,1.3078,1.3079,1.308,1.3081,1.3082,1.3083,1.3084,1.3085,14242.2,9493.1,20208.4,39923.1,12185,16355.6,20655.5,39931.7,38965.4,36979.3,57770.5,39874.7,62939.3,43509.6,34190.9,38255.1,20347.8,11747.9,48337.3,68478.3
5,1.3069,1.3068,1.3067,1.3066,1.3065,1.3064,1.3063,1.3062,1.3061,1.306,1.307,1.3071,1.3072,1.3073,1.3074,1.3075,1.3076,1.3077,1.3078,1.3079,30891.7,12910.8,25083.1,28342.3,30922.2,34871.4,18860.5,30749.8,32845.9,34320.9,33485.4,33873.2,32171.7,30308.1,49351.8,56777.8,18581.8,47279.8,50903.8,11743.7
6,1.3068,1.3067,1.3066,1.3065,1.3064,1.3063,1.3062,1.3061,1.306,1.3059,1.3069,1.307,1.3071,1.3072,1.3073,1.3074,1.3075,1.3076,1.3077,1.3078,13410.9,39350,40037,24801.1,11909.4,21805.6,36279,31507.3,24093.6,35098.7,27451.7,5674.8,14588,40334.1,35942.7,46905,56334.5,18569.5,44855.1,54204.2
7,1.3069,1.3068,1.3067,1.3066,1.3065,1.3064,1.3063,1.3062,1.3061,1.306,1.307,1.3071,1.3072,1.3073,1.3074,1.3075,1.3076,1.3077,1.3078,1.3079,68958.5,57111,37079.6,45500.4,28022.1,16674.8,49362.7,31115.4,16285.1,42525.8,6955.7,13219.2,8341.1,19240.4,47911.4,64077.5,12952.4,42896.1,53885.3,17470.2
8,1.3068,1.3067,1.3066,1.3065,1.3064,1.3063,1.3062,1.3061,1.306,1.3059,1.3069,1.307,1.3071,1.3072,1.3073,1.3074,1.3075,1.3076,1.3077,1.3078,24100.7,43970.5,48633.3,24772.7,20115.1,46275.7,36914.9,31160.9,34944.3,44917.1,36519.9,41958.2,39096.5,32895,29284.5,61481,31908.8,16953.8,40091.6,52346.5
9,1.3057,1.3056,1.3055,1.3054,1.3053,1.3052,1.3051,1.305,1.3049,1.3048,1.3058,1.3059,1.306,1.3061,1.3062,1.3063,1.3064,1.3065,1.3066,1.3067,33164.4,34487.9,46890.3,51097,72846.6,39894.3,28155.7,29143.3,18337,37959.7,15393.6,22097.9,25214.8,37251.1,11737.9,18543.7,39758.5,25740.3,33684.7,33319.2
10,1.3046,1.3045,1.3044,1.3043,1.3042,1.3041,1.304,1.3039,1.3038,1.3037,1.3047,1.3048,1.3049,1.305,1.3051,1.3052,1.3053,1.3054,1.3055,1.3056,22812,5149.7,8246,12268.5,11602.3,33201.9,29233.1,31343.5,39929.3,12247.5,10753.6,37157.1,63857.6,58250.7,25368.3,27722.5,56343.9,79082.3,48338,62771.7
11,1.3049,1.3048,1.3047,1.3046,1.3045,1.3044,1.3043,1.3042,1.3041,1.304,1.305,1.3051,1.3052,1.3053,1.3054,1.3055,1.3056,1.3057,1.3058,1.3059,51314,47518,26842.3,10075.1,16744,43663,14757.5,12676,39856.5,28169.3,2912,10491.7,17150.4,35932.8,64391.9,47089.2,58452,57267,26165.4,19908
12,1.3047,1.3046,1.3045,1.3044,1.3043,1.3042,1.3041,1.304,1.3039,1.3038,1.3048,1.3049,1.305,1.3051,1.3052,1.3053,1.3054,1.3055,1.3056,1.3057,20760.3,31957.9,21446.9,25880.8,9723.8,28002.9,32758.5,25400.3,33871.6,43385.6,53911.1,25817.5,30377.3,35981.2,27655.8,41209.5,77002.5,42062.7,35378.6,57335.2
13,1.3044,1.3043,1.3042,1.3041,1.304,1.3039,1.3038,1.3037,1.3036,1.3035,1.3045,1.3046,1.3047,1.3048,1.3049,1.305,1.3051,1.3052,1.3053,1.3054,11544.1,18290,29026.4,13571.6,25654.2,29047.4,41565.9,13568.5,34670.2,35952,26907.7,34575.1,37649.1,27377,44226.1,53721.2,13810.4,31667.3,37694,34807
14,1.3033,1.3032,1.3031,1.303,1.3029,1.3028,1.3027,1.3026,1.3025,1.3024,1.3034,1.3035,1.3036,1.3037,1.3038,1.3039,1.304,1.3041,1.3042,1.3043,21739.5,16811.5,13756.4,15537.2,27438.7,26606.3,17168.1,24112,45895.1,16320.3,37253.8,50846.2,91167.3,64702,21627.3,27702.7,97916,57957.1,11207.2,21585.9
15,1.3022,1.3021,1.302,1.3019,1.3018,1.3017,1.3016,1.3015,1.3014,1.3013,1.3023,1.3024,1.3025,1.3026,1.3027,1.3028,1.3029,1.303,1.3031,1.3032,23322.1,18805.8,19108.8,33721.5,24193.8,27467.4,26263.8,14715.3,53429.6,51911.9,16916.1,12689.5,25546.4,19303.5,37791.8,65053.2,65668.5,54039.5,53332.7,39559.1
16,1.3017,1.3016,1.3015,1.3014,1.3013,1.3012,1.3011,1.301,1.3009,1.3008,1.3018,1.3019,1.302,1.3021,1.3022,1.3023,1.3024,1.3025,1.3026,1.3027,5737.3,11385.6,5023.7,18512.2,46728.8,29104.7,14115.2,31467.5,17948,31848.1,55930.4,59646.3,47043.8,30277.2,63846.5,41421.4,44889.1,45792.6,92627.8,58394.5
17,1.3025,1.3024,1.3023,1.3022,1.3021,1.302,1.3019,1.3018,1.3017,1.3016,1.3026,1.3027,1.3028,1.3029,1.303,1.3031,1.3032,1.3033,1.3034,1.3035,55148.1,67168.9,54515.4,40086,45884.7,62512,43933.2,23600.6,55370.6,36037.3,3762,3097.5,3052.7,3158.8,16865.4,28000.8,11767.3,20364.9,44597.2,35518.2
18,1.3016,1.3015,1.3014,1.3013,1.3012,1.3011,1.301,1.3009,1.3008,1.3007,1.3017,1.3018,1.3019,1.302,1.3021,1.3022,1.3023,1.3024,1.3025,1.3026,25833.6,10148.1,6015.2,18364.6,22023.7,38296,29461.4,16211.6,23525.6,48224.2,45361.3,53283.8,52256.1,63636.2,38370.9,43053.1,45509.1,30220.3,32007.2,39421.8
19,1.3012,1.3011,1.301,1.3009,1.3008,1.3007,1.3006,1.3005,1.3004,1.3003,1.3013,1.3014,1.3015,1.3016,1.3017,1.3018,1.3019,1.302,1.3021,1.3022,20995.8,19979.2,5631,24710.1,22724.5,8109,17748.9,22546.7,41851.9,11821.1,16653.7,32943.3,34581.5,42630.1,50792.3,75759.6,75988.4,36383.5,53915.6,18731.3
20,1.3025,1.3024,1.3023,1.3022,1.3021,1.302,1.3019,1.3018,1.3017,1.3016,1.3026,1.3027,1.3028,1.3029,1.303,1.3031,1.3032,1.3033,1.3034,1.3035,44623.5,72506.1,55399.9,49046.5,38296.3,75815,83052.2,57829.5,47655.5,51641.5,36.1,3033.9,1558.5,3193.7,12253,27977,16819.3,40635.9,29207.3,37835.3
21,1.3028,1.3027,1.3026,1.3025,1.3024,1.3023,1.3022,1.3021,1.302,1.3019,1.3029,1.303,1.3031,1.3032,1.3033,1.3034,1.3035,1.3036,1.3037,1.3038,68147,40303.1,38519.2,35428.2,35108,56963.6,87221.6,28270,21469.1,31777,9627,12244.9,30494.7,31867.9,17769.5,39131.7,42552.6,10419.2,18670.3,63099.6
22,1.3026,1.3025,1.3024,1.3023,1.3022,1.3021,1.302,1.3019,1.3018,1.3017,1.3027,1.3028,1.3029,1.303,1.3031,1.3032,1.3033,1.3034,1.3035,1.3036,4209.9,9371.2,9397.3,46323.1,70550.4,44595.8,14922.6,33958.7,22324.6,30607,29766.5,46180.7,47621.3,61943.5,51437.3,30750.7,21482.9,54115.7,32892,8432.6
23,1.3044,1.3043,1.3042,1.3041,1.304,1.3039,1.3038,1.3037,1.3036,1.3035,1.3045,1.3046,1.3047,1.3048,1.3049,1.305,1.3051,1.3052,1.3053,1.3054,63786.4,31064.5,66152.4,54406.5,49437.3,63768.1,50250.5,43748.7,55955.4,52666,29638.3,28357.4,1804,11223.2,20548.6,32993.1,28201.4,20534.3,43643.4,23908.5
24,1.3037,1.3036,1.3035,1.3034,1.3033,1.3032,1.3031,1.303,1.3029,1.3028,1.3038,1.3039,1.304,1.3041,1.3042,1.3043,1.3044,1.3045,1.3046,1.3047,26953,7071.2,24475.2,18477.3,16501.7,14114.4,28538.3,21998,37020.1,16713.2,25291.9,47994.9,58369.9,41934.4,29274.8,39815.2,45006.7,71150.5,54928.9,43433.5
25,1.3045,1.3044,1.3043,1.3042,1.3041,1.304,1.3039,1.3038,1.3037,1.3036,1.3046,1.3047,1.3048,1.3049,1.305,1.3051,1.3052,1.3053,1.3054,1.3055,29596.1,42287.3,22861.4,11260.9,17304.5,42205.8,45658.1,17211.6,27718.8,11560,20939.7,29265.5,69726.5,72641,67669.8,50717.7,44546.9,32850.1,24080,21011.4
26,1.3052,1.3051,1.305,1.3049,1.3048,1.3047,1.3046,1.3045,1.3044,1.3043,1.3053,1.3054,1.3055,1.3056,1.3057,1.3058,1.3059,1.306,1.3061,1.3062,45400.8,72803.1,74529.8,68094.5,43561.1,50206.1,96211.2,44720.8,50598.1,37420.8,8464.3,3510.6,2879.2,9552.9,10676.5,16324.9,37172.6,40623.1,8083.2,15522.5
27,1.3068,1.3067,1.3066,1.3065,1.3064,1.3063,1.3062,1.3061,1.306,1.3059,1.3069,1.307,1.3071,1.3072,1.3073,1.3074,1.3075,1.3076,1.3077,1.3078,30001.6,62915.5,42565.5,47563.1,58015.7,72574,58101.1,44924.5,17301.9,53975.5,24386.4,3677.2,3595.6,15169.6,25061.4,19626.7,39276.3,29155.7,31716.5,18454.3
28,1.3068,1.3067,1.3066,1.3065,1.3064,1.3063,1.3062,1.3061,1.306,1.3059,1.3069,1.307,1.3071,1.3072,1.3073,1.3074,1.3075,1.3076,1.3077,1.3078,23223,11647.7,11056.4,44624.9,17963,22509,15750.5,36170.7,15593.6,47445.2,24370.8,29588.6,74591,60831.2,30543.2,56276.7,66421.2,38817.4,34220.5,43952.2
29,1.3071,1.307,1.3069,1.3068,1.3067,1.3066,1.3065,1.3064,1.3063,1.3062,1.3072,1.3073,1.3074,1.3075,1.3076,1.3077,1.3078,1.3079,1.308,1.3081,11507.1,25027.3,30752.7,63553.9,65171.6,34541.7,10443.5,31158.7,22389.9,30880,30189.9,22481.7,51533.7,52667.2,34405.7,12309.9,23371.2,32728.1,22886.3,12374.5
30,1.3089,1.3088,1.3087,1.3086,1.3085,1.3084,1.3083,1.3082,1.3081,1.308,1.309,1.3091,1.3092,1.3093,1.3094,1.3095,1.3096,1.3097,1.3098,1.3099,267.2,416.1,10299.1,27288.2,10902.3,32164.6,14496.7,18062,42581.4,29574.3,45231.2,19183.5,20331.4,13544.8,51474.5,64689.9,41309.1,22508.6,46091.4,35867.7
31,1.3094,1.3093,1.3092,1.3091,1.309,1.3089,1.3088,1.3087,1.3086,1.3085,1.3095,1.3096,1.3097,1.3098,1.3099,1.31,1.3101,1.3102,1.3103,1.3104,226.6,18875.5,62509.5,34325.8,31706.4,32826.9,62095.7,73116.8,49493.9,48560.7,20798.3,10976.2,10652.2,32042.4,14498.4,32306.9,31075.1,21333.4,30036.3,40152.5
32,1.3099,1.3098,1.3097,1.3096,1.3095,1.3094,1.3093,1.3092,1.3091,1.309,1.31,1.3101,1.3102,1.3103,1.3104,1.3105,1.3106,1.3107,1.3108,1.3109,4675.5,6233,5928,27080.3,29253.8,19245.8,48672,15067.3,25110.7,33633.2,32089,53234.7,27768.9,20605.5,41933.8,75301.5,72637.1,76750.9,58432.2,23915
33,1.3094,1.3093,1.3092,1.3091,1.309,1.3089,1.3088,1.3087,1.3086,1.3085,1.3095,1.3096,1.3097,1.3098,1.3099,1.31,1.3101,1.3102,1.3103,1.3104,3482.7,22292.5,19933.8,20653.6,37552.9,28897.5,15557.9,37245.9,18942.1,42622.7,41915.6,48103.1,41316.4,41859.4,25255,21590.7,57123.8,48432.8,18048.9,35473.4
34,1.3097,1.3096,1.3095,1.3094,1.3093,1.3092,1.3091,1.309,1.3089,1.3088,1.3098,1.3099,1.31,1.3101,1.3102,1.3103,1.3104,1.3105,1.3106,1.3107,22592.3,7866.5,12460.8,30120.4,42307.1,36202.8,49506.8,56533.7,29715.9,21463.5,18493.2,40449.2,28625.3,41639.3,29186.5,21365,35949.4,18432.4,27693.5,41728.6
35,1.3093,1.3092,1.3091,1.309,1.3089,1.3088,1.3087,1.3086,1.3085,1.3084,1.3094,1.3095,1.3096,1.3097,1.3098,1.3099,1.31,1.3101,1.3102,1.3103,12435.1,7205.5,18947.4,16870.3,9297.8,18505.9,47936,33797.3,8323.4,20193.9,33150.9,72194,37552.4,29360.8,43100.7,35733.9,34781.7,30720.7,8200.1,24867.6
36,1.3094,1.3093,1.3092,1.3091,1.309,1.3089,1.3088,1.3087,1.3086,1.3085,1.3095,1.3096,1.3097,1.3098,1.3099,1.31,1.3101,1.3102,1.3103,1.3104,20129.8,39753,18030.9,32264.3,54467.6,51433.9,21174.7,32747.3,17459,32377.1,7008.9,11112.4,25369.8,45004.8,33001,22709.1,28672.5,16540.1,22580.8,35639.8
37,1.3096,1.3095,1.3094,1.3093,1.3092,1.3091,1.309,1.3089,1.3088,1.3087,1.3097,1.3098,1.3099,1.31,1.3101,1.3102,1.3103,1.3104,1.3105,1.3106,24010.3,12037.8,30665.2,33791.8,45316.4,29598.4,34332.9,47135.2,36094.1,36008.7,5063.4,12322.7,11178.7,36518.1,30965.3,16603.3,18232.5,35877.2,19165.4,26925.5
38,1.3094,1.3093,1.3092,1.3091,1.309,1.3089,1.3088,1.3087,1.3086,1.3085,1.3095,1.3096,1.3097,1.3098,1.3099,1.31,1.3101,1.3102,1.3103,1.3104,2421.9,6424.9,6543.6,31323.8,23411.3,19248,29114.3,33355.7,23656.1,41829.7,47109.2,37834,41878.1,31880,12878.5,23463.4,37079,27060.1,32509.5,36559.9
39,1.3088,1.3087,1.3086,1.3085,1.3084,1.3083,1.3082,1.3081,1.308,1.3079,1.3089,1.309,1.3091,1.3092,1.3093,1.3094,1.3095,1.3096,1.3097,1.3098,2958.8,7650.5,6169.8,15707.9,32181.4,29145.5,33071.1,41836.7,10770.3,28800.7,39678.5,46821.1,29856.6,69710.6,44957.6,43153.5,52516.7,46932,35051.7,34603.1
40,1.3091,1.309,1.3089,1.3088,1.3087,1.3086,1.3085,1.3084,1.3083,1.3082,1.3092,1.3093,1.3094,1.3095,1.3096,1.3097,1.3098,1.3099,1.31,1.3101,18225.2,32572.1,39201,25235,31507.9,23663.5,39921.5,11736.7,38138.5,47874,4999.2,18860.1,38554.7,25547,20015.6,28051.6,31788.9,16035.6,20275.2,36241
41,1.3093,1.3092,1.3091,1.309,1.3089,1.3088,1.3087,1.3086,1.3085,1.3084,1.3094,1.3095,1.3096,1.3097,1.3098,1.3099,1.31,1.3101,1.3102,1.3103,36250.1,36066.7,47871.8,33407.9,45445.8,30524.3,32697.6,36165.7,21874.1,21219,10064.2,8811.7,3481.1,9939.2,8555.4,10710.6,22782.6,47637.8,30518.6,21743.7
42,1.3085,1.3084,1.3083,1.3082,1.3081,1.308,1.3079,1.3078,1.3077,1.3076,1.3086,1.3087,1.3088,1.3089,1.309,1.3091,1.3092,1.3093,1.3094,1.3095,6989.7,931.7,5543.2,8265.7,7403.2,15812.8,35260.6,35995.8,30452,25452.4,22683.2,19342.6,24575.2,51953.3,42913.4,42115.9,76786,82447,64669.5,55938.1
43,1.3078,1.3077,1.3076,1.3075,1.3074,1.3073,1.3072,1.3071,1.307,1.3069,1.3079,1.308,1.3081,1.3082,1.3083,1.3084,1.3085,1.3086,1.3087,1.3088,7425.7,2591.1,6105.9,21875.7,31040.3,20585.3,29365,33202.8,15866.6,46958.7,57775.9,41675.4,58723.9,55019.5,31289.2,32098.2,57791,42963.7,23092.6,24084.8
44,1.3078,1.3077,1.3076,1.3075,1.3074,1.3073,1.3072,1.3071,1.307,1.3069,1.3079,1.308,1.3081,1.3082,1.3083,1.3084,1.3085,1.3086,1.3087,1.3088,8377,22600.6,18545,25659.6,11384.4,12369.3,13781.7,46022.2,24982.9,24473,19495.6,22679.3,29918.8,57329.2,41530.1,24492.8,43819.8,46279.9,7343.5,21644.6
45,1.3071,1.307,1.3069,1.3068,1.3067,1.3066,1.3065,1.3064,1.3063,1.3062,1.3072,1.3073,1.3074,1.3075,1.3076,1.3077,1.3078,1.3079,1.308,1.3081,12359.1,4215.9,12708.9,25637.1,17076.7,28955,36172.1,13039.6,28291.2,32804.3,33806.6,27863.7,21553.4,16063.9,23447.8,55171.3,46895.6,43143.1,22438.4,38969
46,1.306,1.3059,1.3058,1.3057,1.3056,1.3055,1.3054,1.3053,1.3052,1.3051,1.3061,1.3062,1.3063,1.3064,1.3065,1.3066,1.3067,1.3068,1.3069,1.307,24280.4,4225.7,10684.3,22287.4,10471.1,21017,33246.4,29577.7,16127.7,31834,4935.3,33051.6,40946.7,22531.7,22466.3,76530.5,39114.7,36014.7,48560.3,51128.4
47,1.3048,1.3047,1.3046,1.3045,1.3044,1.3043,1.3042,1.3041,1.304,1.3039,1.3049,1.305,1.3051,1.3052,1.3053,1.3054,1.3055,1.3056,1.3057,1.3058,35128.4,35223,29195.2,27579.9,9723.5,23853.4,45051.4,24256.7,11474.1,21299.6,5115,14382,22265,36839,52686,45668.8,11203.1,22502,31666.3,22290.3
48,1.3039,1.3038,1.3037,1.3036,1.3035,1.3034,1.3033,1.3032,1.3031,1.303,1.304,1.3041,1.3042,1.3043,1.3044,1.3045,1.3046,1.3047,1.3048,1.3049,3646.6,5179.7,2545,10639.5,27755.2,46333.9,28851.4,14368.2,33004,18614.4,45652.5,31424.9,58264.5,48161.4,39245,48285.5,29015.7,35752.9,63016.9,30587.2
49,1.3035,1.3034,1.3033,1.3032,1.3031,1.303,1.3029,1.3028,1.3027,1.3026,1.3036,1.3037,1.3038,1.3039,1.304,1.3041,1.3042,1.3043,1.3044,1.3045,27556.4,32536.3,22381.9,47291.8,38855.2,28484.6,19422.4,31712.7,42135.2,30282.6,5803.5,3274.2,13970.4,25954.2,16249.1,21101.8,53402.6,27472.1,36807.6,30827.7
50,1.3033,1.3032,1.3031,1.303,1.3029,1.3028,1.3027,1.3026,1.3025,1.3024,1.3034,1.3035,1.3036,1.3037,1.3038,1.3039,1.304,1.3041,1.3042,1.3043,5375.2,2778.5,10819.1,35355,11907.3,20465.1,33283.5,21057,34618.7,60664.9,30488.3,22322.1,39703.4,46840.5,45014.8,68206.9,50242.3,46710,35006.5,15605.4
51,1.3033,1.3032,1.3031,1.303,1.3029,1.3028,1.3027,1.3026,1.3025,1.3024,1.3034,1.3035,1.3036,1.3037,1.3038,1.3039,1.304,1.3041,1.3042,1.3043,48138.4,6345.9,3605.7,9441.7,17424.3,26649.8,28797.5,16468.8,33586.7,49042.1,22322.7,42946.1,57198.2,47855.8,30390.4,71128.6,29662.3,24355.3,35295.9,13296.8
52,1.3027,1.3026,1.3025,1.3024,1.3023,1.3022,1.3021,1.302,1.3019,1.3018,1.3028,1.3029,1.303,1.3031,1.3032,1.3033,1.3034,1.3035,1.3036,1.3037,15021.7,12366.4,11905.6,7582,14197.4,34876.9,27919.2,9822.3,23861.3,38156.4,41599.1,38753.9,36238.6,66223.1,31326.5,27219.6,42572.2,48354.6,26295.6,42279.8
53,1.3034,1.3033,1.3032,1.3031,1.303,1.3029,1.3028,1.3027,1.3026,1.3025,1.3035,1.3036,1.3037,1.3038,1.3039,1.304,1.3041,1.3042,1.3043,1.3044,26413.2,24184.4,68886.3,82863.5,59904.5,30517.6,36410.9,65278.5,9658.6,22294.6,3392.6,6085.8,26649.9,28578.4,30682.7,16795.1,12803.2,32780,20120.3,24512.8
54,1.3039,1.3038,1.3037,1.3036,1.3035,1.3034,1.3033,1.3032,1.3031,1.303,1.304,1.3041,1.3042,1.3043,1.3044,1.3045,1.3046,1.3047,1.3048,1.3049,14795.2,19242.9,20922.1,35571.7,28067,27274.5,45452.3,38703.4,38997.6,27336,26970.8,50547.3,42494.1,42149.7,37316.5,14544.4,20346.4,23693.1,39175.1,27565.1
55,1.3039,1.3038,1.3037,1.3036,1.3035,1.3034,1.3033,1.3032,1.3031,1.303,1.304,1.3041,1.3042,1.3043,1.3044,1.3045,1.3046,1.3047,1.3048,1.3049,10797.8,17266.9,19248.7,22661.3,19973.7,15332,35302.7,38703.4,31403.9,32673.4,58838,22733.1,47018.6,61761.9,59935.8,40117.5,25463,35851,8978.8,24322.1
56,1.3038,1.3037,1.3036,1.3035,1.3034,1.3033,1.3032,1.3031,1.303,1.3029,1.3039,1.304,1.3041,1.3042,1.3043,1.3044,1.3045,1.3046,1.3047,1.3048,20980.9,19287.8,36077.6,56433.7,54182.4,60945.8,47880.8,24071.6,29322.9,9541.3,9823.5,20041.9,15396.5,45068.6,29443,18770,24857.6,26367.5,39003.1,29791.8
57,1.3037,1.3036,1.3035,1.3034,1.3033,1.3032,1.3031,1.303,1.3029,1.3028,1.3038,1.3039,1.304,1.3041,1.3042,1.3043,1.3044,1.3045,1.3046,1.3047,22115.8,34478.6,34728.2,44490.4,61776.7,49660.6,26680.8,26700.6,10954.7,35300.6,48910.4,8628.3,33514.2,49513.4,29412.7,11194.2,24128.9,36088.8,18105.2,5442.9
58,1.3047,1.3046,1.3045,1.3044,1.3043,1.3042,1.3041,1.304,1.3039,1.3038,1.3048,1.3049,1.305,1.3051,1.3052,1.3053,1.3054,1.3055,1.3056,1.3057,8397.6,31899.9,45444.4,35879,38832.9,33192.2,37908.3,36908,67138.4,34941,23632.6,6406.1,14525.7,49218.2,31698.1,33543.9,33904.1,18383.3,39813.6,43607.2
59,1.3035,1.3034,1.3033,1.3032,1.3031,1.303,1.3029,1.3028,1.3027,1.3026,1.3036,1.3037,1.3038,1.3039,1.304,1.3041,1.3042,1.3043,1.3044,1.3045,22137.4,12791.2,7491.4,8089.5,14340,41973,19218.4,35454.7,42088.7,6506.5,35311.3,31852.1,40433.5,70185.6,77372,59391,31823.8,62768,29952.8,40191.6
60,1.3033,1.3032,1.3031,1.303,1.3029,1.3028,1.3027,1.3026,1.3025,1.3024,1.3034,1.3035,1.3036,1.3037,1.3038,1.3039,1.304,1.3041,1.3042,1.3043,50653.3,49320.8,49690.6,51061.7,31141.3,30494.3,21395.8,19603.6,42356.3,26216.2,29131.1,14099.6,25883.4,41188.6,26067.7,60455.2,15890.3,6882.4,22330,56207.2
61,1.3017,1.3016,1.3015,1.3014,1.3013,1.3012,1.3011,1.301,1.3009,1.3008,1.3018,1.3019,1.302,1.3021,1.3022,1.3023,1.3024,1.3025,1.3026,1.3027,24580.5,8100.6,5435.7,14189.7,33423.2,33273.6,5586.3,23337.7,59379.1,18012.7,18599.4,30769.4,39394.2,43716.5,23524.3,52429.1,28410.8,83164.4,65950.9,61955.6
62,1.3014,1.3013,1.3012,1.3011,1.301,1.3009,1.3008,1.3007,1.3006,1.3005,1.3015,1.3016,1.3017,1.3018,1.3019,1.302,1.3021,1.3022,1.3023,1.3024,3198.1,2892.6,5993.1,15290.9,33237.4,23910.2,13818.2,20342,29509.7,22914.6,44269.5,30433.5,59624.7,78048.8,53432.2,57095.1,39315.3,48671.1,35869.4,36257.2
63,1.3007,1.3006,1.3005,1.3004,1.3003,1.3002,1.3001,1.3,1.2999,1.2998,1.3008,1.3009,1.301,1.3011,1.3012,1.3013,1.3014,1.3015,1.3016,1.3017,24285.2,12001.7,41218.1,24324,18426.1,31922.9,34306.9,25049.1,9221.6,20374.1,9701.8,6419.8,31760.6,53163.6,30482.9,21161.8,51570.9,9270.9,22402.9,54930.6
64,1.3007,1.3006,1.3005,1.3004,1.3003,1.3002,1.3001,1.3,1.2999,1.2998,1.3008,1.3009,1.301,1.3011,1.3012,1.3013,1.3014,1.3015,1.3016,1.3017,17530,824.6,26078.9,10265.6,14076.9,44373.7,29969.6,19554.3,16935.8,31371.8,33827.6,36255.6,46891.1,36537.8,24375.1,47429.2,43318.9,31940.2,35256.7,18448.6
65,1.2997,1.2996,1.2995,1.2994,1.2993,1.2992,1.2991,1.299,1.2989,1.2988,1.2998,1.2999,1.3,1.3001,1.3002,1.3003,1.3004,1.3005,1.3006,1.3007,5204.4,15148.4,31393.4,48811.4,58462.6,31858.8,8062.5,22366.6,45386.8,45279.8,40273.3,42326.7,40118,66621.4,43693.3,42672.3,27041.9,11247.2,11777.4,30206.1
66,1.3004,1.3003,1.3002,1.3001,1.3,1.2999,1.2998,1.2997,1.2996,1.2995,1.3005,1.3006,1.3007,1.3008,1.3009,1.301,1.3011,1.3012,1.3013,1.3014,26508.4,53310.5,42890.5,57092.1,63426.2,35137.5,50209.5,64740.3,41210.2,40477.1,4988.9,7551.3,8562.3,28512.3,19807.4,12562.3,12902.4,26329,50134.7,32764
67,1.3006,1.3005,1.3004,1.3003,1.3002,1.3001,1.3,1.2999,1.2998,1.2997,1.3007,1.3008,1.3009,1.301,1.3011,1.3012,1.3013,1.3014,1.3015,1.3016,5529.5,9274.2,30069.3,38320.4,49780.9,60332.4,42211.8,30056,46147,52299.2,23628.4,18376.6,15364.7,25395.7,9390.5,15850.9,40560.5,28245.8,20334.4,52511.9
68,1.3006,1.3005,1.3004,1.3003,1.3002,1.3001,1.3,1.2999,1.2998,1.2997,1.3007,1.3008,1.3009,1.301,1.3011,1.3012,1.3013,1.3014,1.3015,1.3016,25800.8,25267.9,25825.1,48125.5,58390.1,49044.8,47396,10561.9,34729.5,50164.8,10429.9,16303.7,9430.1,25042,14170.4,30970.9,27376.5,28245.8,20334.4,60267.1
69,1.3,1.2999,1.2998,1.2997,1.2996,1.2995,1.2994,1.2993,1.2992,1.2991,1.3001,1.3002,1.3003,1.3004,1.3005,1.3006,1.3007,1.3008,1.3009,1.301,8690.5,191.4,14042,38118,11921.7,15142.9,28961.5,20822.7,34623.2,33799.4,26108.2,38451.8,25710.9,70668.9,20790.3,43658.2,33049.7,36401.1,32851.9,51267.6
70,1.2999,1.2998,1.2997,1.2996,1.2995,1.2994,1.2993,1.2992,1.2991,1.299,1.3,1.3001,1.3002,1.3003,1.3004,1.3005,1.3006,1.3007,1.3008,1.3009,62700.6,38858.7,32643.1,12590.9,17157.9,37570,24304.8,34062.4,30037.1,24679.1,44.2,8608.2,20972.2,31379,26192.2,22068.4,39036.7,33928.6,30792,36287.7
71,1.2997,1.2996,1.2995,1.2994,1.2993,1.2992,1.2991,1.299,1.2989,1.2988,1.2998,1.2999,1.3,1.3001,1.3002,1.3003,1.3004,1.3005,1.3006,1.3007,5478.6,10093,38679.8,25876.2,18023.3,34209,28151.3,16973.3,39980.4,46385.1,33524.6,30248,27346,75251.1,24237,25089.8,40891.2,27895.8,23960.8,38622.2
72,1.2987,1.2986,1.2985,1.2984,1.2983,1.2982,1.2981,1.298,1.2979,1.2978,1.2988,1.2989,1.299,1.2991,1.2992,1.2993,1.2994,1.2995,1.2996,1.2997,18248.2,17471,38077.5,35183.6,45600.4,49522.6,8411.1,21571.5,45707.5,28939.8,28298.5,11153.8,15566,33625.5,38198.6,25760.9,12976.6,33832.4,40810.8,30300
73,1.2989,1.2988,1.2987,1.2986,1.2985,1.2984,1.2983,1.2982,1.2981,1.298,1.299,1.2991,1.2992,1.2993,1.2994,1.2995,1.2996,1.2997,1.2998,1.2999,15637.4,11167.8,22287.6,21162.4,47122.9,51331.4,60982.7,48088.8,21612,19246.8,15564.3,14756.7,15008,40719.9,15413.9,29275.2,22626.6,28378.6,29707.6,15406.6
74,1.2999,1.2998,1.2997,1.2996,1.2995,1.2994,1.2993,1.2992,1.2991,1.299,1.3,1.3001,1.3002,1.3003,1.3004,1.3005,1.3006,1.3007,1.3008,1.3009,36661.3,44171.5,31083.3,51377.3,66391.4,44890.7,43725.3,34274.2,41593,13593.9,9513.9,22494.2,15962.7,49907,30567,20620.7,17157.6,41449,17695.3,40588.8
75,1.2994,1.2993,1.2992,1.2991,1.299,1.2989,1.2988,1.2987,1.2986,1.2985,1.2995,1.2996,1.2997,1.2998,1.2999,1.3,1.3001,1.3002,1.3003,1.3004,11869.5,3463.6,5282.2,11414.3,12879.9,26611.6,37675.6,22334,10711.6,31000.1,7250.4,9645.2,30085.1,59867.3,37197.5,41813.3,49394.5,15676.8,40269.5,70062.7
76,1.2992,1.2991,1.299,1.2989,1.2988,1.2987,1.2986,1.2985,1.2984,1.2983,1.2993,1.2994,1.2995,1.2996,1.2997,1.2998,1.2999,1.3,1.3001,1.3002,38592.1,38579.1,28928.3,35615,42801.8,30467.8,16604.8,28864.5,17140.2,42449,12009.6,15283.1,19932.5,24631.7,26704.8,22006.2,38448.1,24644.7,18975.1,16416.9
77,1.2989,1.2988,1.2987,1.2986,1.2985,1.2984,1.2983,1.2982,1.2981,1.298,1.299,1.2991,1.2992,1.2993,1.2994,1.2995,1.2996,1.2997,1.2998,1.2999,29629,34063.2,26091.5,12161.8,32464.8,19148.8,37315.6,30134.2,16672.4,33364.8,16689.6,16567.7,25321.9,27002.6,23026.2,40884.2,50184.6,31860,33819.1,51148.1
78,1.2995,1.2994,1.2993,1.2992,1.2991,1.299,1.2989,1.2988,1.2987,1.2986,1.2996,1.2997,1.2998,1.2999,1.3,1.3001,1.3002,1.3003,1.3004,1.3005,4955.7,21494.2,28982.1,36934.2,84165.8,48892.2,34866.7,52583.7,40432,11820.6,20823,2011.5,7533.2,26505.9,28174,35292.4,17996.8,34891.6,46341,22921.2
79,1.2999,1.2998,1.2997,1.2996,1.2995,1.2994,1.2993,1.2992,1.2991,1.299,1.3,1.3001,1.3002,1.3003,1.3004,1.3005,1.3006,1.3007,1.3008,1.3009,35410.9,22818.6,20425.7,27103,33541.4,11427.5,33048.3,40807.3,5681.7,12540,7176.1,22273.7,17861.5,43150.7,65298,38082.4,41833,40476.5,24772.2,34874.2
80,1.2998,1.2997,1.2996,1.2995,1.2994,1.2993,1.2992,1.2991,1.299,1.2989,1.2999,1.3,1.3001,1.3002,1.3003,1.3004,1.3005,1.3006,1.3007,1.3008,36702,48163.9,46069.2,37973,50464.3,34036.6,36828.4,28844.8,9623.8,20775.4,5262.7,26927.8,14305.8,24780.1,15040.5,39243,28689.8,20126.6,33854.3,51457.2
81,1.2992,1.2991,1.299,1.2989,1.2988,1.2987,1.2986,1.2985,1.2984,1.2983,1.2993,1.2994,1.2995,1.2996,1.2997,1.2998,1.2999,1.3,1.3001,1.3002,30093.3,55687.2,21269.3,21164.7,41249.2,27263.4,11385.8,39167.2,19924.7,40781.6,11450.4,16864.3,24442.3,34423.1,38566.5,24831,48418.6,31662.3,30052.4,40579.8
82,1.2983,1.2982,1.2981,1.298,1.2979,1.2978,1.2977,1.2976,1.2975,1.2974,1.2984,1.2985,1.2986,1.2987,1.2988,1.2989,1.299,1.2991,1.2992,1.2993,18456.3,45438.2,65686.9,60108.8,49343.2,23974.1,24626.8,34677.8,12374.5,19981.7,14650.3,10327.1,14780.4,55268.1,26065.3,11047.6,20287.4,54535.9,6980.9,14817.2
83,1.2985,1.2984,1.2983,1.2982,1.2981,1.298,1.2979,1.2978,1.2977,1.2976,1.2986,1.2987,1.2988,1.2989,1.299,1.2991,1.2992,1.2993,1.2994,1.2995,31182.2,31743.9,28307.4,60187.6,73809.1,67608.3,69556.6,23644.7,24178.6,37033.2,5454.5,7955.6,16369.6,11687.7,30382.2,55502.3,6993.2,15162,22144.6,31869.1
84,1.2993,1.2992,1.2991,1.299,1.2989,1.2988,1.2987,1.2986,1.2985,1.2984,1.2994,1.2995,1.2996,1.2997,1.2998,1.2999,1.3,1.3001,1.3002,1.3003,16690.4,39615,46704,49264.2,55926.5,53543.9,18975.5,32268.7,53920.3,11449.6,15249.3,25695.5,18108.2,16327.2,16338.8,36725,21050.3,23551.3,15280.4,22399.7
85,1.301,1.3009,1.3008,1.3007,1.3006,1.3005,1.3004,1.3003,1.3002,1.3001,1.3011,1.3012,1.3013,1.3014,1.3015,1.3016,1.3017,1.3018,1.3019,1.302,10312,15333.2,17637.5,52061.9,50920.4,39262.5,33310.2,28272.3,74783.6,31495.7,20824.6,3946.8,8614.4,21344.2,13164,28938.2,23014.6,39018.8,36529.3,18699
86,1.3011,1.301,1.3009,1.3008,1.3007,1.3006,1.3005,1.3004,1.3003,1.3002,1.3012,1.3013,1.3014,1.3015,1.3016,1.3017,1.3018,1.3019,1.302,1.3021,4697.8,26763.1,25203.2,20370,51936.6,24312.1,27178.9,15953.3,37039.6,44948.5,13647.4,27093.1,34552.5,44392.9,28812.1,52314.1,40459,33167.4,11065.7,29171
87,1.3004,1.3003,1.3002,1.3001,1.3,1.2999,1.2998,1.2997,1.2996,1.2995,1.3005,1.3006,1.3007,1.3008,1.3009,1.301,1.3011,1.3012,1.3013,1.3014,5386.1,11850.6,5323.9,25321.6,29754.2,11863.4,24480.6,47188.4,15885.3,23852.9,20974.5,9266.5,29281.6,47512.1,31481.2,73852.6,47004.5,44686.7,45490.6,21798.8
88,1.3004,1.3003,1.3002,1.3001,1.3,1.2999,1.2998,1.2997,1.2996,1.2995,1.3005,1.3006,1.3007,1.3008,1.3009,1.301,1.3011,1.3012,1.3013,1.3014,55989.3,39075.9,52964.8,46679.7,22744.6,13870.6,37979.7,29111.2,15073.7,44540.6,3562.8,2722.4,26391.3,36881.4,30976.5,69316.3,36525.3,17438.1,33274.7,17324.9
89,1.2996,1.2995,1.2994,1.2993,1.2992,1.2991,1.299,1.2989,1.2988,1.2987,1.2997,1.2998,1.2999,1.3,1.3001,1.3002,1.3003,1.3004,1.3005,1.3006,71842.9,42322.9,36293.1,44704,6230.4,12835.4,47233.1,32121.2,7715,21024.1,5015.6,13128.6,17074.6,46145,44654.2,51353.6,30432.3,38772.1,32890.3,23331.3
90,1.3005,1.3004,1.3003,1.3002,1.3001,1.3,1.2999,1.2998,1.2997,1.2996,1.3006,1.3007,1.3008,1.3009,1.301,1.3011,1.3012,1.3013,1.3014,1.3015,441.6,26674.3,48120.8,31108,29129.3,56532.2,42637.3,36520.9,32077.6,26399.8,24989.7,287.4,3361.2,15136.3,48421.2,31212.7,18609.2,31444.7,19665,32682
91,1.3004,1.3003,1.3002,1.3001,1.3,1.2999,1.2998,1.2997,1.2996,1.2995,1.3005,1.3006,1.3007,1.3008,1.3009,1.301,1.3011,1.3012,1.3013,1.3014,37628.2,47432.2,24499,42001.4,64676.5,32325.1,34747.2,30478.8,29205.8,39879.2,3346.5,9263.1,9515.4,12426.9,15044.7,43152,22882.3,18849.6,31440.4,21972.3
92,1.3,1.2999,1.2998,1.2997,1.2996,1.2995,1.2994,1.2993,1.2992,1.2991,1.3001,1.3002,1.3003,1.3004,1.3005,1.3006,1.3007,1.3008,1.3009,1.301,14366.7,27303.2,28769.4,30577.7,55004.6,53917.2,30240.6,35039.7,15286.9,27573.2,33784.6,33638,36827.6,69549.4,19061.7,15239.4,33036.2,17487.5,35171.9,39257.2
93,1.3001,1.3,1.2999,1.2998,1.2997,1.2996,1.2995,1.2994,1.2993,1.2992,1.3002,1.3003,1.3004,1.3005,1.3006,1.3007,1.3008,1.3009,1.301,1.3011,16859.9,20911.2,20695.7,34502.5,38942.5,56711,47383.9,32417.7,36154.2,15479.6,46102.4,27004.7,35706.3,33532.1,17066,32585.4,15860.9,30249.2,46873.1,8119.5
94,1.3007,1.3006,1.3005,1.3004,1.3003,1.3002,1.3001,1.3,1.2999,1.2998,1.3008,1.3009,1.301,1.3011,1.3012,1.3013,1.3014,1.3015,1.3016,1.3017,287.9,3792.6,7369.6,35505.2,52304.9,30864.1,19232.1,51811.2,44532.3,6634.9,30571.3,30916.1,76594.1,61394.7,30261.1,21418.3,29508.8,34522.3,19182.3,36305.3
95,1.3012,1.3011,1.301,1.3009,1.3008,1.3007,1.3006,1.3005,1.3004,1.3003,1.3013,1.3014,1.3015,1.3016,1.3017,1.3018,1.3019,1.302,1.3021,1.3022,17637.4,38231.1,46399.2,38430.6,23860.5,20285.9,12811,37502.8,49936.9,26471.2,8830.4,13714.6,10802.7,37130.2,44820,19749.9,22857.5,31328.3,30015.3,21870.6
96,1.3005,1.3004,1.3003,1.3002,1.3001,1.3,1.2999,1.2998,1.2997,1.2996,1.3006,1.3007,1.3008,1.3009,1.301,1.3011,1.3012,1.3013,1.3014,1.3015,17145.2,7762.2,18869,29065.4,13776,28748.2,41218.3,16945,15718.3,42783.4,4539.6,15577.1,44347.3,35733.6,43400.3,37212.9,49107.3,35585.3,33666.3,83569.2
97,1.3009,1.3008,1.3007,1.3006,1.3005,1.3004,1.3003,1.3002,1.3001,1.3,1.301,1.3011,1.3012,1.3013,1.3014,1.3015,1.3016,1.3017,1.3018,1.3019,17406.7,20970.7,24733.6,32297.6,21316.1,20626.6,32248.7,26867.5,12287.6,35338.8,11050,15455.2,27829.7,54528.9,26375.6,70602.3,23348.5,29249.8,33284.5,22199.5
98,1.3005,1.3004,1.3003,1.3002,1.3001,1.3,1.2999,1.2998,1.2997,1.2996,1.3006,1.3007,1.3008,1.3009,1.301,1.3011,1.3012,1.3013,1.3014,1.3015,3341.8,14211.7,18039.9,29281.4,12893.8,28334.5,41134.7,16714.3,15638.6,46506.6,35196.7,40637.4,52871.7,30887.4,68156.6,61027.2,25449.3,29333.7,52808.3,26149.8
99,1.3,1.2999,1.2998,1.2997,1.2996,1.2995,1.2994,1.2993,1.2992,1.2991,1.3001,1.3002,1.3003,1.3004,1.3005,1.3006,1.3007,1.3008,1.3009,1.301,2587.8,23091.5,23504.6,26285.8,8206.9,19436,33217.4,38171.8,14606.9,27104.5,18773.1,17817.9,27392.6,50636,43984,31373.8,26362.6,30470.6,17871.8,46044.8
100,1.2991,1.299,1.2989,1.2988,1.2987,1.2986,1.2985,1.2984,1.2983,1.2982,1.2992,1.2993,1.2994,1.2995,1.2996,1.2997,1.2998,1.2999,1.3,1.3001,94632.9,21173.3,8708.7,29084,25707.5,15061.1,38836.4,26842.2,36608.3,46245.3,883.1,6304.8,10095.6,37610.2,22106.1,43973.7,44308.4,47850.8,19284.3,32807
101,1.2996,1.2995,1.2994,1.2993,1.2992,1.2991,1.299,1.2989,1.2988,1.2987,1.2997,1.2998,1.2999,1.3,1.3001,1.3002,1.3003,1.3004,1.3005,1.3006,41171.8,9443.5,12826,18387.5,60919.6,56606.4,45361.9,52822.2,11537,30008.6,13638.5,11484.7,18314.8,26991.4,29754.1,34670.9,10404,21674.9,36549.9,40994.7
102,1.2983,1.2982,1.2981,1.298,1.2979,1.2978,1.2977,1.2976,1.2975,1.2974,1.2984,1.2985,1.2986,1.2987,1.2988,1.2989,1.299,1.2991,1.2992,1.2993,17898.8,2119.7,8627.9,28945.8,32463,6478.9,14044.7,33861.8,42932.9,50110.9,9031.6,28122,43969.7,38941.7,29391.4,61553.7,16473.2,43283.9,85699.4,78580.5
103,1.2982,1.2981,1.298,1.2979,1.2978,1.2977,1.2976,1.2975,1.2974,1.2973,1.2983,1.2984,1.2985,1.2986,1.2987,1.2988,1.2989,1.299,1.2991,1.2992,16854,23006.5,48705.4,28326,20164.7,34299.9,43118.5,21791.8,17986,32090.5,4995.4,30240.3,36121,49598.4,15408.1,24619.6,40047.5,7284.8,17014.4,53178.3
104,1.2988,1.2987,1.2986,1.2985,1.2984,1.2983,1.2982,1.2981,1.298,1.2979,1.2989,1.299,1.2991,1.2992,1.2993,1.2994,1.2995,1.2996,1.2997,1.2998,15275.6,19344.4,50708.3,39023.7,43774.1,49222.3,34551.1,22601,53658.6,28498.1,2995,7915.7,4069,32350.5,32635.7,27296.9,9723,28095.3,54421.4,14195.6
105,1.2986,1.2985,1.2984,1.2983,1.2982,1.2981,1.298,1.2979,1.2978,1.2977,1.2987,1.2988,1.2989,1.299,1.2991,1.2992,1.2993,1.2994,1.2995,1.2996,14155.1,9945.7,25301.7,38994.6,26249.4,15525.1,42186.9,33198.4,13607.7,41007.3,17834.1,36204.5,49468.9,54457.7,35614.8,39543.9,47451.3,7512.6,11342.7,34806.4
106,1.2986,1.2985,1.2984,1.2983,1.2982,1.2981,1.298,1.2979,1.2978,1.2977,1.2987,1.2988,1.2989,1.299,1.2991,1.2992,1.2993,1.2994,1.2995,1.2996,6315.1,8435.6,29005,36859.6,11984.6,12639.6,34041.9,34788.1,9659.9,25593.9,53538,50912.4,45253,35462,27487.5,63700.4,20731.9,12126.4,27219.5,13792.5
107,1.2984,1.2983,1.2982,1.2981,1.298,1.2979,1.2978,1.2977,1.2976,1.2975,1.2985,1.2986,1.2987,1.2988,1.2989,1.299,1.2991,1.2992,1.2993,1.2994,26287.8,36085.9,39628.5,27336.8,30122.2,33108.4,10211.2,25598.2,51289,24086.5,3268.7,12084.2,18245.9,53950.4,40810.5,9380.2,19074.9,52264.8,24216,28053.4
108,1.2987,1.2986,1.2985,1.2984,1.2983,1.2982,1.2981,1.298,1.2979,1.2978,1.2988,1.2989,1.299,1.2991,1.2992,1.2993,1.2994,1.2995,1.2996,1.2997,12054.2,24640.1,38709.9,38251.3,31186.9,40729.3,36865.3,29393.4,32391.3,13708.5,6590.5,25520.8,9078.6,29347,11292.7,11165.8,14830.9,26571.2,11481.2,34664
109,1.2994,1.2993,1.2992,1.2991,1.299,1.2989,1.2988,1.2987,1.2986,1.2985,1.2995,1.2996,1.2997,1.2998,1.2999,1.3,1.3001,1.3002,1.3003,1.3004,11827.5,15918.5,35713.7,30710.8,36772.6,36533.7,9444.7,34710.1,45470.7,31934.9,21706.2,7366.6,12295,27981.6,28701.3,35227.6,19999.4,17582.6,35187.1,56241.9
110,1.2997,1.2996,1.2995,1.2994,1.2993,1.2992,1.2991,1.299,1.2989,1.2988,1.2998,1.2999,1.3,1.3001,1.3002,1.3003,1.3004,1.3005,1.3006,1.3007,3456.5,12080.8,57183.6,34230.7,29938.1,32559.2,22673.9,43842.4,41125.1,10426.3,16961.8,12534.1,8528.3,27312.1,11833.4,24072.1,38978.9,47294.6,24642.3,25966
111,1.3003,1.3002,1.3001,1.3,1.2999,1.2998,1.2997,1.2996,1.2995,1.2994,1.3004,1.3005,1.3006,1.3007,1.3008,1.3009,1.301,1.3011,1.3012,1.3013,30782,28989.3,45038.8,31250.1,41966.3,70827.2,70218.9,24655.4,54767.8,32756,11776.8,6255.7,10192.9,34536.5,21057.9,26118,20608,33642.8,29890.2,37006.3
112,1.3003,1.3002,1.3001,1.3,1.2999,1.2998,1.2997,1.2996,1.2995,1.2994,1.3004,1.3005,1.3006,1.3007,1.3008,1.3009,1.301,1.3011,1.3012,1.3013,23732.2,106920.8,15356.5,32878.9,48312.8,36159.2,20435.5,35937.8,34279.5,44094.8,3458.9,7083.9,14354.2,31128.2,20082.4,28325.4,20548.5,37679.3,32198.6,37006.3
113,1.3003,1.3002,1.3001,1.3,1.2999,1.2998,1.2997,1.2996,1.2995,1.2994,1.3004,1.3005,1.3006,1.3007,1.3008,1.3009,1.301,1.3011,1.3012,1.3013,4398.4,3596.2,13132.7,25321.3,45586.9,20951,30014.2,35946.2,35132.3,37893.4,17661.9,22150.5,9805.8,34843.9,40184.9,27887.1,20223.5,34431.7,29894.9,37006.3
114,1.3019,1.3018,1.3017,1.3016,1.3015,1.3014,1.3013,1.3012,1.3011,1.301,1.302,1.3021,1.3022,1.3023,1.3024,1.3025,1.3026,1.3027,1.3028,1.3029,38281.5,41375.1,38865.6,30280.9,31999.6,41560.5,29716.2,35189.5,43514.1,17943.4,21435.1,3671.9,1540.7,21544.9,15048.4,17712,8719.6,29186.4,63854.7,31295.1
115,1.3023,1.3022,1.3021,1.302,1.3019,1.3018,1.3017,1.3016,1.3015,1.3014,1.3024,1.3025,1.3026,1.3027,1.3028,1.3029,1.303,1.3031,1.3032,1.3033,7583,4626,16712.3,39718.7,41954.8,15676.3,24249.8,19457.6,20443.6,46158.6,29423.2,34195.8,35735.3,81336.2,33535.7,27845.7,33623.2,22419.9,7107.2,20207.8
116,1.3018,1.3017,1.3016,1.3015,1.3014,1.3013,1.3012,1.3011,1.301,1.3009,1.3019,1.302,1.3021,1.3022,1.3023,1.3024,1.3025,1.3026,1.3027,1.3028,3170.4,2331.5,4631.4,15470.6,30247.3,15051,25690,35486.3,19763.6,42500.1,15869.2,33961.9,33232.3,75725.2,46326.7,31084.4,30940.9,49233.2,40244.3,27448.4
117,1.3017,1.3016,1.3015,1.3014,1.3013,1.3012,1.3011,1.301,1.3009,1.3008,1.3018,1.3019,1.302,1.3021,1.3022,1.3023,1.3024,1.3025,1.3026,1.3027,24481.3,19118.1,10073.5,30801.7,18099.7,27022.8,35530.7,19759.9,42504.8,37023.9,17267.9,18939.6,37818,40302.6,40373.5,41457,33437.4,25056,39252.7,30301.1
118,1.3021,1.302,1.3019,1.3018,1.3017,1.3016,1.3015,1.3014,1.3013,1.3012,1.3022,1.3023,1.3024,1.3025,1.3026,1.3027,1.3028,1.3029,1.303,1.3031,17359.8,26865,20416.7,37808.1,45117.9,31965,21522.4,39157,24310.3,22828.4,7788.1,25527.1,31638,27461.4,17670.7,30808.1,18860.8,9577.8,22966.4,42468.6
119,1.3026,1.3025,1.3024,1.3023,1.3022,1.3021,1.302,1.3019,1.3018,1.3017,1.3027,1.3028,1.3029,1.303,1.3031,1.3032,1.3033,1.3034,1.3035,1.3036,18133.2,30664.2,37667.5,20542.9,22999.8,52352.6,38559.6,21178.2,27999.1,40830.5,20027.1,21755.2,11435.4,32142.1,8539.2,8322.6,14752.6,31462.6,28158.5,23922.3
120,1.3032,1.3031,1.303,1.3029,1.3028,1.3027,1.3026,1.3025,1.3024,1.3023,1.3033,1.3034,1.3035,1.3036,1.3037,1.3038,1.3039,1.304,1.3041,1.3042,3686.5,12155,27547.5,27196.8,21134.7,36182.9,37886.7,53967.9,38564.8,18598.9,21184.6,10778.7,26901.8,27891.8,11249.6,15849.9,25442.8,40280.8,31944.4,11924.1
121,1.3044,1.3043,1.3042,1.3041,1.304,1.3039,1.3038,1.3037,1.3036,1.3035,1.3045,1.3046,1.3047,1.3048,1.3049,1.305,1.3051,1.3052,1.3053,1.3054,21412.4,16559.2,26676.8,62620.8,70548.2,31529.7,32632.7,38579,21086.3,47324,26360.4,10377.9,9192.1,9363.2,16764.2,16349.5,25287.3,34100.3,23942.7,19788.3
122,1.3038,1.3037,1.3036,1.3035,1.3034,1.3033,1.3032,1.3031,1.303,1.3029,1.3039,1.304,1.3041,1.3042,1.3043,1.3044,1.3045,1.3046,1.3047,1.3048,12835.9,4265.6,9230.5,26149.7,26209.4,45508.2,18122,23628.2,36700.2,18267.8,12447.5,35037.1,20826.2,11226.1,25212.1,47945.5,43683,53623.3,62655.2,21009.4
123,1.3038,1.3037,1.3036,1.3035,1.3034,1.3033,1.3032,1.3031,1.303,1.3029,1.3039,1.304,1.3041,1.3042,1.3043,1.3044,1.3045,1.3046,1.3047,1.3048,42363.9,95554.8,32160.7,27198.5,26782.7,14003,6283.3,14331.2,46746.7,28634.1,3138.4,4332.5,18804.5,12652.2,25791.8,46340.9,51567.4,38878.1,31802.5,18760.3
124,1.3047,1.3046,1.3045,1.3044,1.3043,1.3042,1.3041,1.304,1.3039,1.3038,1.3048,1.3049,1.305,1.3051,1.3052,1.3053,1.3054,1.3055,1.3056,1.3057,10964.2,17178.8,29544.5,41646.5,32537.8,37580.1,38705.1,38347.3,20196.2,33627.6,19413.3,24508.6,9219.4,15100.3,40947.1,25433,16965,38001.5,22606.6,36212.3
125,1.3056,1.3055,1.3054,1.3053,1.3052,1.3051,1.305,1.3049,1.3048,1.3047,1.3057,1.3058,1.3059,1.306,1.3061,1.3062,1.3063,1.3064,1.3065,1.3066,94941.4,28101,14619.7,23902.8,38650.7,64888.7,41033.7,28393.1,32185.4,43648.8,3703,3430.9,5345.3,26860.8,41097.3,13987.2,26121.1,42201.7,25363.6,14410.1
126,1.3067,1.3066,1.3065,1.3064,1.3063,1.3062,1.3061,1.306,1.3059,1.3058,1.3068,1.3069,1.307,1.3071,1.3072,1.3073,1.3074,1.3075,1.3076,1.3077,10346.3,8997.5,22650.9,23140.8,44470.9,25701.2,22803.9,31570.9,26336.8,27333.8,7097.3,20418.7,31916.4,30306.1,29953,39688.4,13056.1,22875.5,42896.4,28177.2
127,1.3082,1.3081,1.308,1.3079,1.3078,1.3077,1.3076,1.3075,1.3074,1.3073,1.3083,1.3084,1.3085,1.3086,1.3087,1.3088,1.3089,1.309,1.3091,1.3092,13001.9,35391.6,24046.2,16694.2,35312.4,7388.1,11864.2,40253.2,19549.9,40969.1,7160.2,10756.5,25364.1,66100.7,39946.6,33846.8,32251.9,28619.2,19285.1,20111.1
128,1.3083,1.3082,1.3081,1.308,1.3079,1.3078,1.3077,1.3076,1.3075,1.3074,1.3084,1.3085,1.3086,1.3087,1.3088,1.3089,1.309,1.3091,1.3092,1.3093,4506.6,16208.2,24460.4,30583.6,52931.3,17090.3,36144.8,50544.3,28169.9,23795,26371,27923.7,6191.8,11933,12803.4,23453.3,40552.2,18490.1,20470.9,42129.5
129,1.3078,1.3077,1.3076,1.3075,1.3074,1.3073,1.3072,1.3071,1.307,1.3069,1.3079,1.308,1.3081,1.3082,1.3083,1.3084,1.3085,1.3086,1.3087,1.3088,18421.6,18715.8,17241,21032,8581,22481.5,15126.7,23498.4,37557.4,17784.5,9916.3,13837.8,15927.5,35857.2,45038.9,31500.6,35086.9,41251.4,61991.3,21220.4
130,1.3075,1.3074,1.3073,1.3072,1.3071,1.307,1.3069,1.3068,1.3067,1.3066,1.3076,1.3077,1.3078,1.3079,1.308,1.3081,1.3082,1.3083,1.3084,1.3085,15675.8,16792.5,24274.6,34143.7,27985.2,15959.8,16721.9,18369.1,33766.8,33362.6,12733.4,15941.2,38103.2,33834.6,34789.9,38240.9,29932.9,30419.2,51728.6,40939.2
131,1.3071,1.307,1.3069,1.3068,1.3067,1.3066,1.3065,1.3064,1.3063,1.3062,1.3072,1.3073,1.3074,1.3075,1.3076,1.3077,1.3078,1.3079,1.308,1.3081,10890,20768.7,4084,15746,32005.8,33823.3,10703.3,27597.5,49905.9,17319.6,16268.1,19905,36709.8,46268.6,40500.5,47519.6,47501.6,18115.4,43166,36746.1
132,1.3068,1.3067,1.3066,1.3065,1.3064,1.3063,1.3062,1.3061,1.306,1.3059,1.3069,1.307,1.3071,1.3072,1.3073,1.3074,1.3075,1.3076,1.3077,1.3078,3494.2,5423.3,4493.7,14963.3,24789.4,49082.2,6806,21922.6,39707.9,26465.3,31002.5,38883.9,39854.6,39191.4,42052.2,65051.4,25883.4,38584.3,45294.4,50086.5
133,1.3068,1.3067,1.3066,1.3065,1.3064,1.3063,1.3062,1.3061,1.306,1.3059,1.3069,1.307,1.3071,1.3072,1.3073,1.3074,1.3075,1.3076,1.3077,1.3078,15995.3,12789.1,12868.5,46036.3,8484.6,9817.1,20483.2,61174.4,7289.6,19128.6,4042.5,12113.4,18951,16498,43570,46177.8,54947.8,51837.5,27290.8,31626.5
134,1.3067,1.3066,1.3065,1.3064,1.3063,1.3062,1.3061,1.306,1.3059,1.3058,1.3068,1.3069,1.307,1.3071,1.3072,1.3073,1.3074,1.3075,1.3076,1.3077,28508.5,20575.4,36458.8,22015.8,20850.7,35554.5,13405.9,18657.6,49690.4,23123.6,7501.4,15709.3,24276,27248.4,37971.6,36875.1,40095.3,34486.2,46152.7,29005.1
