timestamp,bid_price_0,bid_price_1,bid_price_2,bid_price_3,bid_price_4,bid_price_5,bid_price_6,bid_price_7,bid_price_8,bid_price_9,ask_price_0,ask_price_1,ask_price_2,ask_price_3,ask_price_4,ask_price_5,ask_price_6,ask_price_7,ask_price_8,ask_price_9,bid_size_0,bid_size_1,bid_size_2,bid_size_3,bid_size_4,bid_size_5,bid_size_6,bid_size_7,bid_size_8,bid_size_9,ask_size_0,ask_size_1,ask_size_2,ask_size_3,ask_size_4,ask_size_5,ask_size_6,ask_size_7,ask_size_8,ask_size_9
0,1.3067,1.3066,1.3065,1.3064,1.3063,1.3062,1.3061,1.306,1.3059,1.3058,1.3068,1.3069,1.307,1.3071,1.3072,1.3073,1.3074,1.3075,1.3076,1.3077,35485.9,45011.3,26537.7,14363.1,22192.2,36285,31511.2,24476.2,35098.7,41249,46823.3,39100.4,24884.4,18882.2,39026.3,35892.1,46905,56245.8,18569.5,44663.6
1,1.3069,1.3068,1.3067,1.3066,1.3065,1.3064,1.3063,1.3062,1.3061,1.306,1.307,1.3071,1.3072,1.3073,1.3074,1.3075,1.3076,1.3077,1.3078,1.3079,57467.5,58041.5,37117.7,45462.3,28022.1,16292.5,49362.7,31115.4,23918.4,42521.5,6949.9,14075.7,9807.3,23397.8,47911.4,64077.5,12952.4,45436,53885.3,17661.7
2,1.3068,1.3067,1.3066,1.3065,1.3064,1.3063,1.3062,1.3061,1.306,1.3059,1.3069,1.307,1.3071,1.3072,1.3073,1.3074,1.3075,1.3076,1.3077,1.3078,12609.7,43970.5,48633.3,23239.5,20115.1,46275.7,36914.9,31160.9,34944.3,44917.1,36519.9,41958.2,39096.5,32895,29284.5,60290.2,31908.8,16953.8,40091.6,52346.5
3,1.3057,1.3056,1.3055,1.3054,1.3053,1.3052,1.3051,1.305,1.3049,1.3048,1.3058,1.3059,1.306,1.3061,1.3062,1.3063,1.3064,1.3065,1.3066,1.3067,33164.4,34487.9,46890.3,51097,72846.6,39894.3,28155.7,29143.3,18337,37959.7,15402,22097.9,25714.9,37251.1,11737.9,18770.9,39531.3,25731.9,33684.7,33319.2
4,1.3046,1.3045,1.3044,1.3043,1.3042,1.3041,1.304,1.3039,1.3038,1.3037,1.3047,1.3048,1.3049,1.305,1.3051,1.3052,1.3053,1.3054,1.3055,1.3056,22812,5149.7,8246,12268.5,11602.3,33201.9,29233.1,31343.5,39929.3,12247.5,10753.6,37157.1,63857.6,58250.7,25368.3,27722.5,56343.9,79082.3,48338,62771.7
5,1.3049,1.3048,1.3047,1.3046,1.3045,1.3044,1.3043,1.3042,1.3041,1.304,1.305,1.3051,1.3052,1.3053,1.3054,1.3055,1.3056,1.3057,1.3058,1.3059,51330.4,42024.1,26842.3,10075.1,16782.2,43659,14757.5,12676,39856.5,28169.3,2912,10491.7,21805.6,35171.5,64391.9,47089.2,56151.2,59567.7,26165.4,19908
6,1.3047,1.3046,1.3045,1.3044,1.3043,1.3042,1.3041,1.304,1.3039,1.3038,1.3048,1.3049,1.305,1.3051,1.3052,1.3053,1.3054,1.3055,1.3056,1.3057,20760.3,31957.9,21446.9,25880.8,9723.8,28002.9,32758.5,25400.3,33871.6,43385.6,53911.1,25817.5,30377.3,35981.2,27655.8,41209.5,77002.5,42062.7,35378.6,57335.2
7,1.3044,1.3043,1.3042,1.3041,1.304,1.3039,1.3038,1.3037,1.3036,1.3035,1.3045,1.3046,1.3047,1.3048,1.3049,1.305,1.3051,1.3052,1.3053,1.3054,19761.7,25439.9,28337.2,15880.1,25654.2,29047.4,41565.9,13568.5,34670.2,35952,26746.1,14111.9,35829.5,28012.4,45026.1,54296,13810.4,31667.3,37694,34807
8,1.3033,1.3032,1.3031,1.303,1.3029,1.3028,1.3027,1.3026,1.3025,1.3024,1.3034,1.3035,1.3036,1.3037,1.3038,1.3039,1.304,1.3041,1.3042,1.3043,21739.5,16811.5,13756.4,15537.2,27438.7,26606.3,17168.1,24112,45895.1,16320.3,37253.8,50846.2,91167.3,64702,21627.3,27702.7,97916,57957.1,11207.2,21585.9
9,1.3022,1.3021,1.302,1.3019,1.3018,1.3017,1.3016,1.3015,1.3014,1.3013,1.3023,1.3024,1.3025,1.3026,1.3027,1.3028,1.3029,1.303,1.3031,1.3032,23322.1,18805.8,19108.8,33721.5,24193.8,27467.4,26263.8,14715.3,53429.6,51911.9,16916.1,12689.5,25546.4,19303.5,37791.8,65053.2,65668.5,54039.5,53332.7,39559.1
10,1.3017,1.3016,1.3015,1.3014,1.3013,1.3012,1.3011,1.301,1.3009,1.3008,1.3018,1.3019,1.302,1.3021,1.3022,1.3023,1.3024,1.3025,1.3026,1.3027,5737.3,11385.6,5023.7,18512.2,46728.8,29104.7,14115.2,31467.5,17948,31848.1,55930.4,59646.3,47043.8,30277.2,63846.5,41421.4,44889.1,45792.6,92627.8,58394.5
11,1.3023,1.3022,1.3021,1.302,1.3019,1.3018,1.3017,1.3016,1.3015,1.3014,1.3024,1.3025,1.3026,1.3027,1.3028,1.3029,1.303,1.3031,1.3032,1.3033,38298.7,42212.4,49408.5,64146,47243.2,23534.7,55382.9,29754.6,37431.1,37637.7,9575.5,7244.2,24677.1,20184.2,28287.3,13269.4,37250.6,29752,15009.3,19856
12,1.3016,1.3015,1.3014,1.3013,1.3012,1.3011,1.301,1.3009,1.3008,1.3007,1.3017,1.3018,1.3019,1.302,1.3021,1.3022,1.3023,1.3024,1.3025,1.3026,25833.6,10148.1,6015.2,18364.6,22023.7,38296,29461.4,16211.6,23525.6,48224.2,45361.3,53283.8,52256.1,63636.2,38370.9,43053.1,45509.1,30220.3,32007.2,39421.8
13,1.3012,1.3011,1.301,1.3009,1.3008,1.3007,1.3006,1.3005,1.3004,1.3003,1.3013,1.3014,1.3015,1.3016,1.3017,1.3018,1.3019,1.302,1.3021,1.3022,20995.8,19979.2,5631,24710.1,22724.5,8109,17748.9,22546.7,41851.9,11821.1,16653.7,32943.3,34581.5,42630.1,50792.3,75759.6,75988.4,36383.5,53915.6,18731.3
14,1.3028,1.3027,1.3026,1.3025,1.3024,1.3023,1.3022,1.3021,1.302,1.3019,1.3029,1.303,1.3031,1.3032,1.3033,1.3034,1.3035,1.3036,1.3037,1.3038,44449.1,38678.3,37989.8,56045.7,81618.3,58735.5,47889.1,45688.3,75812.4,76239.2,4223.7,5063.1,8181.6,35558.9,30656.2,17747.4,37216.4,17575.1,19124.3,59356
15,1.3028,1.3027,1.3026,1.3025,1.3024,1.3023,1.3022,1.3021,1.302,1.3019,1.3029,1.303,1.3031,1.3032,1.3033,1.3034,1.3035,1.3036,1.3037,1.3038,68147,40303.1,38519.2,35428.2,35108,56963.6,87221.6,28270,21469.1,31777,9627,12244.9,30494.7,31867.9,17769.5,39131.7,42552.6,10419.2,18670.3,63099.6
16,1.3026,1.3025,1.3024,1.3023,1.3022,1.3021,1.302,1.3019,1.3018,1.3017,1.3027,1.3028,1.3029,1.303,1.3031,1.3032,1.3033,1.3034,1.3035,1.3036,4209.9,9371.2,9397.3,46323.1,70550.4,44595.8,14922.6,33958.7,22324.6,30607,29766.5,46180.7,47767.1,61943.5,51437.3,30750.7,21482.9,54115.7,32892,11896.6
17,1.3044,1.3043,1.3042,1.3041,1.304,1.3039,1.3038,1.3037,1.3036,1.3035,1.3045,1.3046,1.3047,1.3048,1.3049,1.305,1.3051,1.3052,1.3053,1.3054,63786.4,31064.5,66152.4,54406.5,49437.3,63768.1,50054.4,43782.7,55955.4,52666,29874.2,28351.6,2600.8,12372.5,20548.6,32757.2,28201.4,21666.4,43643.4,23908.5
18,1.3037,1.3036,1.3035,1.3034,1.3033,1.3032,1.3031,1.303,1.3029,1.3028,1.3038,1.3039,1.304,1.3041,1.3042,1.3043,1.3044,1.3045,1.3046,1.3047,26953,7071.2,24475.2,18477.3,16501.7,14114.4,28538.3,21998,37020.1,16713.2,25291.9,47994.9,58369.9,41934.4,29274.8,39815.2,45006.7,71150.5,54928.9,43433.5
19,1.3045,1.3044,1.3043,1.3042,1.3041,1.304,1.3039,1.3038,1.3037,1.3036,1.3046,1.3047,1.3048,1.3049,1.305,1.3051,1.3052,1.3053,1.3054,1.3055,28368.7,42287.3,22861.4,11260.9,17304.5,42205.8,45658.1,17211.6,27718.8,11560,20939.7,29265.5,69726.5,72641,67669.8,50717.7,44546.9,32850.1,24080,21011.4
20,1.3052,1.3051,1.305,1.3049,1.3048,1.3047,1.3046,1.3045,1.3044,1.3043,1.3053,1.3054,1.3055,1.3056,1.3057,1.3058,1.3059,1.306,1.3061,1.3062,45400.8,72803.1,74529.8,68094.5,43561.1,50206.1,96211.2,44720.8,50598.1,37420.8,8464.3,3510.6,2879.2,9552.9,10676.5,16324.9,37172.6,40623.1,8083.2,15522.5
21,1.3068,1.3067,1.3066,1.3065,1.3064,1.3063,1.3062,1.3061,1.306,1.3059,1.3069,1.307,1.3071,1.3072,1.3073,1.3074,1.3075,1.3076,1.3077,1.3078,16487.4,61475.5,42565.5,47827.9,58015.7,72799.1,58101.1,44932.9,17301.9,53975.5,26709,3677.2,3595.6,13917.4,25061.4,25279,39276.3,29155.7,31716.5,18454.3
22,1.3068,1.3067,1.3066,1.3065,1.3064,1.3063,1.3062,1.3061,1.306,1.3059,1.3069,1.307,1.3071,1.3072,1.3073,1.3074,1.3075,1.3076,1.3077,1.3078,23223,11647.7,11056.4,44624.9,17963,22509,15750.5,36170.7,15593.6,47445.2,24343.6,29588.6,74591,60831.2,30543.2,56276.7,66421.2,38817.4,34220.5,43952.2
23,1.3071,1.307,1.3069,1.3068,1.3067,1.3066,1.3065,1.3064,1.3063,1.3062,1.3072,1.3073,1.3074,1.3075,1.3076,1.3077,1.3078,1.3079,1.308,1.3081,3263.3,23485.6,23696.8,71280.6,65171.6,35151.9,10685.3,30548.6,22389.9,30880,50147.7,30488.4,45797.8,52667.2,34405.7,12309.9,23371.2,32728.1,22886.3,12374.5
24,1.3089,1.3088,1.3087,1.3086,1.3085,1.3084,1.3083,1.3082,1.3081,1.308,1.309,1.3091,1.3092,1.3093,1.3094,1.3095,1.3096,1.3097,1.3098,1.3099,267.2,416.1,10299.1,27288.2,10902.3,32164.6,14496.7,18062,42581.4,29574.3,45231.2,19183.5,20331.4,13544.8,51474.5,64689.9,41309.1,22508.6,46091.4,35867.7
25,1.3094,1.3093,1.3092,1.3091,1.309,1.3089,1.3088,1.3087,1.3086,1.3085,1.3095,1.3096,1.3097,1.3098,1.3099,1.31,1.3101,1.3102,1.3103,1.3104,226.6,18875.5,62509.5,34325.8,31706.4,32826.9,62095.7,73116.8,49493.9,48560.7,20798.3,10976.2,10652.2,32042.4,14498.4,32306.9,31075.1,21333.4,30036.3,40152.5
26,1.3099,1.3098,1.3097,1.3096,1.3095,1.3094,1.3093,1.3092,1.3091,1.309,1.31,1.3101,1.3102,1.3103,1.3104,1.3105,1.3106,1.3107,1.3108,1.3109,4675.5,6233,5928,27080.3,29253.8,19245.8,48672,15067.3,25110.7,33633.2,32089,53234.7,27768.9,20605.5,41933.8,75301.5,72637.1,76750.9,58432.2,23915
27,1.3096,1.3095,1.3094,1.3093,1.3092,1.3091,1.309,1.3089,1.3088,1.3087,1.3097,1.3098,1.3099,1.31,1.3101,1.3102,1.3103,1.3104,1.3105,1.3106,5719.3,26610.2,23465.6,29007.5,25746.9,19160.9,35996.3,28668,15320,42023.1,18779.5,17018.1,20483.5,19148.5,57068.9,51661,18137.5,35855.2,69514.7,32183.9
