timestamp,bid_price_0,bid_price_1,bid_price_2,bid_price_3,bid_price_4,bid_price_5,bid_price_6,bid_price_7,bid_price_8,bid_price_9,ask_price_0,ask_price_1,ask_price_2,ask_price_3,ask_price_4,ask_price_5,ask_price_6,ask_price_7,ask_price_8,ask_price_9,bid_size_0,bid_size_1,bid_size_2,bid_size_3,bid_size_4,bid_size_5,bid_size_6,bid_size_7,bid_size_8,bid_size_9,ask_size_0,ask_size_1,ask_size_2,ask_size_3,ask_size_4,ask_size_5,ask_size_6,ask_size_7,ask_size_8,ask_size_9
0,1.3062,1.3061,1.306,1.3059,1.3058,1.3057,1.3056,1.3055,1.3054,1.3053,1.3063,1.3064,1.3065,1.3066,1.3067,1.3068,1.3069,1.307,1.3071,1.3072,11639.6,18640.4,11740.2,4343.7,9489.9,13029.2,43800.4,35615.1,18703.1,45467.6,27571,20167.3,57474.3,34113.1,23251.1,67314,47409,34005.1,52582.5,55641.3
1,1.3062,1.3061,1.306,1.3059,1.3058,1.3057,1.3056,1.3055,1.3054,1.3053,1.3063,1.3064,1.3065,1.3066,1.3067,1.3068,1.3069,1.307,1.3071,1.3072,12655.3,27343.3,26177.6,31745.4,55185.7,54650.5,46604.5,52483.5,50661.6,43060.1,24359.1,8166.2,7605.8,12427,31882.3,43971.9,15369.3,15535.7,33791.8,44127.5
2,1.3058,1.3057,1.3056,1.3055,1.3054,1.3053,1.3052,1.3051,1.305,1.3049,1.3059,1.306,1.3061,1.3062,1.3063,1.3064,1.3065,1.3066,1.3067,1.3068,65576,26917,33784.9,48276.1,46781.8,36607.4,17036.4,24183.2,41593.7,11233.7,6435.5,13647.9,42300.6,55229.2,27682.9,38591.2,35131.4,12697.4,30933,45348.6
3,1.3072,1.3071,1.307,1.3069,1.3068,1.3067,1.3066,1.3065,1.3064,1.3063,1.3073,1.3074,1.3075,1.3076,1.3077,1.3078,1.3079,1.308,1.3081,1.3082,33244.3,63941.6,31578.7,14033.9,46726.4,35267.8,58907.9,54581.2,33439.3,45277.4,23951,5195.2,4114.1,8584.9,15399.3,37961.2,29321.8,45866.3,33629,26109
4,1.3075,1.3074,1.3073,1.3072,1.3071,1.307,1.3069,1.3068,1.3067,1.3066,1.3076,1.3077,1.3078,1.3079,1.308,1.3081,1.3082,1.3083,1.3084,1.3085,14242.2,9493.1,20208.4,39923.1,12185,16355.6,20655.5,39931.7,38965.4,36979.3,57770.5,39874.7,62939.3,43509.6,34190.9,38255.1,20347.8,11747.9,48337.3,68478.3
5,1.3069,1.3068,1.3067,1.3066,1.3065,1.3064,1.3063,1.3062,1.3061,1.306,1.307,1.3071,1.3072,1.3073,1.3074,1.3075,1.3076,1.3077,1.3078,1.3079,30891.7,12910.8,25083.1,28342.3,30922.2,34871.4,18860.5,30749.8,32845.9,34320.9,33485.4,33873.2,32171.7,30308.1,49351.8,56777.8,18581.8,47279.8,50903.8,11743.7
6,1.3068,1.3067,1.3066,1.3065,1.3064,1.3063,1.3062,1.3061,1.306,1.3059,1.3069,1.307,1.3071,1.3072,1.3073,1.3074,1.3075,1.3076,1.3077,1.3078,13410.9,39350,40037,24801.1,11909.4,21805.6,36279,31507.3,24093.6,35098.7,27451.7,5674.8,14588,40334.1,35942.7,46905,56334.5,18569.5,44855.1,54204.2
7,1.3069,1.3068,1.3067,1.3066,1.3065,1.3064,1.3063,1.3062,1.3061,1.306,1.307,1.3071,1.3072,1.3073,1.3074,1.3075,1.3076,1.3077,1.3078,1.3079,68958.5,57111,37079.6,45500.4,28022.1,16674.8,49362.7,31115.4,16285.1,42525.8,6955.7,13219.2,8341.1,19240.4,47911.4,64077.5,12952.4,42896.1,53885.3,17470.2
8,1.3068,1.3067,1.3066,1.3065,1.3064,1.3063,1.3062,1.3061,1.306,1.3059,1.3069,1.307,1.3071,1.3072,1.3073,1.3074,1.3075,1.3076,1.3077,1.3078,24100.7,43970.5,48633.3,24772.7,20115.1,46275.7,36914.9,31160.9,34944.3,44917.1,36519.9,41958.2,39096.5,32895,29284.5,61481,31908.8,16953.8,40091.6,52346.5
9,1.3057,1.3056,1.3055,1.3054,1.3053,1.3052,1.3051,1.305,1.3049,1.3048,1.3058,1.3059,1.306,1.3061,1.3062,1.3063,1.3064,1.3065,1.3066,1.3067,33164.4,34487.9,46890.3,51097,72846.6,39894.3,28155.7,29143.3,18337,37959.7,15393.6,22097.9,25214.8,37251.1,11737.9,18543.7,39758.5,25740.3,33684.7,33319.2
10,1.3046,1.3045,1.3044,1.3043,1.3042,1.3041,1.304,1.3039,1.3038,1.3037,1.3047,1.3048,1.3049,1.305,1.3051,1.3052,1.3053,1.3054,1.3055,1.3056,22812,5149.7,8246,12268.5,11602.3,33201.9,29233.1,31343.5,39929.3,12247.5,10753.6,37157.1,63857.6,58250.7,25368.3,27722.5,56343.9,79082.3,48338,62771.7
11,1.3049,1.3048,1.3047,1.3046,1.3045,1.3044,1.3043,1.3042,1.3041,1.304,1.305,1.3051,1.3052,1.3053,1.3054,1.3055,1.3056,1.3057,1.3058,1.3059,51314,47518,26842.3,10075.1,16744,43663,14757.5,12676,39856.5,28169.3,2912,10491.7,17150.4,35932.8,64391.9,47089.2,58452,57267,26165.4,19908
12,1.3047,1.3046,1.3045,1.3044,1.3043,1.3042,1.3041,1.304,1.3039,1.3038,1.3048,1.3049,1.305,1.3051,1.3052,1.3053,1.3054,1.3055,1.3056,1.3057,20760.3,31957.9,21446.9,25880.8,9723.8,28002.9,32758.5,25400.3,33871.6,43385.6,53911.1,25817.5,30377.3,35981.2,27655.8,41209.5,77002.5,42062.7,35378.6,57335.2
13,1.3044,1.3043,1.3042,1.3041,1.304,1.3039,1.3038,1.3037,1.3036,1.3035,1.3045,1.3046,1.3047,1.3048,1.3049,1.305,1.3051,1.3052,1.3053,1.3054,11544.1,18290,29026.4,13571.6,25654.2,29047.4,41565.9,13568.5,34670.2,35952,26907.7,34575.1,37649.1,27377,44226.1,53721.2,13810.4,31667.3,37694,34807
14,1.3033,1.3032,1.3031,1.303,1.3029,1.3028,1.3027,1.3026,1.3025,1.3024,1.3034,1.3035,1.3036,1.3037,1.3038,1.3039,1.304,1.3041,1.3042,1.3043,21739.5,16811.5,13756.4,15537.2,27438.7,26606.3,17168.1,24112,45895.1,16320.3,37253.8,50846.2,91167.3,64702,21627.3,27702.7,97916,57957.1,11207.2,21585.9
15,1.3022,1.3021,1.302,1.3019,1.3018,1.3017,1.3016,1.3015,1.3014,1.3013,1.3023,1.3024,1.3025,1.3026,1.3027,1.3028,1.3029,1.303,1.3031,1.3032,23322.1,18805.8,19108.8,33721.5,24193.8,27467.4,26263.8,14715.3,53429.6,51911.9,16916.1,12689.5,25546.4,19303.5,37791.8,65053.2,65668.5,54039.5,53332.7,39559.1
16,1.3017,1.3016,1.3015,1.3014,1.3013,1.3012,1.3011,1.301,1.3009,1.3008,1.3018,1.3019,1.302,1.3021,1.3022,1.3023,1.3024,1.3025,1.3026,1.3027,5737.3,11385.6,5023.7,18512.2,46728.8,29104.7,14115.2,31467.5,17948,31848.1,55930.4,59646.3,47043.8,30277.2,63846.5,41421.4,44889.1,45792.6,92627.8,58394.5
17,1.3025,1.3024,1.3023,1.3022,1.3021,1.302,1.3019,1.3018,1.3017,1.3016,1.3026,1.3027,1.3028,1.3029,1.303,1.3031,1.3032,1.3033,1.3034,1.3035,55148.1,67168.9,54515.4,40086,45884.7,62512,43933.2,23600.6,55370.6,36037.3,3762,3097.5,3052.7,3158.8,16865.4,28000.8,11767.3,20364.9,44597.2,35518.2
18,1.3016,1.3015,1.3014,1.3013,1.3012,1.3011,1.301,1.3009,1.3008,1.3007,1.3017,1.3018,1.3019,1.302,1.3021,1.3022,1.3023,1.3024,1.3025,1.3026,25833.6,10148.1,6015.2,18364.6,22023.7,38296,29461.4,16211.6,23525.6,48224.2,45361.3,53283.8,52256.1,63636.2,38370.9,43053.1,45509.1,30220.3,32007.2,39421.8
19,1.3012,1.3011,1.301,1.3009,1.3008,1.3007,1.3006,1.3005,1.3004,1.3003,1.3013,1.3014,1.3015,1.3016,1.3017,1.3018,1.3019,1.302,1.3021,1.3022,20995.8,19979.2,5631,24710.1,22724.5,8109,17748.9,22546.7,41851.9,11821.1,16653.7,32943.3,34581.5,42630.1,50792.3,75759.6,75988.4,36383.5,53915.6,18731.3
20,1.3025,1.3024,1.3023,1.3022,1.3021,1.302,1.3019,1.3018,1.3017,1.3016,1.3026,1.3027,1.3028,1.3029,1.303,1.3031,1.3032,1.3033,1.3034,1.3035,44623.5,72506.1,55399.9,49046.5,38296.3,75815,83052.2,57829.5,47655.5,51641.5,36.1,3033.9,1558.5,3193.7,12253,27977,16819.3,40635.9,29207.3,37835.3
21,1.3028,1.3027,1.3026,1.3025,1.3024,1.3023,1.3022,1.3021,1.302,1.3019,1.3029,1.303,1.3031,1.3032,1.3033,1.3034,1.3035,1.3036,1.3037,1.3038,68147,40303.1,38519.2,35428.2,35108,56963.6,87221.6,28270,21469.1,31777,9627,12244.9,30494.7,31867.9,17769.5,39131.7,42552.6,10419.2,18670.3,63099.6
22,1.3026,1.3025,1.3024,1.3023,1.3022,1.3021,1.302,1.3019,1.3018,1.3017,1.3027,1.3028,1.3029,1.303,1.3031,1.3032,1.3033,1.3034,1.3035,1.3036,4209.9,9371.2,9397.3,46323.1,70550.4,44595.8,14922.6,33958.7,22324.6,30607,29766.5,46180.7,47621.3,61943.5,51437.3,30750.7,21482.9,54115.7,32892,8432.6
23,1.3044,1.3043,1.3042,1.3041,1.304,1.3039,1.3038,1.3037,1.3036,1.3035,1.3045,1.3046,1.3047,1.3048,1.3049,1.305,1.3051,1.3052,1.3053,1.3054,63786.4,31064.5,66152.4,54406.5,49437.3,63768.1,50250.5,43748.7,55955.4,52666,29638.3,28357.4,1804,11223.2,20548.6,32993.1,28201.4,20534.3,43643.4,23908.5
24,1.3037,1.3036,1.3035,1.3034,1.3033,1.3032,1.3031,1.303,1.3029,1.3028,1.3038,1.3039,1.304,1.3041,1.3042,1.3043,1.3044,1.3045,1.3046,1.3047,26953,7071.2,24475.2,18477.3,16501.7,14114.4,28538.3,21998,37020.1,16713.2,25291.9,47994.9,58369.9,41934.4,29274.8,39815.2,45006.7,71150.5,54928.9,43433.5
25,1.3045,1.3044,1.3043,1.3042,1.3041,1.304,1.3039,1.3038,1.3037,1.3036,1.3046,1.3047,1.3048,1.3049,1.305,1.3051,1.3052,1.3053,1.3054,1.3055,29596.1,42287.3,22861.4,11260.9,17304.5,42205.8,45658.1,17211.6,27718.8,11560,20939.7,29265.5,69726.5,72641,67669.8,50717.7,44546.9,32850.1,24080,21011.4
26,1.3052,1.3051,1.305,1.3049,1.3048,1.3047,1.3046,1.3045,1.3044,1.3043,1.3053,1.3054,1.3055,1.3056,1.3057,1.3058,1.3059,1.306,1.3061,1.3062,45400.8,72803.1,74529.8,68094.5,43561.1,50206.1,96211.2,44720.8,50598.1,37420.8,8464.3,3510.6,2879.2,9552.9,10676.5,16324.9,37172.6,40623.1,8083.2,15522.5
27,1.3068,1.3067,1.3066,1.3065,1.3064,1.3063,1.3062,1.3061,1.306,1.3059,1.3069,1.307,1.3071,1.3072,1.3073,1.3074,1.3075,1.3076,1.3077,1.3078,30001.6,62915.5,42565.5,47563.1,58015.7,72574,58101.1,44924.5,17301.9,53975.5,24386.4,3677.2,3595.6,15169.6,25061.4,19626.7,39276.3,29155.7,31716.5,18454.3
28,1.3068,1.3067,1.3066,1.3065,1.3064,1.3063,1.3062,1.3061,1.306,1.3059,1.3069,1.307,1.3071,1.3072,1.3073,1.3074,1.3075,1.3076,1.3077,1.3078,23223,11647.7,11056.4,44624.9,17963,22509,15750.5,36170.7,15593.6,47445.2,24370.8,29588.6,74591,60831.2,30543.2,56276.7,66421.2,38817.4,34220.5,43952.2
29,1.3071,1.307,1.3069,1.3068,1.3067,1.3066,1.3065,1.3064,1.3063,1.3062,1.3072,1.3073,1.3074,1.3075,1.3076,1.3077,1.3078,1.3079,1.308,1.3081,11507.1,25027.3,30752.7,63553.9,65171.6,34541.7,10443.5,31158.7,22389.9,30880,30189.9,22481.7,51533.7,52667.2,34405.7,12309.9,23371.2,32728.1,22886.3,12374.5
30,1.3089,1.3088,1.3087,1.3086,1.3085,1.3084,1.3083,1.3082,1.3081,1.308,1.309,1.3091,1.3092,1.3093,1.3094,1.3095,1.3096,1.3097,1.3098,1.3099,267.2,416.1,10299.1,27288.2,10902.3,32164.6,14496.7,18062,42581.4,29574.3,45231.2,19183.5,20331.4,13544.8,51474.5,64689.9,41309.1,22508.6,46091.4,35867.7
31,1.3094,1.3093,1.3092,1.3091,1.309,1.3089,1.3088,1.3087,1.3086,1.3085,1.3095,1.3096,1.3097,1.3098,1.3099,1.31,1.3101,1.3102,1.3103,1.3104,226.6,18875.5,62509.5,34325.8,31706.4,32826.9,62095.7,73116.8,49493.9,48560.7,20798.3,10976.2,10652.2,32042.4,14498.4,32306.9,31075.1,21333.4,30036.3,40152.5
32,1.3099,1.3098,1.3097,1.3096,1.3095,1.3094,1.3093,1.3092,1.3091,1.309,1.31,1.3101,1.3102,1.3103,1.3104,1.3105,1.3106,1.3107,1.3108,1.3109,4675.5,6233,5928,27080.3,29253.8,19245.8,48672,15067.3,25110.7,33633.2,32089,53234.7,27768.9,20605.5,41933.8,75301.5,72637.1,76750.9,58432.2,23915
33,1.3094,1.3093,1.3092,1.3091,1.309,1.3089,1.3088,1.3087,1.3086,1.3085,1.3095,1.3096,1.3097,1.3098,1.3099,1.31,1.3101,1.3102,1.3103,1.3104,3482.7,22292.5,19933.8,20653.6,37552.9,28897.5,15557.9,37245.9,18942.1,42622.7,41915.6,48103.1,41316.4,41859.4,25255,21590.7,57123.8,48432.8,18048.9,35473.4
34,1.3097,1.3096,1.3095,1.3094,1.3093,1.3092,1.3091,1.309,1.3089,1.3088,1.3098,1.3099,1.31,1.3101,1.3102,1.3103,1.3104,1.3105,1.3106,1.3107,22592.3,7866.5,12460.8,30120.4,42307.1,36202.8,49506.8,56533.7,29715.9,21463.5,18493.2,40449.2,28625.3,41639.3,29186.5,21365,35949.4,18432.4,27693.5,41728.6
35,1.3093,1.3092,1.3091,1.309,1.3089,1.3088,1.3087,1.3086,1.3085,1.3084,1.3094,1.3095,1.3096,1.3097,1.3098,1.3099,1.31,1.3101,1.3102,1.3103,12435.1,7205.5,18947.4,16870.3,9297.8,18505.9,47936,33797.3,8323.4,20193.9,33150.9,72194,37552.4,29360.8,43100.7,35733.9,34781.7,30720.7,8200.1,24867.6
36,1.3094,1.3093,1.3092,1.3091,1.309,1.3089,1.3088,1.3087,1.3086,1.3085,1.3095,1.3096,1.3097,1.3098,1.3099,1.31,1.3101,1.3102,1.3103,1.3104,20129.8,39753,18030.9,32264.3,54467.6,51433.9,21174.7,32747.3,17459,32377.1,7008.9,11112.4,25369.8,45004.8,33001,22709.1,28672.5,16540.1,22580.8,35639.8
37,1.3096,1.3095,1.3094,1.3093,1.3092,1.3091,1.309,1.3089,1.3088,1.3087,1.3097,1.3098,1.3099,1.31,1.3101,1.3102,1.3103,1.3104,1.3105,1.3106,24010.3,12037.8,30665.2,33791.8,45316.4,29598.4,34332.9,47135.2,36094.1,36008.7,5063.4,12322.7,11178.7,36518.1,30965.3,16603.3,18232.5,35877.2,19165.4,26925.5
38,1.3094,1.3093,1.3092,1.3091,1.309,1.3089,1.3088,1.3087,1.3086,1.3085,1.3095,1.3096,1.3097,1.3098,1.3099,1.31,1.3101,1.3102,1.3103,1.3104,2421.9,6424.9,6543.6,31323.8,23411.3,19248,29114.3,33355.7,23656.1,41829.7,47109.2,37834,41878.1,31880,12878.5,23463.4,37079,27060.1,32509.5,36559.9
39,1.3088,1.3087,1.3086,1.3085,1.3084,1.3083,1.3082,1.3081,1.308,1.3079,1.3089,1.309,1.3091,1.3092,1.3093,1.3094,1.3095,1.3096,1.3097,1.3098,2958.8,7650.5,6169.8,15707.9,32181.4,29145.5,33071.1,41836.7,10770.3,28800.7,39678.5,46821.1,29856.6,69710.6,44957.6,43153.5,52516.7,46932,35051.7,34603.1
40,1.3091,1.309,1.3089,1.3088,1.3087,1.3086,1.3085,1.3084,1.3083,1.3082,1.3092,1.3093,1.3094,1.3095,1.3096,1.3097,1.3098,1.3099,1.31,1.3101,18225.2,32572.1,39201,25235,31507.9,23663.5,39921.5,11736.7,38138.5,47874,4999.2,18860.1,38554.7,25547,20015.6,28051.6,31788.9,16035.6,20275.2,36241
41,1.3093,1.3092,1.3091,1.309,1.3089,1.3088,1.3087,1.3086,1.3085,1.3084,1.3094,1.3095,1.3096,1.3097,1.3098,1.3099,1.31,1.3101,1.3102,1.3103,36250.1,36066.7,47871.8,33407.9,45445.8,30524.3,32697.6,36165.7,21874.1,21219,10064.2,8811.7,3481.1,9939.2,8555.4,10710.6,22782.6,47637.8,30518.6,21743.7
42,1.3085,1.3084,1.3083,1.3082,1.3081,1.308,1.3079,1.3078,1.3077,1.3076,1.3086,1.3087,1.3088,1.3089,1.309,1.3091,1.3092,1.3093,1.3094,1.3095,6989.7,931.7,5543.2,8265.7,7403.2,15812.8,35260.6,35995.8,30452,25452.4,22683.2,19342.6,24575.2,51953.3,42913.4,42115.9,76786,82447,64669.5,55938.1
43,1.3078,1.3077,1.3076,1.3075,1.3074,1.3073,1.3072,1.3071,1.307,1.3069,1.3079,1.308,1.3081,1.3082,1.3083,1.3084,1.3085,1.3086,1.3087,1.3088,7425.7,2591.1,6105.9,21875.7,31040.3,20585.3,29365,33202.8,15866.6,46958.7,57775.9,41675.4,58723.9,55019.5,31289.2,32098.2,57791,42963.7,23092.6,24084.8
44,1.3078,1.3077,1.3076,1.3075,1.3074,1.3073,1.3072,1.3071,1.307,1.3069,1.3079,1.308,1.3081,1.3082,1.3083,1.3084,1.3085,1.3086,1.3087,1.3088,8377,22600.6,18545,25659.6,11384.4,12369.3,13781.7,46022.2,24982.9,24473,19495.6,22679.3,29918.8,57329.2,41530.1,24492.8,43819.8,46279.9,7343.5,21644.6
45,1.3071,1.307,1.3069,1.3068,1.3067,1.3066,1.3065,1.3064,1.3063,1.3062,1.3072,1.3073,1.3074,1.3075,1.3076,1.3077,1.3078,1.3079,1.308,1.3081,12359.1,4215.9,12708.9,25637.1,17076.7,28955,36172.1,13039.6,28291.2,32804.3,33806.6,27863.7,21553.4,16063.9,23447.8,55171.3,46895.6,43143.1,22438.4,38969
46,1.306,1.3059,1.3058,1.3057,1.3056,1.3055,1.3054,1.3053,1.3052,1.3051,1.3061,1.3062,1.3063,1.3064,1.3065,1.3066,1.3067,1.3068,1.3069,1.307,24280.4,4225.7,10684.3,22287.4,10471.1,21017,33246.4,29577.7,16127.7,31834,4935.3,33051.6,40946.7,22531.7,22466.3,76530.5,39114.7,36014.7,48560.3,51128.4
47,1.3048,1.3047,1.3046,1.3045,1.3044,1.3043,1.3042,1.3041,1.304,1.3039,1.3049,1.305,1.3051,1.3052,1.3053,1.3054,1.3055,1.3056,1.3057,1.3058,35128.4,35223,29195.2,27579.9,9723.5,23853.4,45051.4,24256.7,11474.1,21299.6,5115,14382,22265,36839,52686,45668.8,11203.1,22502,31666.3,22290.3
48,1.3039,1.3038,1.3037,1.3036,1.3035,1.3034,1.3033,1.3032,1.3031,1.303,1.304,1.3041,1.3042,1.3043,1.3044,1.3045,1.3046,1.3047,1.3048,1.3049,3646.6,5179.7,2545,10639.5,27755.2,46333.9,28851.4,14368.2,33004,18614.4,45652.5,31424.9,58264.5,48161.4,39245,48285.5,29015.7,35752.9,63016.9,30587.2
49,1.3035,1.3034,1.3033,1.3032,1.3031,1.303,1.3029,1.3028,1.3027,1.3026,1.3036,1.3037,1.3038,1.3039,1.304,1.3041,1.3042,1.3043,1.3044,1.3045,27556.4,32536.3,22381.9,47291.8,38855.2,28484.6,19422.4,31712.7,42135.2,30282.6,5803.5,3274.2,13970.4,25954.2,16249.1,21101.8,53402.6,27472.1,36807.6,30827.7
50,1.3033,1.3032,1.3031,1.303,1.3029,1.3028,1.3027,1.3026,1.3025,1.3024,1.3034,1.3035,1.3036,1.3037,1.3038,1.3039,1.304,1.3041,1.3042,1.3043,5375.2,2778.5,10819.1,35355,11907.3,20465.1,33283.5,21057,34618.7,60664.9,30488.3,22322.1,39703.4,46840.5,45014.8,68206.9,50242.3,46710,35006.5,15605.4
51,1.3033,1.3032,1.3031,1.303,1.3029,1.3028,1.3027,1.3026,1.3025,1.3024,1.3034,1.3035,1.3036,1.3037,1.3038,1.3039,1.304,1.3041,1.3042,1.3043,48138.4,6345.9,3605.7,9441.7,17424.3,26649.8,28797.5,16468.8,33586.7,49042.1,22322.7,42946.1,57198.2,47855.8,30390.4,71128.6,29662.3,24355.3,35295.9,13296.8
52,1.3027,1.3026,1.3025,1.3024,1.3023,1.3022,1.3021,1.302,1.3019,1.3018,1.3028,1.3029,1.303,1.3031,1.3032,1.3033,1.3034,1.3035,1.3036,1.3037,15021.7,12366.4,11905.6,7582,14197.4,34876.9,27919.2,9822.3,23861.3,38156.4,41599.1,38753.9,36238.6,66223.1,31326.5,27219.6,42572.2,48354.6,26295.6,42279.8
53,1.3034,1.3033,1.3032,1.3031,1.303,1.3029,1.3028,1.3027,1.3026,1.3025,1.3035,1.3036,1.3037,1.3038,1.3039,1.304,1.3041,1.3042,1.3043,1.3044,26413.2,24184.4,68886.3,82863.5,59904.5,30517.6,36410.9,65278.5,9658.6,22294.6,3392.6,6085.8,26649.9,28578.4,30682.7,16795.1,12803.2,32780,20120.3,24512.8
54,1.3039,1.3038,1.3037,1.3036,1.3035,1.3034,1.3033,1.3032,1.3031,1.303,1.304,1.3041,1.3042,1.3043,1.3044,1.3045,1.3046,1.3047,1.3048,1.3049,14795.2,19242.9,20922.1,35571.7,28067,27274.5,45452.3,38703.4,38997.6,27336,26970.8,50547.3,42494.1,42149.7,37316.5,14544.4,20346.4,23693.1,39175.1,27565.1
55,1.3039,1.3038,1.3037,1.3036,1.3035,1.3034,1.3033,1.3032,1.3031,1.303,1.304,1.3041,1.3042,1.3043,1.3044,1.3045,1.3046,1.3047,1.3048,1.3049,10797.8,17266.9,19248.7,22661.3,19973.7,15332,35302.7,38703.4,31403.9,32673.4,58838,22733.1,47018.6,61761.9,59935.8,40117.5,25463,35851,8978.8,24322.1
56,1.3038,1.3037,1.3036,1.3035,1.3034,1.3033,1.3032,1.3031,1.303,1.3029,1.3039,1.304,1.3041,1.3042,1.3043,1.3044,1.3045,1.3046,1.3047,1.3048,20980.9,19287.8,36077.6,56433.7,54182.4,60945.8,47880.8,24071.6,29322.9,9541.3,9823.5,20041.9,15396.5,45068.6,29443,18770,24857.6,26367.5,39003.1,29791.8
57,1.3037,1.3036,1.3035,1.3034,1.3033,1.3032,1.3031,1.303,1.3029,1.3028,1.3038,1.3039,1.304,1.3041,1.3042,1.3043,1.3044,1.3045,1.3046,1.3047,22115.8,34478.6,34728.2,44490.4,61776.7,49660.6,26680.8,26700.6,10954.7,35300.6,48910.4,8628.3,33514.2,49513.4,29412.7,11194.2,24128.9,36088.8,18105.2,5442.9
58,1.3047,1.3046,1.3045,1.3044,1.3043,1.3042,1.3041,1.304,1.3039,1.3038,1.3048,1.3049,1.305,1.3051,1.3052,1.3053,1.3054,1.3055,1.3056,1.3057,8397.6,31899.9,45444.4,35879,38832.9,33192.2,37908.3,36908,67138.4,34941,23632.6,6406.1,14525.7,49218.2,31698.1,33543.9,33904.1,18383.3,39813.6,43607.2
59,1.3035,1.3034,1.3033,1.3032,1.3031,1.303,1.3029,1.3028,1.3027,1.3026,1.3036,1.3037,1.3038,1.3039,1.304,1.3041,1.3042,1.3043,1.3044,1.3045,22137.4,12791.2,7491.4,8089.5,14340,41973,19218.4,35454.7,42088.7,6506.5,35311.3,31852.1,40433.5,70185.6,77372,59391,31823.8,62768,29952.8,40191.6
60,1.3033,1.3032,1.3031,1.303,1.3029,1.3028,1.3027,1.3026,1.3025,1.3024,1.3034,1.3035,1.3036,1.3037,1.3038,1.3039,1.304,1.3041,1.3042,1.3043,50653.3,49320.8,49690.6,51061.7,31141.3,30494.3,21395.8,19603.6,42356.3,26216.2,29131.1,14099.6,25883.4,41188.6,26067.7,60455.2,15890.3,6882.4,22330,56207.2
61,1.3017,1.3016,1.3015,1.3014,1.3013,1.3012,1.3011,1.301,1.3009,1.3008,1.3018,1.3019,1.302,1.3021,1.3022,1.3023,1.3024,1.3025,1.3026,1.3027,24580.5,8100.6,5435.7,14189.7,33423.2,33273.6,5586.3,23337.7,59379.1,18012.7,18599.4,30769.4,39394.2,43716.5,23524.3,52429.1,28410.8,83164.4,65950.9,61955.6
62,1.3014,1.3013,1.3012,1.3011,1.301,1.3009,1.3008,1.3007,1.3006,1.3005,1.3015,1.3016,1.3017,1.3018,1.3019,1.302,1.3021,1.3022,1.3023,1.3024,3198.1,2892.6,5993.1,15290.9,33237.4,23910.2,13818.2,20342,29509.7,22914.6,44269.5,30433.5,59624.7,78048.8,53432.2,57095.1,39315.3,48671.1,35869.4,36257.2
63,1.3007,1.3006,1.3005,1.3004,1.3003,1.3002,1.3001,1.3,1.2999,1.2998,1.3008,1.3009,1.301,1.3011,1.3012,1.3013,1.3014,1.3015,1.3016,1.3017,24285.2,12001.7,41218.1,24324,18426.1,31922.9,34306.9,25049.1,9221.6,20374.1,9701.8,6419.8,31760.6,53163.6,30482.9,21161.8,51570.9,9270.9,22402.9,54930.6
64,1.3007,1.3006,1.3005,1.3004,1.3003,1.3002,1.3001,1.3,1.2999,1.2998,1.3008,1.3009,1.301,1.3011,1.3012,1.3013,1.3014,1.3015,1.3016,1.3017,17530,824.6,26078.9,10265.6,14076.9,44373.7,29969.6,19554.3,16935.8,31371.8,33827.6,36255.6,46891.1,36537.8,24375.1,47429.2,43318.9,31940.2,35256.7,18448.6
65,1.2997,1.2996,1.2995,1.2994,1.2993,1.2992,1.2991,1.299,1.2989,1.2988,1.2998,1.2999,1.3,1.3001,1.3002,1.3003,1.3004,1.3005,1.3006,1.3007,5204.4,15148.4,31393.4,48811.4,58462.6,31858.8,8062.5,22366.6,45386.8,45279.8,40273.3,42326.7,40118,66621.4,43693.3,42672.3,27041.9,11247.2,11777.4,30206.1
66,1.3004,1.3003,1.3002,1.3001,1.3,1.2999,1.2998,1.2997,1.2996,1.2995,1.3005,1.3006,1.3007,1.3008,1.3009,1.301,1.3011,1.3012,1.3013,1.3014,26508.4,53310.5,42890.5,57092.1,63426.2,35137.5,50209.5,64740.3,41210.2,40477.1,4988.9,7551.3,8562.3,28512.3,19807.4,12562.3,12902.4,26329,50134.7,32764
67,1.3006,1.3005,1.3004,1.3003,1.3002,1.3001,1.3,1.2999,1.2998,1.2997,1.3007,1.3008,1.3009,1.301,1.3011,1.3012,1.3013,1.3014,1.3015,1.3016,5529.5,9274.2,30069.3,38320.4,49780.9,60332.4,42211.8,30056,46147,52299.2,23628.4,18376.6,15364.7,25395.7,9390.5,15850.9,40560.5,28245.8,20334.4,52511.9
68,1.3006,1.3005,1.3004,1.3003,1.3002,1.3001,1.3,1.2999,1.2998,1.2997,1.3007,1.3008,1.3009,1.301,1.3011,1.3012,1.3013,1.3014,1.3015,1.3016,25800.8,25267.9,25825.1,48125.5,58390.1,49044.8,47396,10561.9,34729.5,50164.8,10429.9,16303.7,9430.1,25042,14170.4,30970.9,27376.5,28245.8,20334.4,60267.1
69,1.3,1.2999,1.2998,1.2997,1.2996,1.2995,1.2994,1.2993,1.2992,1.2991,1.3001,1.3002,1.3003,1.3004,1.3005,1.3006,1.3007,1.3008,1.3009,1.301,8690.5,191.4,14042,38118,11921.7,15142.9,28961.5,20822.7,34623.2,33799.4,26108.2,38451.8,25710.9,70668.9,20790.3,43658.2,33049.7,36401.1,32851.9,51267.6
70,1.2999,1.2998,1.2997,1.2996,1.2995,1.2994,1.2993,1.2992,1.2991,1.299,1.3,1.3001,1.3002,1.3003,1.3004,1.3005,1.3006,1.3007,1.3008,1.3009,62700.6,38858.7,32643.1,12590.9,17157.9,37570,24304.8,34062.4,30037.1,24679.1,44.2,8608.2,20972.2,31379,26192.2,22068.4,39036.7,33928.6,30792,36287.7
71,1.2997,1.2996,1.2995,1.2994,1.2993,1.2992,1.2991,1.299,1.2989,1.2988,1.2998,1.2999,1.3,1.3001,1.3002,1.3003,1.3004,1.3005,1.3006,1.3007,5478.6,10093,38679.8,25876.2,18023.3,34209,28151.3,16973.3,39980.4,46385.1,33524.6,30248,27346,75251.1,24237,25089.8,40891.2,27895.8,23960.8,38622.2
72,1.2987,1.2986,1.2985,1.2984,1.2983,1.2982,1.2981,1.298,1.2979,1.2978,1.2988,1.2989,1.299,1.2991,1.2992,1.2993,1.2994,1.2995,1.2996,1.2997,18248.2,17471,38077.5,35183.6,45600.4,49522.6,8411.1,21571.5,45707.5,28939.8,28298.5,11153.8,15566,33625.5,38198.6,25760.9,12976.6,33832.4,40810.8,30300
73,1.2989,1.2988,1.2987,1.2986,1.2985,1.2984,1.2983,1.2982,1.2981,1.298,1.299,1.2991,1.2992,1.2993,1.2994,1.2995,1.2996,1.2997,1.2998,1.2999,15637.4,11167.8,22287.6,21162.4,47122.9,51331.4,60982.7,48088.8,21612,19246.8,15564.3,14756.7,15008,40719.9,15413.9,29275.2,22626.6,28378.6,29707.6,15406.6
74,1.2999,1.2998,1.2997,1.2996,1.2995,1.2994,1.2993,1.2992,1.2991,1.299,1.3,1.3001,1.3002,1.3003,1.3004,1.3005,1.3006,1.3007,1.3008,1.3009,36661.3,44171.5,31083.3,51377.3,66391.4,44890.7,43725.3,34274.2,41593,13593.9,9513.9,22494.2,15962.7,49907,30567,20620.7,17157.6,41449,17695.3,40588.8
75,1.2994,1.2993,1.2992,1.2991,1.299,1.2989,1.2988,1.2987,1.2986,1.2985,1.2995,1.2996,1.2997,1.2998,1.2999,1.3,1.3001,1.3002,1.3003,1.3004,11869.5,3463.6,5282.2,11414.3,12879.9,26611.6,37675.6,22334,10711.6,31000.1,7250.4,9645.2,30085.1,59867.3,37197.5,41813.3,49394.5,15676.8,40269.5,70062.7
76,1.2992,1.2991,1.299,1.2989,1.2988,1.2987,1.2986,1.2985,1.2984,1.2983,1.2993,1.2994,1.2995,1.2996,1.2997,1.2998,1.2999,1.3,1.3001,1.3002,38592.1,38579.1,28928.3,35615,42801.8,30467.8,16604.8,28864.5,17140.2,42449,12009.6,15283.1,19932.5,24631.7,26704.8,22006.2,38448.1,24644.7,18975.1,16416.9
77,1.2989,1.2988,1.2987,1.2986,1.2985,1.2984,1.2983,1.2982,1.2981,1.298,1.299,1.2991,1.2992,1.2993,1.2994,1.2995,1.2996,1.2997,1.2998,1.2999,29629,34063.2,26091.5,12161.8,32464.8,19148.8,37315.6,30134.2,16672.4,33364.8,16689.6,16567.7,25321.9,27002.6,23026.2,40884.2,50184.6,31860,33819.1,51148.1
78,1.2995,1.2994,1.2993,1.2992,1.2991,1.299,1.2989,1.2988,1.2987,1.2986,1.2996,1.2997,1.2998,1.2999,1.3,1.3001,1.3002,1.3003,1.3004,1.3005,4955.7,21494.2,28982.1,36934.2,84165.8,48892.2,34866.7,52583.7,40432,11820.6,20823,2011.5,7533.2,26505.9,28174,35292.4,17996.8,34891.6,46341,22921.2
79,1.2999,1.2998,1.2997,1.2996,1.2995,1.2994,1.2993,1.2992,1.2991,1.299,1.3,1.3001,1.3002,1.3003,1.3004,1.3005,1.3006,1.3007,1.3008,1.3009,35410.9,22818.6,20425.7,27103,33541.4,11427.5,33048.3,40807.3,5681.7,12540,7176.1,22273.7,17861.5,43150.7,65298,38082.4,41833,40476.5,24772.2,34874.2
80,1.2998,1.2997,1.2996,1.2995,1.2994,1.2993,1.2992,1.2991,1.299,1.2989,1.2999,1.3,1.3001,1.3002,1.3003,1.3004,1.3005,1.3006,1.3007,1.3008,36702,48163.9,46069.2,37973,50464.3,34036.6,36828.4,28844.8,9623.8,20775.4,5262.7,26927.8,14305.8,24780.1,15040.5,39243,28689.8,20126.6,33854.3,51457.2
81,1.2992,1.2991,1.299,1.2989,1.2988,1.2987,1.2986,1.2985,1.2984,1.2983,1.2993,1.2994,1.2995,1.2996,1.2997,1.2998,1.2999,1.3,1.3001,1.3002,30093.3,55687.2,21269.3,21164.7,41249.2,27263.4,11385.8,39167.2,19924.7,40781.6,11450.4,16864.3,24442.3,34423.1,38566.5,24831,48418.6,31662.3,30052.4,40579.8
82,1.2983,1.2982,1.2981,1.298,1.2979,1.2978,1.2977,1.2976,1.2975,1.2974,1.2984,1.2985,1.2986,1.2987,1.2988,1.2989,1.299,1.2991,1.2992,1.2993,18456.3,45438.2,65686.9,60108.8,49343.2,23974.1,24626.8,34677.8,12374.5,19981.7,14650.3,10327.1,14780.4,55268.1,26065.3,11047.6,20287.4,54535.9,6980.9,14817.2
83,1.2985,1.2984,1.2983,1.2982,1.2981,1.298,1.2979,1.2978,1.2977,1.2976,1.2986,1.2987,1.2988,1.2989,1.299,1.2991,1.2992,1.2993,1.2994,1.2995,31182.2,31743.9,28307.4,60187.6,73809.1,67608.3,69556.6,23644.7,24178.6,37033.2,5454.5,7955.6,16369.6,11687.7,30382.2,55502.3,6993.2,15162,22144.6,31869.1
84,1.2993,1.2992,1.2991,1.299,1.2989,1.2988,1.2987,1.2986,1.2985,1.2984,1.2994,1.2995,1.2996,1.2997,1.2998,1.2999,1.3,1.3001,1.3002,1.3003,16690.4,39615,46704,49264.2,55926.5,53543.9,18975.5,32268.7,53920.3,11449.6,15249.3,25695.5,18108.2,16327.2,16338.8,36725,21050.3,23551.3,15280.4,22399.7
85,1.301,1.3009,1.3008,1.3007,1.3006,1.3005,1.3004,1.3003,1.3002,1.3001,1.3011,1.3012,1.3013,1.3014,1.3015,1.3016,1.3017,1.3018,1.3019,1.302,10312,15333.2,17637.5,52061.9,50920.4,39262.5,33310.2,28272.3,74783.6,31495.7,20824.6,3946.8,8614.4,21344.2,13164,28938.2,23014.6,39018.8,36529.3,18699
86,1.3011,1.301,1.3009,1.3008,1.3007,1.3006,1.3005,1.3004,1.3003,1.3002,1.3012,1.3013,1.3014,1.3015,1.3016,1.3017,1.3018,1.3019,1.302,1.3021,4697.8,26763.1,25203.2,20370,51936.6,24312.1,27178.9,15953.3,37039.6,44948.5,13647.4,27093.1,34552.5,44392.9,28812.1,52314.1,40459,33167.4,11065.7,29171
87,1.3004,1.3003,1.3002,1.3001,1.3,1.2999,1.2998,1.2997,1.2996,1.2995,1.3005,1.3006,1.3007,1.3008,1.3009,1.301,1.3011,1.3012,1.3013,1.3014,5386.1,11850.6,5323.9,25321.6,29754.2,11863.4,24480.6,47188.4,15885.3,23852.9,20974.5,9266.5,29281.6,47512.1,31481.2,73852.6,47004.5,44686.7,45490.6,21798.8
88,1.3004,1.3003,1.3002,1.3001,1.3,1.2999,1.2998,1.2997,1.2996,1.2995,1.3005,1.3006,1.3007,1.3008,1.3009,1.301,1.3011,1.3012,1.3013,1.3014,55989.3,39075.9,52964.8,46679.7,22744.6,13870.6,37979.7,29111.2,15073.7,44540.6,3562.8,2722.4,26391.3,36881.4,30976.5,69316.3,36525.3,17438.1,33274.7,17324.9
89,1.2996,1.2995,1.2994,1.2993,1.2992,1.2991,1.299,1.2989,1.2988,1.2987,1.2997,1.2998,1.2999,1.3,1.3001,1.3002,1.3003,1.3004,1.3005,1.3006,71842.9,42322.9,36293.1,44704,6230.4,12835.4,47233.1,32121.2,7715,21024.1,5015.6,13128.6,17074.6,46145,44654.2,51353.6,30432.3,38772.1,32890.3,23331.3
90,1.3005,1.3004,1.3003,1.3002,1.3001,1.3,1.2999,1.2998,1.2997,1.2996,1.3006,1.3007,1.3008,1.3009,1.301,1.3011,1.3012,1.3013,1.3014,1.3015,441.6,26674.3,48120.8,31108,29129.3,56532.2,42637.3,36520.9,32077.6,26399.8,24989.7,287.4,3361.2,15136.3,48421.2,31212.7,18609.2,31444.7,19665,32682
91,1.3004,1.3003,1.3002,1.3001,1.3,1.2999,1.2998,1.2997,1.2996,1.2995,1.3005,1.3006,1.3007,1.3008,1.3009,1.301,1.3011,1.3012,1.3013,1.3014,37628.2,47432.2,24499,42001.4,64676.5,32325.1,34747.2,30478.8,29205.8,39879.2,3346.5,9263.1,9515.4,12426.9,15044.7,43152,22882.3,18849.6,31440.4,21972.3
92,1.3,1.2999,1.2998,1.2997,1.2996,1.2995,1.2994,1.2993,1.2992,1.2991,1.3001,1.3002,1.3003,1.3004,1.3005,1.3006,1.3007,1.3008,1.3009,1.301,14366.7,27303.2,28769.4,30577.7,55004.6,53917.2,30240.6,35039.7,15286.9,27573.2,33784.6,33638,36827.6,69549.4,19061.7,15239.4,33036.2,17487.5,35171.9,39257.2
93,1.3001,1.3,1.2999,1.2998,1.2997,1.2996,1.2995,1.2994,1.2993,1.2992,1.3002,1.3003,1.3004,1.3005,1.3006,1.3007,1.3008,1.3009,1.301,1.3011,16859.9,20911.2,20695.7,34502.5,38942.5,56711,47383.9,32417.7,36154.2,15479.6,46102.4,27004.7,35706.3,33532.1,17066,32585.4,15860.9,30249.2,46873.1,8119.5
94,1.3007,1.3006,1.3005,1.3004,1.3003,1.3002,1.3001,1.3,1.2999,1.2998,1.3008,1.3009,1.301,1.3011,1.3012,1.3013,1.3014,1.3015,1.3016,1.3017,287.9,3792.6,7369.6,35505.2,52304.9,30864.1,19232.1,51811.2,44532.3,6634.9,30571.3,30916.1,76594.1,61394.7,30261.1,21418.3,29508.8,34522.3,19182.3,36305.3
95,1.3012,1.3011,1.301,1.3009,1.3008,1.3007,1.3006,1.3005,1.3004,1.3003,1.3013,1.3014,1.3015,1.3016,1.3017,1.3018,1.3019,1.302,1.3021,1.3022,17637.4,38231.1,46399.2,38430.6,23860.5,20285.9,12811,37502.8,49936.9,26471.2,8830.4,13714.6,10802.7,37130.2,44820,19749.9,22857.5,31328.3,30015.3,21870.6
96,1.3005,1.3004,1.3003,1.3002,1.3001,1.3,1.2999,1.2998,1.2997,1.2996,1.3006,1.3007,1.3008,1.3009,1.301,1.3011,1.3012,1.3013,1.3014,1.3015,17145.2,7762.2,18869,29065.4,13776,28748.2,41218.3,16945,15718.3,42783.4,4539.6,15577.1,44347.3,35733.6,43400.3,37212.9,49107.3,35585.3,33666.3,83569.2
97,1.3009,1.3008,1.3007,1.3006,1.3005,1.3004,1.3003,1.3002,1.3001,1.3,1.301,1.3011,1.3012,1.3013,1.3014,1.3015,1.3016,1.3017,1.3018,1.3019,17406.7,20970.7,24733.6,32297.6,21316.1,20626.6,32248.7,26867.5,12287.6,35338.8,11050,15455.2,27829.7,54528.9,26375.6,70602.3,23348.5,29249.8,33284.5,22199.5
98,1.3005,1.3004,1.3003,1.3002,1.3001,1.3,1.2999,1.2998,1.2997,1.2996,1.3006,1.3007,1.3008,1.3009,1.301,1.3011,1.3012,1.3013,1.3014,1.3015,3341.8,14211.7,18039.9,29281.4,12893.8,28334.5,41134.7,16714.3,15638.6,46506.6,35196.7,40637.4,52871.7,30887.4,68156.6,61027.2,25449.3,29333.7,52808.3,26149.8
99,1.3,1.2999,1.2998,1.2997,1.2996,1.2995,1.2994,1.2993,1.2992,1.2991,1.3001,1.3002,1.3003,1.3004,1.3005,1.3006,1.3007,1.3008,1.3009,1.301,2587.8,23091.5,23504.6,26285.8,8206.9,19436,33217.4,38171.8,14606.9,27104.5,18773.1,17817.9,27392.6,50636,43984,31373.8,26362.6,30470.6,17871.8,46044.8
100,1.2991,1.299,1.2989,1.2988,1.2987,1.2986,1.2985,1.2984,1.2983,1.2982,1.2992,1.2993,1.2994,1.2995,1.2996,1.2997,1.2998,1.2999,1.3,1.3001,94632.9,21173.3,8708.7,29084,25707.5,15061.1,38836.4,26842.2,36608.3,46245.3,883.1,6304.8,10095.6,37610.2,22106.1,43973.7,44308.4,47850.8,19284.3,32807
101,1.2996,1.2995,1.2994,1.2993,1.2992,1.2991,1.299,1.2989,1.2988,1.2987,1.2997,1.2998,1.2999,1.3,1.3001,1.3002,1.3003,1.3004,1.3005,1.3006,41171.8,9443.5,12826,18387.5,60919.6,56606.4,45361.9,52822.2,11537,30008.6,13638.5,11484.7,18314.8,26991.4,29754.1,34670.9,10404,21674.9,36549.9,40994.7
102,1.2983,1.2982,1.2981,1.298,1.2979,1.2978,1.2977,1.2976,1.2975,1.2974,1.2984,1.2985,1.2986,1.2987,1.2988,1.2989,1.299,1.2991,1.2992,1.2993,17898.8,2119.7,8627.9,28945.8,32463,6478.9,14044.7,33861.8,42932.9,50110.9,9031.6,28122,43969.7,38941.7,29391.4,61553.7,16473.2,43283.9,85699.4,78580.5
103,1.2982,1.2981,1.298,1.2979,1.2978,1.2977,1.2976,1.2975,1.2974,1.2973,1.2983,1.2984,1.2985,1.2986,1.2987,1.2988,1.2989,1.299,1.2991,1.2992,16854,23006.5,48705.4,28326,20164.7,34299.9,43118.5,21791.8,17986,32090.5,4995.4,30240.3,36121,49598.4,15408.1,24619.6,40047.5,7284.8,17014.4,53178.3
104,1.2988,1.2987,1.2986,1.2985,1.2984,1.2983,1.2982,1.2981,1.298,1.2979,1.2989,1.299,1.2991,1.2992,1.2993,1.2994,1.2995,1.2996,1.2997,1.2998,15275.6,19344.4,50708.3,39023.7,43774.1,49222.3,34551.1,22601,53658.6,28498.1,2995,7915.7,4069,32350.5,32635.7,27296.9,9723,28095.3,54421.4,14195.6
105,1.2986,1.2985,1.2984,1.2983,1.2982,1.2981,1.298,1.2979,1.2978,1.2977,1.2987,1.2988,1.2989,1.299,1.2991,1.2992,1.2993,1.2994,1.2995,1.2996,14155.1,9945.7,25301.7,38994.6,26249.4,15525.1,42186.9,33198.4,13607.7,41007.3,17834.1,36204.5,49468.9,54457.7,35614.8,39543.9,47451.3,7512.6,11342.7,34806.4
106,1.2986,1.2985,1.2984,1.2983,1.2982,1.2981,1.298,1.2979,1.2978,1.2977,1.2987,1.2988,1.2989,1.299,1.2991,1.2992,1.2993,1.2994,1.2995,1.2996,6315.1,8435.6,29005,36859.6,11984.6,12639.6,34041.9,34788.1,9659.9,25593.9,53538,50912.4,45253,35462,27487.5,63700.4,20731.9,12126.4,27219.5,13792.5
107,1.2984,1.2983,1.2982,1.2981,1.298,1.2979,1.2978,1.2977,1.2976,1.2975,1.2985,1.2986,1.2987,1.2988,1.2989,1.299,1.2991,1.2992,1.2993,1.2994,26287.8,36085.9,39628.5,27336.8,30122.2,33108.4,10211.2,25598.2,51289,24086.5,3268.7,12084.2,18245.9,53950.4,40810.5,9380.2,19074.9,52264.8,24216,28053.4
108,1.2987,1.2986,1.2985,1.2984,1.2983,1.2982,1.2981,1.298,1.2979,1.2978,1.2988,1.2989,1.299,1.2991,1.2992,1.2993,1.2994,1.2995,1.2996,1.2997,12054.2,24640.1,38709.9,38251.3,31186.9,40729.3,36865.3,29393.4,32391.3,13708.5,6590.5,25520.8,9078.6,29347,11292.7,11165.8,14830.9,26571.2,11481.2,34664
109,1.2994,1.2993,1.2992,1.2991,1.299,1.2989,1.2988,1.2987,1.2986,1.2985,1.2995,1.2996,1.2997,1.2998,1.2999,1.3,1.3001,1.3002,1.3003,1.3004,11827.5,15918.5,35713.7,30710.8,36772.6,36533.7,9444.7,34710.1,45470.7,31934.9,21706.2,7366.6,12295,27981.6,28701.3,35227.6,19999.4,17582.6,35187.1,56241.9
110,1.2997,1.2996,1.2995,1.2994,1.2993,1.2992,1.2991,1.299,1.2989,1.2988,1.2998,1.2999,1.3,1.3001,1.3002,1.3003,1.3004,1.3005,1.3006,1.3007,3456.5,12080.8,57183.6,34230.7,29938.1,32559.2,22673.9,43842.4,41125.1,10426.3,16961.8,12534.1,8528.3,27312.1,11833.4,24072.1,38978.9,47294.6,24642.3,25966
111,1.3003,1.3002,1.3001,1.3,1.2999,1.2998,1.2997,1.2996,1.2995,1.2994,1.3004,1.3005,1.3006,1.3007,1.3008,1.3009,1.301,1.3011,1.3012,1.3013,30782,28989.3,45038.8,31250.1,41966.3,70827.2,70218.9,24655.4,54767.8,32756,11776.8,6255.7,10192.9,34536.5,21057.9,26118,20608,33642.8,29890.2,37006.3
112,1.3003,1.3002,1.3001,1.3,1.2999,1.2998,1.2997,1.2996,1.2995,1.2994,1.3004,1.3005,1.3006,1.3007,1.3008,1.3009,1.301,1.3011,1.3012,1.3013,23732.2,106920.8,15356.5,32878.9,48312.8,36159.2,20435.5,35937.8,34279.5,44094.8,3458.9,7083.9,14354.2,31128.2,20082.4,28325.4,20548.5,37679.3,32198.6,37006.3
113,1.3003,1.3002,1.3001,1.3,1.2999,1.2998,1.2997,1.2996,1.2995,1.2994,1.3004,1.3005,1.3006,1.3007,1.3008,1.3009,1.301,1.3011,1.3012,1.3013,4398.4,3596.2,13132.7,25321.3,45586.9,20951,30014.2,35946.2,35132.3,37893.4,17661.9,22150.5,9805.8,34843.9,40184.9,27887.1,20223.5,34431.7,29894.9,37006.3
114,1.3019,1.3018,1.3017,1.3016,1.3015,1.3014,1.3013,1.3012,1.3011,1.301,1.302,1.3021,1.3022,1.3023,1.3024,1.3025,1.3026,1.3027,1.3028,1.3029,38281.5,41375.1,38865.6,30280.9,31999.6,41560.5,29716.2,35189.5,43514.1,17943.4,21435.1,3671.9,1540.7,21544.9,15048.4,17712,8719.6,29186.4,63854.7,31295.1
115,1.3023,1.3022,1.3021,1.302,1.3019,1.3018,1.3017,1.3016,1.3015,1.3014,1.3024,1.3025,1.3026,1.3027,1.3028,1.3029,1.303,1.3031,1.3032,1.3033,7583,4626,16712.3,39718.7,41954.8,15676.3,24249.8,19457.6,20443.6,46158.6,29423.2,34195.8,35735.3,81336.2,33535.7,27845.7,33623.2,22419.9,7107.2,20207.8
116,1.3018,1.3017,1.3016,1.3015,1.3014,1.3013,1.3012,1.3011,1.301,1.3009,1.3019,1.302,1.3021,1.3022,1.3023,1.3024,1.3025,1.3026,1.3027,1.3028,3170.4,2331.5,4631.4,15470.6,30247.3,15051,25690,35486.3,19763.6,42500.1,15869.2,33961.9,33232.3,75725.2,46326.7,31084.4,30940.9,49233.2,40244.3,27448.4
117,1.3017,1.3016,1.3015,1.3014,1.3013,1.3012,1.3011,1.301,1.3009,1.3008,1.3018,1.3019,1.302,1.3021,1.3022,1.3023,1.3024,1.3025,1.3026,1.3027,24481.3,19118.1,10073.5,30801.7,18099.7,27022.8,35530.7,19759.9,42504.8,37023.9,17267.9,18939.6,37818,40302.6,40373.5,41457,33437.4,25056,39252.7,30301.1
118,1.3021,1.302,1.3019,1.3018,1.3017,1.3016,1.3015,1.3014,1.3013,1.3012,1.3022,1.3023,1.3024,1.3025,1.3026,1.3027,1.3028,1.3029,1.303,1.3031,17359.8,26865,20416.7,37808.1,45117.9,31965,21522.4,39157,24310.3,22828.4,7788.1,25527.1,31638,27461.4,17670.7,30808.1,18860.8,9577.8,22966.4,42468.6
119,1.3026,1.3025,1.3024,1.3023,1.3022,1.3021,1.302,1.3019,1.3018,1.3017,1.3027,1.3028,1.3029,1.303,1.3031,1.3032,1.3033,1.3034,1.3035,1.3036,18133.2,30664.2,37667.5,20542.9,22999.8,52352.6,38559.6,21178.2,27999.1,40830.5,20027.1,21755.2,11435.4,32142.1,8539.2,8322.6,14752.6,31462.6,28158.5,23922.3
120,1.3032,1.3031,1.303,1.3029,1.3028,1.3027,1.3026,1.3025,1.3024,1.3023,1.3033,1.3034,1.3035,1.3036,1.3037,1.3038,1.3039,1.304,1.3041,1.3042,3686.5,12155,27547.5,27196.8,21134.7,36182.9,37886.7,53967.9,38564.8,18598.9,21184.6,10778.7,26901.8,27891.8,11249.6,15849.9,25442.8,40280.8,31944.4,11924.1
121,1.3044,1.3043,1.3042,1.3041,1.304,1.3039,1.3038,1.3037,1.3036,1.3035,1.3045,1.3046,1.3047,1.3048,1.3049,1.305,1.3051,1.3052,1.3053,1.3054,21412.4,16559.2,26676.8,62620.8,70548.2,31529.7,32632.7,38579,21086.3,47324,26360.4,10377.9,9192.1,9363.2,16764.2,16349.5,25287.3,34100.3,23942.7,19788.3
122,1.3038,1.3037,1.3036,1.3035,1.3034,1.3033,1.3032,1.3031,1.303,1.3029,1.3039,1.304,1.3041,1.3042,1.3043,1.3044,1.3045,1.3046,1.3047,1.3048,12835.9,4265.6,9230.5,26149.7,26209.4,45508.2,18122,23628.2,36700.2,18267.8,12447.5,35037.1,20826.2,11226.1,25212.1,47945.5,43683,53623.3,62655.2,21009.4
123,1.3038,1.3037,1.3036,1.3035,1.3034,1.3033,1.3032,1.3031,1.303,1.3029,1.3039,1.304,1.3041,1.3042,1.3043,1.3044,1.3045,1.3046,1.3047,1.3048,42363.9,95554.8,32160.7,27198.5,26782.7,14003,6283.3,14331.2,46746.7,28634.1,3138.4,4332.5,18804.5,12652.2,25791.8,46340.9,51567.4,38878.1,31802.5,18760.3
124,1.3047,1.3046,1.3045,1.3044,1.3043,1.3042,1.3041,1.304,1.3039,1.3038,1.3048,1.3049,1.305,1.3051,1.3052,1.3053,1.3054,1.3055,1.3056,1.3057,10964.2,17178.8,29544.5,41646.5,32537.8,37580.1,38705.1,38347.3,20196.2,33627.6,19413.3,24508.6,9219.4,15100.3,40947.1,25433,16965,38001.5,22606.6,36212.3
125,1.3056,1.3055,1.3054,1.3053,1.3052,1.3051,1.305,1.3049,1.3048,1.3047,1.3057,1.3058,1.3059,1.306,1.3061,1.3062,1.3063,1.3064,1.3065,1.3066,94941.4,28101,14619.7,23902.8,38650.7,64888.7,41033.7,28393.1,32185.4,43648.8,3703,3430.9,5345.3,26860.8,41097.3,13987.2,26121.1,42201.7,25363.6,14410.1
126,1.3067,1.3066,1.3065,1.3064,1.3063,1.3062,1.3061,1.306,1.3059,1.3058,1.3068,1.3069,1.307,1.3071,1.3072,1.3073,1.3074,1.3075,1.3076,1.3077,10346.3,8997.5,22650.9,23140.8,44470.9,25701.2,22803.9,31570.9,26336.8,27333.8,7097.3,20418.7,31916.4,30306.1,29953,39688.4,13056.1,22875.5,42896.4,28177.2
127,1.3082,1.3081,1.308,1.3079,1.3078,1.3077,1.3076,1.3075,1.3074,1.3073,1.3083,1.3084,1.3085,1.3086,1.3087,1.3088,1.3089,1.309,1.3091,1.3092,13001.9,35391.6,24046.2,16694.2,35312.4,7388.1,11864.2,40253.2,19549.9,40969.1,7160.2,10756.5,25364.1,66100.7,39946.6,33846.8,32251.9,28619.2,19285.1,20111.1
128,1.3083,1.3082,1.3081,1.308,1.3079,1.3078,1.3077,1.3076,1.3075,1.3074,1.3084,1.3085,1.3086,1.3087,1.3088,1.3089,1.309,1.3091,1.3092,1.3093,4506.6,16208.2,24460.4,30583.6,52931.3,17090.3,36144.8,50544.3,28169.9,23795,26371,27923.7,6191.8,11933,12803.4,23453.3,40552.2,18490.1,20470.9,42129.5
129,1.3078,1.3077,1.3076,1.3075,1.3074,1.3073,1.3072,1.3071,1.307,1.3069,1.3079,1.308,1.3081,1.3082,1.3083,1.3084,1.3085,1.3086,1.3087,1.3088,18421.6,18715.8,17241,21032,8581,22481.5,15126.7,23498.4,37557.4,17784.5,9916.3,13837.8,15927.5,35857.2,45038.9,31500.6,35086.9,41251.4,61991.3,21220.4
130,1.3075,1.3074,1.3073,1.3072,1.3071,1.307,1.3069,1.3068,1.3067,1.3066,1.3076,1.3077,1.3078,1.3079,1.308,1.3081,1.3082,1.3083,1.3084,1.3085,15675.8,16792.5,24274.6,34143.7,27985.2,15959.8,16721.9,18369.1,33766.8,33362.6,12733.4,15941.2,38103.2,33834.6,34789.9,38240.9,29932.9,30419.2,51728.6,40939.2
131,1.3071,1.307,1.3069,1.3068,1.3067,1.3066,1.3065,1.3064,1.3063,1.3062,1.3072,1.3073,1.3074,1.3075,1.3076,1.3077,1.3078,1.3079,1.308,1.3081,10890,20768.7,4084,15746,32005.8,33823.3,10703.3,27597.5,49905.9,17319.6,16268.1,19905,36709.8,46268.6,40500.5,47519.6,47501.6,18115.4,43166,36746.1
132,1.3068,1.3067,1.3066,1.3065,1.3064,1.3063,1.3062,1.3061,1.306,1.3059,1.3069,1.307,1.3071,1.3072,1.3073,1.3074,1.3075,1.3076,1.3077,1.3078,3494.2,5423.3,4493.7,14963.3,24789.4,49082.2,6806,21922.6,39707.9,26465.3,31002.5,38883.9,39854.6,39191.4,42052.2,65051.4,25883.4,38584.3,45294.4,50086.5
133,1.3068,1.3067,1.3066,1.3065,1.3064,1.3063,1.3062,1.3061,1.306,1.3059,1.3069,1.307,1.3071,1.3072,1.3073,1.3074,1.3075,1.3076,1.3077,1.3078,15995.3,12789.1,12868.5,46036.3,8484.6,9817.1,20483.2,61174.4,7289.6,19128.6,4042.5,12113.4,18951,16498,43570,46177.8,54947.8,51837.5,27290.8,31626.5
134,1.3067,1.3066,1.3065,1.3064,1.3063,1.3062,1.3061,1.306,1.3059,1.3058,1.3068,1.3069,1.307,1.3071,1.3072,1.3073,1.3074,1.3075,1.3076,1.3077,28508.5,20575.4,36458.8,22015.8,20850.7,35554.5,13405.9,18657.6,49690.4,23123.6,7501.4,15709.3,24276,27248.4,37971.6,36875.1,40095.3,34486.2,46152.7,29005.1
135,1.3071,1.307,1.3069,1.3068,1.3067,1.3066,1.3065,1.3064,1.3063,1.3062,1.3072,1.3073,1.3074,1.3075,1.3076,1.3077,1.3078,1.3079,1.308,1.3081,23554,10061.9,36470.8,49315.5,69876,40927.9,43947.1,15894.1,31468.5,36698.7,7028.7,46.2,11269.1,14902,20082.6,36731,28882.1,15402.5,29393.2,14844.8
136,1.3069,1.3068,1.3067,1.3066,1.3065,1.3064,1.3063,1.3062,1.3061,1.306,1.307,1.3071,1.3072,1.3073,1.3074,1.3075,1.3076,1.3077,1.3078,1.3079,3162.2,1968.6,6285.4,17871.4,14550.2,12844.1,41654.8,43133.5,15364.4,20071.3,18621,34428.2,48029.9,51625.2,34542.1,35254.1,49717.5,33166.4,36179.4,63109.1
137,1.3062,1.3061,1.306,1.3059,1.3058,1.3057,1.3056,1.3055,1.3054,1.3053,1.3063,1.3064,1.3065,1.3066,1.3067,1.3068,1.3069,1.307,1.3071,1.3072,6502,5282.2,10703.2,37280.7,15870.2,22361.1,35663.2,41360,14396.2,34806.5,34322.3,30978.8,28047.9,21882.5,47500.9,32487.6,43762.6,37451.3,22559.2,54363.2
138,1.3057,1.3056,1.3055,1.3054,1.3053,1.3052,1.3051,1.305,1.3049,1.3048,1.3058,1.3059,1.306,1.3061,1.3062,1.3063,1.3064,1.3065,1.3066,1.3067,22756,15409.4,6911.4,18513.2,25812.1,44184.3,13981.4,18295.7,44296.4,21732.1,8850.3,13728.1,21893,59514.3,55693.8,39748.1,45663.1,39880.9,20042.1,46681.8
139,1.3057,1.3056,1.3055,1.3054,1.3053,1.3052,1.3051,1.305,1.3049,1.3048,1.3058,1.3059,1.306,1.3061,1.3062,1.3063,1.3064,1.3065,1.3066,1.3067,6179.5,9383.5,7476,15781.4,16448.3,11991.2,7523.7,19078.3,51886.6,25382.8,38584.8,55198.3,32337.7,31638.3,26994,25673.1,44657.9,37611.6,20042.1,33875.8
140,1.3067,1.3066,1.3065,1.3064,1.3063,1.3062,1.3061,1.306,1.3059,1.3058,1.3068,1.3069,1.307,1.3071,1.3072,1.3073,1.3074,1.3075,1.3076,1.3077,5455.5,21120.4,26007.6,51659.7,21708.3,39342.6,61804.4,25341.6,39747.4,63712.8,12392.3,5661.2,3627.2,7850.4,29752.8,52199.2,17708.7,23738.6,30185,40100.1
141,1.3065,1.3064,1.3063,1.3062,1.3061,1.306,1.3059,1.3058,1.3057,1.3056,1.3066,1.3067,1.3068,1.3069,1.307,1.3071,1.3072,1.3073,1.3074,1.3075,11953.9,16800.8,22936.3,38480.2,23855.8,20525.2,25882.4,57484.2,49970.9,27334.2,15142.2,13544.8,15721.5,25133.9,28245.5,10805,27403.9,56284.8,20438.9,27020.6
142,1.306,1.3059,1.3058,1.3057,1.3056,1.3055,1.3054,1.3053,1.3052,1.3051,1.3061,1.3062,1.3063,1.3064,1.3065,1.3066,1.3067,1.3068,1.3069,1.307,10274.6,7465.2,9168.4,33416.1,18824,26911.7,12974.5,39390.1,30985.9,8348.9,8098.1,12465.9,29233,63399.4,47975.2,44950.3,43964.5,18537,37526.9,36906.5
143,1.306,1.3059,1.3058,1.3057,1.3056,1.3055,1.3054,1.3053,1.3052,1.3051,1.3061,1.3062,1.3063,1.3064,1.3065,1.3066,1.3067,1.3068,1.3069,1.307,21041.9,29587.1,89549.3,27631.5,11332.5,8217.6,23842.9,37242.8,24038.7,8895,5244.9,7148.3,27829.9,63404.9,43607.2,50026,44911.7,10441.9,37244.8,31731.5
144,1.3068,1.3067,1.3066,1.3065,1.3064,1.3063,1.3062,1.3061,1.306,1.3059,1.3069,1.307,1.3071,1.3072,1.3073,1.3074,1.3075,1.3076,1.3077,1.3078,105573.2,20308.7,35935.1,28700,23919.1,37187.3,52050.7,23661,14538.4,38814.9,3624.5,556.6,5658.6,19580.1,49225.1,25886.5,16466.8,38552.8,23341.6,26903.7
145,1.307,1.3069,1.3068,1.3067,1.3066,1.3065,1.3064,1.3063,1.3062,1.3061,1.3071,1.3072,1.3073,1.3074,1.3075,1.3076,1.3077,1.3078,1.3079,1.308,37103.3,12062.3,27382.9,10716.9,19526.1,31298.7,26146.5,44599.3,33857.2,7016.9,714.6,46.5,26388.8,29142,15922.9,18976.8,17798.6,36783.6,14758.5,20332.5
146,1.3065,1.3064,1.3063,1.3062,1.3061,1.306,1.3059,1.3058,1.3057,1.3056,1.3066,1.3067,1.3068,1.3069,1.307,1.3071,1.3072,1.3073,1.3074,1.3075,8178.6,1883.8,4236,10936.3,12238.6,21443.3,39109.9,16907.7,26470.9,43691.8,32605.8,24795.6,27990.5,57550.4,63170.8,32300.3,54528.2,38084.1,32477.7,20219.7
147,1.3063,1.3062,1.3061,1.306,1.3059,1.3058,1.3057,1.3056,1.3055,1.3054,1.3064,1.3065,1.3066,1.3067,1.3068,1.3069,1.307,1.3071,1.3072,1.3073,12186.1,15427.8,8369.8,13596.3,27255.3,20082.8,39318.6,25749.3,10113.9,36306.8,21607.6,34918.3,40722.6,25764.3,40221.8,61009.3,57390.6,31333.2,42389.5,19677
148,1.3055,1.3054,1.3053,1.3052,1.3051,1.305,1.3049,1.3048,1.3047,1.3046,1.3056,1.3057,1.3058,1.3059,1.306,1.3061,1.3062,1.3063,1.3064,1.3065,17877.9,10167.8,3401.6,7802.1,12427.9,15211.5,48725.3,25956,19109.7,33208.6,9168.6,29493.4,45254.3,41975.1,21510.3,43283.1,58052.6,22400.3,9871,38489.9
149,1.3049,1.3048,1.3047,1.3046,1.3045,1.3044,1.3043,1.3042,1.3041,1.304,1.305,1.3051,1.3052,1.3053,1.3054,1.3055,1.3056,1.3057,1.3058,1.3059,74368.5,41687.5,14183.4,13886.8,30453,32401.8,26064.1,13492.5,33965.9,39431.9,11249.1,4465,11433.5,30469.2,11803.1,44706.9,51544.8,39695.1,13099.4,31248.1
150,1.3049,1.3048,1.3047,1.3046,1.3045,1.3044,1.3043,1.3042,1.3041,1.304,1.305,1.3051,1.3052,1.3053,1.3054,1.3055,1.3056,1.3057,1.3058,1.3059,47603.7,35254.7,21620.4,10897.5,29023.3,27296.6,7985.3,14358,35451.4,36584.2,41928.3,7123.4,8265.7,45193.9,18374.4,51343.2,51648.5,39375.1,19303,46650.2
151,1.305,1.3049,1.3048,1.3047,1.3046,1.3045,1.3044,1.3043,1.3042,1.3041,1.3051,1.3052,1.3053,1.3054,1.3055,1.3056,1.3057,1.3058,1.3059,1.306,85058.4,18328.2,5166.7,16502.7,11774.4,36517.3,26480.6,11457.7,20050.5,50619,10949.8,9282.9,9220.2,34741.5,29755.9,50362,22376.3,13163,37655.7,47957.5
152,1.3049,1.3048,1.3047,1.3046,1.3045,1.3044,1.3043,1.3042,1.3041,1.304,1.305,1.3051,1.3052,1.3053,1.3054,1.3055,1.3056,1.3057,1.3058,1.3059,14066.3,7159.2,16021.1,12106.8,17956.7,27043.1,14738.5,17868.3,50718.3,29525.1,27650.7,71997.8,10824.2,22904.4,34018.6,28978,50124.2,23666.3,24638.5,39571.6
153,1.305,1.3049,1.3048,1.3047,1.3046,1.3045,1.3044,1.3043,1.3042,1.3041,1.3051,1.3052,1.3053,1.3054,1.3055,1.3056,1.3057,1.3058,1.3059,1.306,116.1,8639,5088.1,19437.1,10222.7,17889.4,27233,14131.3,18472.7,52678,57920,23330,28930.4,33902,29451.7,52458.5,23813.1,13951.5,45143.3,38070
154,1.3047,1.3046,1.3045,1.3044,1.3043,1.3042,1.3041,1.304,1.3039,1.3038,1.3048,1.3049,1.305,1.3051,1.3052,1.3053,1.3054,1.3055,1.3056,1.3057,13354.3,23806.2,9798,29994.2,5718.8,18622.1,53954.3,26823.4,10526,22567.5,17120.8,16122,60653.9,70412.1,41536.1,49570.4,33411.5,24465.1,45452.5,10465.9
155,1.3038,1.3037,1.3036,1.3035,1.3034,1.3033,1.3032,1.3031,1.303,1.3029,1.3039,1.304,1.3041,1.3042,1.3043,1.3044,1.3045,1.3046,1.3047,1.3048,9881.9,5576.4,5530,12980.9,29955.3,13414.4,11039.4,31080.4,31017.6,38317.7,5974.4,35014.1,59541.3,42395.4,43808,32154,29930.4,49506.1,60990.4,41976.5
156,1.3043,1.3042,1.3041,1.304,1.3039,1.3038,1.3037,1.3036,1.3035,1.3034,1.3044,1.3045,1.3046,1.3047,1.3048,1.3049,1.305,1.3051,1.3052,1.3053,23548.4,35455.9,46253.4,37385.5,42442.4,42858.7,25938.2,22690.1,37467.5,36007.7,10037.8,944.8,11819.1,12907.1,24593.4,21849.8,35857.8,15850.3,48282.8,42091
157,1.3061,1.306,1.3059,1.3058,1.3057,1.3056,1.3055,1.3054,1.3053,1.3052,1.3062,1.3063,1.3064,1.3065,1.3066,1.3067,1.3068,1.3069,1.307,1.3071,16812.6,29303.8,24968.5,38970.9,52272.4,31225.9,40745.7,65596.1,27927.9,31645.2,6169.9,6330.2,3232.1,11625.7,17555.1,12595.2,31800.9,47724.8,32323.9,17932.9
158,1.3056,1.3055,1.3054,1.3053,1.3052,1.3051,1.305,1.3049,1.3048,1.3047,1.3057,1.3058,1.3059,1.306,1.3061,1.3062,1.3063,1.3064,1.3065,1.3066,1991.4,11685.3,7368.4,15998.3,24717.9,33076.6,25566.8,23516.9,28890.9,21805.8,28977.1,38349.6,26149.6,25913,26484.8,32122,44360.4,13842.3,22124.7,52090.6
159,1.3065,1.3064,1.3063,1.3062,1.3061,1.306,1.3059,1.3058,1.3057,1.3056,1.3066,1.3067,1.3068,1.3069,1.307,1.3071,1.3072,1.3073,1.3074,1.3075,9017.8,9545.5,33482.9,27673,52260.7,40992.6,11649.7,32630.8,31084.5,8637.3,27904.5,52404.1,38706,36245.2,36372.2,28791.1,26592.2,6340.6,18718.6,35777.3
160,1.306,1.3059,1.3058,1.3057,1.3056,1.3055,1.3054,1.3053,1.3052,1.3051,1.3061,1.3062,1.3063,1.3064,1.3065,1.3066,1.3067,1.3068,1.3069,1.307,5908.7,40.6,12145.1,12777.4,13490.2,18834.1,15732.6,19060.9,33432,36447.7,38985.3,43005,31948.6,27063.8,20797.5,45885.4,35529.1,35413.8,42857.8,35520.9
161,1.3064,1.3063,1.3062,1.3061,1.306,1.3059,1.3058,1.3057,1.3056,1.3055,1.3065,1.3066,1.3067,1.3068,1.3069,1.307,1.3071,1.3072,1.3073,1.3074,3543.6,9815.3,13482.6,35576.8,45266.6,27712.7,20752.9,37474,21542.1,26984.6,13878.6,33312.5,23998.9,28249.6,35846.2,28376,27773.5,27632.2,12289,26347.6
162,1.306,1.3059,1.3058,1.3057,1.3056,1.3055,1.3054,1.3053,1.3052,1.3051,1.3061,1.3062,1.3063,1.3064,1.3065,1.3066,1.3067,1.3068,1.3069,1.307,16714.4,6989.4,22221.8,44674.6,21044.4,30101.8,36298.9,12944.2,24119.8,43643.9,2211.7,19085.4,9957.2,25468.8,34898.2,17600.4,28239.3,30528.7,43689.6,35576.1
163,1.306,1.3059,1.3058,1.3057,1.3056,1.3055,1.3054,1.3053,1.3052,1.3051,1.3061,1.3062,1.3063,1.3064,1.3065,1.3066,1.3067,1.3068,1.3069,1.307,18794,21370.3,17842.2,45404.4,21420.3,26920.3,31018.1,12914.3,29111.3,51374,7744.9,14504.3,35131.5,21939.3,20948.1,35771.5,25632.3,29853.6,51878.4,50881.1
164,1.3058,1.3057,1.3056,1.3055,1.3054,1.3053,1.3052,1.3051,1.305,1.3049,1.3059,1.306,1.3061,1.3062,1.3063,1.3064,1.3065,1.3066,1.3067,1.3068,19936.4,11131,16361.7,26164.4,29722.4,21694.6,30803.3,51272.4,13291.2,23781.2,6578.2,10435,18379.2,25951.9,47625.9,20443.9,21758,35550.5,25620,29291.9
165,1.3054,1.3053,1.3052,1.3051,1.305,1.3049,1.3048,1.3047,1.3046,1.3045,1.3055,1.3056,1.3057,1.3058,1.3059,1.306,1.3061,1.3062,1.3063,1.3064,51322,75767.3,58919.3,40799.1,33173.8,19936.6,35658.8,18476.5,29657.1,48464.9,5611,1525.1,11135.5,29283.9,25121.3,29540.2,7118.1,18360.8,43871.7,12795
166,1.3031,1.303,1.3029,1.3028,1.3027,1.3026,1.3025,1.3024,1.3023,1.3022,1.3032,1.3033,1.3034,1.3035,1.3036,1.3037,1.3038,1.3039,1.304,1.3041,7050.3,5410.2,11097.9,31201.2,17037.4,42297.4,40721.1,6934.4,5026.7,13096.8,23142.9,15572.7,23242.8,25918.4,25702.8,59056.1,47993.3,22326.8,40713.6,61997.4
167,1.3016,1.3015,1.3014,1.3013,1.3012,1.3011,1.301,1.3009,1.3008,1.3007,1.3017,1.3018,1.3019,1.302,1.3021,1.3022,1.3023,1.3024,1.3025,1.3026,5284.5,7643.7,9096,17754.1,12896.1,30583.4,29002.3,37155.1,26927.5,9411.1,14152.8,21799,57630.4,50355.3,57602.7,53429.8,16454.8,27157.8,67503.1,24724.9
168,1.303,1.3029,1.3028,1.3027,1.3026,1.3025,1.3024,1.3023,1.3022,1.3021,1.3031,1.3032,1.3033,1.3034,1.3035,1.3036,1.3037,1.3038,1.3039,1.304,25402.5,31033.3,42193.6,34047.1,11852.5,31802.5,48891.2,57576.4,53992.7,50368.4,3481.6,3256.1,5490.5,20225.9,36251.5,35896.5,20032.6,33910.1,8885.4,28023.7
169,1.3029,1.3028,1.3027,1.3026,1.3025,1.3024,1.3023,1.3022,1.3021,1.302,1.303,1.3031,1.3032,1.3033,1.3034,1.3035,1.3036,1.3037,1.3038,1.3039,6617.6,15232.8,18338.4,42941,39246.9,36704.3,41095.4,41003.4,31442.1,30333.2,20534.5,12329.1,10198.9,25591,14362.9,32654.7,20783.4,24619.8,28453.4,13384
170,1.302,1.3019,1.3018,1.3017,1.3016,1.3015,1.3014,1.3013,1.3012,1.3011,1.3021,1.3022,1.3023,1.3024,1.3025,1.3026,1.3027,1.3028,1.3029,1.303,7457.4,6628.6,10326.9,15227.3,12035.7,33994.9,32927.7,11091.7,15670.5,54632.5,38117.9,45080,15737.2,35940.7,80054.5,36790.4,28012.4,51500.1,59077.2,38257.4
171,1.3024,1.3023,1.3022,1.3021,1.302,1.3019,1.3018,1.3017,1.3016,1.3015,1.3025,1.3026,1.3027,1.3028,1.3029,1.303,1.3031,1.3032,1.3033,1.3034,25225.7,29012.3,42133.3,28750.4,21580.9,30773.5,61127.3,48393.2,47365.7,48115.4,12848.5,1751.6,13098.9,48308.8,32009.6,20668.8,27435.9,14690.2,39006.6,33172.8
172,1.303,1.3029,1.3028,1.3027,1.3026,1.3025,1.3024,1.3023,1.3022,1.3021,1.3031,1.3032,1.3033,1.3034,1.3035,1.3036,1.3037,1.3038,1.3039,1.304,12130.2,33713.1,59680.4,44858.9,21915.4,46941.6,20419.8,46186.4,52460.8,28243.4,13691,13909.3,5259.2,17092.3,5198.8,10630.3,30159.2,37389.6,14162,17726.6
173,1.304,1.3039,1.3038,1.3037,1.3036,1.3035,1.3034,1.3033,1.3032,1.3031,1.3041,1.3042,1.3043,1.3044,1.3045,1.3046,1.3047,1.3048,1.3049,1.305,88665.4,23139,35001.6,38077.4,48174.8,54282.3,34651.1,44440.5,49309.7,50100.6,5925.8,5174.4,6858.6,16082.9,14517.5,15099.1,29390.5,26526.8,38849.7,29154.4
174,1.3052,1.3051,1.305,1.3049,1.3048,1.3047,1.3046,1.3045,1.3044,1.3043,1.3053,1.3054,1.3055,1.3056,1.3057,1.3058,1.3059,1.306,1.3061,1.3062,15178.1,16324,21755.1,43100,76675.1,50758.4,48524.3,46248.8,51632,28623.8,5738.4,5494.7,7881.6,26873.8,26442.1,9127.9,18628.5,44568.1,9864.5,29274.5
175,1.3048,1.3047,1.3046,1.3045,1.3044,1.3043,1.3042,1.3041,1.304,1.3039,1.3049,1.305,1.3051,1.3052,1.3053,1.3054,1.3055,1.3056,1.3057,1.3058,23540,7341.1,10014.3,14500,21317.1,34681.1,15208.9,30934.9,35537.1,11118.8,13182.2,14787.4,25047.1,35484.8,24263.6,57327.7,39223.2,25130,26394.4,15757.6
176,1.3045,1.3044,1.3043,1.3042,1.3041,1.304,1.3039,1.3038,1.3037,1.3036,1.3046,1.3047,1.3048,1.3049,1.305,1.3051,1.3052,1.3053,1.3054,1.3055,5393.2,3939.2,7871.6,11918.3,7294.6,7663.5,10628.3,32949.8,46701.2,13386.8,37586.2,32643.2,23156.9,19180,58950.8,24751.8,24246.2,20567.2,55357.4,41626.5
177,1.3049,1.3048,1.3047,1.3046,1.3045,1.3044,1.3043,1.3042,1.3041,1.304,1.305,1.3051,1.3052,1.3053,1.3054,1.3055,1.3056,1.3057,1.3058,1.3059,59410.3,55445,36897.5,39412,65994.6,48121.7,40144,33684.3,13199.1,28147.3,13997.5,7352.1,15861.2,21160.7,32479.2,21972.3,17082.6,25916.3,11390.7,20910.2
178,1.3048,1.3047,1.3046,1.3045,1.3044,1.3043,1.3042,1.3041,1.304,1.3039,1.3049,1.305,1.3051,1.3052,1.3053,1.3054,1.3055,1.3056,1.3057,1.3058,5897.4,12516.6,16622.7,71753.6,28097.6,37454.6,33309.2,12258,26443.3,15887.2,29802.6,35437.1,44654.4,35243.8,12520.5,28837,16144.8,27638.4,35803.9,9090.2
179,1.3047,1.3046,1.3045,1.3044,1.3043,1.3042,1.3041,1.304,1.3039,1.3038,1.3048,1.3049,1.305,1.3051,1.3052,1.3053,1.3054,1.3055,1.3056,1.3057,103748.8,22270.5,24937.8,41710.7,20822.1,16911.6,43671.6,8120.9,17884.5,36189.4,3567.9,8871.1,16204.5,30322,30268.1,27351.2,35249.1,19664.9,37110.5,38385.4
180,1.3052,1.3051,1.305,1.3049,1.3048,1.3047,1.3046,1.3045,1.3044,1.3043,1.3053,1.3054,1.3055,1.3056,1.3057,1.3058,1.3059,1.306,1.3061,1.3062,13373.2,15084,27888.2,30315.5,21390.9,23377.8,22115,56341.2,5495.8,12674.3,6913.6,28013.9,30929.2,45090.2,16210.1,7504.7,18420.3,37735.8,20198,36304.9
181,1.3058,1.3057,1.3056,1.3055,1.3054,1.3053,1.3052,1.3051,1.305,1.3049,1.3059,1.306,1.3061,1.3062,1.3063,1.3064,1.3065,1.3066,1.3067,1.3068,31216.9,65976.9,19829.2,57842.3,54444.1,22846.8,37372.4,33258.7,41407.5,33881.9,6097.7,5215.5,11542.3,24864.4,33332,10633.4,23600.6,10708.2,23314.6,48088.2
182,1.3051,1.305,1.3049,1.3048,1.3047,1.3046,1.3045,1.3044,1.3043,1.3042,1.3052,1.3053,1.3054,1.3055,1.3056,1.3057,1.3058,1.3059,1.306,1.3061,3474.6,15380.7,4007,12260.1,10314.5,14803.3,39073.2,21052.4,10166.5,28933.4,46717.4,27529.7,19205.7,30702.9,58658.7,39010.5,26637.3,14063,28307.1,53575.2
183,1.3056,1.3055,1.3054,1.3053,1.3052,1.3051,1.305,1.3049,1.3048,1.3047,1.3057,1.3058,1.3059,1.306,1.3061,1.3062,1.3063,1.3064,1.3065,1.3066,38818.3,44816.2,48146,34820.5,37711.9,17975.6,26490.4,19916.9,31809.3,16648.2,6399.1,4784.9,9824.2,26581.3,18214.1,13562.4,16678.6,30512.9,17940.8,24294.4
184,1.3065,1.3064,1.3063,1.3062,1.3061,1.306,1.3059,1.3058,1.3057,1.3056,1.3066,1.3067,1.3068,1.3069,1.307,1.3071,1.3072,1.3073,1.3074,1.3075,23412.2,13969.3,26675,15739.9,12926.9,46818.4,22302.6,20174.4,33119.2,7267.4,14159.4,5043.2,23188.9,39951.6,37375.8,44995.6,22493.6,31647.3,54219.5,29826.3
185,1.3064,1.3063,1.3062,1.3061,1.306,1.3059,1.3058,1.3057,1.3056,1.3055,1.3065,1.3066,1.3067,1.3068,1.3069,1.307,1.3071,1.3072,1.3073,1.3074,642.9,7297.2,10184.9,22086.3,21958.6,10893.6,33762,27491.9,4680.8,13008.2,15491.4,22877.7,49878.1,38311.1,30413.3,40183.4,38039.6,13760.1,31093.9,52380.2
186,1.3061,1.306,1.3059,1.3058,1.3057,1.3056,1.3055,1.3054,1.3053,1.3052,1.3062,1.3063,1.3064,1.3065,1.3066,1.3067,1.3068,1.3069,1.307,1.3071,41045.2,17961.4,3491.8,8661.7,6962.9,4733.8,13020.5,38000.1,24312.7,27625,8066.1,22530.8,20918.6,20455.7,14072.9,39808.2,32598.8,31007.9,37682.7,53707
187,1.3064,1.3063,1.3062,1.3061,1.306,1.3059,1.3058,1.3057,1.3056,1.3055,1.3065,1.3066,1.3067,1.3068,1.3069,1.307,1.3071,1.3072,1.3073,1.3074,56700.2,55730,29610.7,31028.5,17622,10063.4,24741,35253.1,4572.4,14953.3,910.2,3759.8,14302.1,57978.8,31056,39560.3,38315.7,11771.1,25614.5,45513.3
188,1.3076,1.3075,1.3074,1.3073,1.3072,1.3071,1.307,1.3069,1.3068,1.3067,1.3077,1.3078,1.3079,1.308,1.3081,1.3082,1.3083,1.3084,1.3085,1.3086,15990.1,795.4,5891,9404.6,16691,26107.5,15449.3,37535.1,29102.5,50988.1,19133.5,2500,7674.7,20071.9,12499.7,32693.1,32088.5,21373.9,30019.8,50905.2
189,1.308,1.3079,1.3078,1.3077,1.3076,1.3075,1.3074,1.3073,1.3072,1.3071,1.3081,1.3082,1.3083,1.3084,1.3085,1.3086,1.3087,1.3088,1.3089,1.309,6534.6,3684.9,18863.1,32382.2,16945,7319.9,15609.7,33211.2,35443.6,16008,43808.5,30627.5,40311.8,40202,19441.5,26888.3,10190.3,32429.4,43929.6,25365.1
190,1.3086,1.3085,1.3084,1.3083,1.3082,1.3081,1.308,1.3079,1.3078,1.3077,1.3087,1.3088,1.3089,1.309,1.3091,1.3092,1.3093,1.3094,1.3095,1.3096,35453.6,32352.5,24561.8,55782.3,51535.6,45910,55395.9,59137.7,41254.5,29432.9,3759.8,9403.1,7579.1,10078.5,23200.3,43918.1,19275.3,25853,36337.8,15880.4
191,1.3094,1.3093,1.3092,1.3091,1.309,1.3089,1.3088,1.3087,1.3086,1.3085,1.3095,1.3096,1.3097,1.3098,1.3099,1.31,1.3101,1.3102,1.3103,1.3104,17255.5,56887.9,84142.7,31220.2,52470.9,41729.8,22217.7,20351,45889.6,36528.1,6870.7,2658.8,9942.4,39030.2,28804.9,12376.2,36581.3,15462.4,39066.3,51573.9
192,1.3087,1.3086,1.3085,1.3084,1.3083,1.3082,1.3081,1.308,1.3079,1.3078,1.3088,1.3089,1.309,1.3091,1.3092,1.3093,1.3094,1.3095,1.3096,1.3097,3586.4,1522.7,28887,10706.6,25615.3,37740.9,17170.3,26180,31799.5,26183.2,34497.2,26796.9,20958.7,34781.6,48885.1,35622.7,40197.7,64296.2,30475.4,19737.5
193,1.308,1.3079,1.3078,1.3077,1.3076,1.3075,1.3074,1.3073,1.3072,1.3071,1.3081,1.3082,1.3083,1.3084,1.3085,1.3086,1.3087,1.3088,1.3089,1.309,25501.8,16146.6,7290,22243.9,26951.1,27745.5,44643.9,18879.4,25276.4,28013.5,3237.7,3460.6,10459.7,32142.2,31397.8,13321.2,22518.6,34578.9,10032.3,25395.1
194,1.3075,1.3074,1.3073,1.3072,1.3071,1.307,1.3069,1.3068,1.3067,1.3066,1.3076,1.3077,1.3078,1.3079,1.308,1.3081,1.3082,1.3083,1.3084,1.3085,16188.4,12717.4,12037.5,12869.2,22288.6,18078.4,15399.4,36505.1,19795.7,15527,17700.7,15793.9,21585.5,29228.8,25266.9,23093,37771.4,27628.3,26193.2,29620.6
195,1.3064,1.3063,1.3062,1.3061,1.306,1.3059,1.3058,1.3057,1.3056,1.3055,1.3065,1.3066,1.3067,1.3068,1.3069,1.307,1.3071,1.3072,1.3073,1.3074,1688.8,5335.4,6875.4,15733.5,5250.1,10844.1,29144.8,21756.1,9962.2,28475.4,35579,59904.6,56844.3,62190.1,56807.8,19125.1,23237.9,45071.1,53420,47111.5
196,1.3053,1.3052,1.3051,1.305,1.3049,1.3048,1.3047,1.3046,1.3045,1.3044,1.3054,1.3055,1.3056,1.3057,1.3058,1.3059,1.306,1.3061,1.3062,1.3063,13633.9,17329.9,10727,28209.5,9891.8,16843.4,29568.2,29730.2,22615.5,26935.3,3605.8,13334.7,46661.8,50246.5,33152.7,59306.2,54565.8,29239,24244.2,37244.7
197,1.3055,1.3054,1.3053,1.3052,1.3051,1.305,1.3049,1.3048,1.3047,1.3046,1.3056,1.3057,1.3058,1.3059,1.306,1.3061,1.3062,1.3063,1.3064,1.3065,27558.9,29157.2,30926.6,46827.1,35599.5,33523,15083.4,24713.2,33373.8,21402.9,11827.6,10775.2,27750.4,50271.1,42330.4,10648.1,15270.6,38457.8,19260.3,43686.9
198,1.3059,1.3058,1.3057,1.3056,1.3055,1.3054,1.3053,1.3052,1.3051,1.305,1.306,1.3061,1.3062,1.3063,1.3064,1.3065,1.3066,1.3067,1.3068,1.3069,6984.5,6872.7,15243.9,35400.7,48223.6,46679.6,45355.9,39571.3,31635.6,41247.9,14260,4815,26967.9,21612,10805.3,18053.6,29970.4,11558.4,28990.5,41418.6
199,1.3069,1.3068,1.3067,1.3066,1.3065,1.3064,1.3063,1.3062,1.3061,1.306,1.307,1.3071,1.3072,1.3073,1.3074,1.3075,1.3076,1.3077,1.3078,1.3079,54335.5,37415.5,19331.7,18612.3,34643.3,50778.9,25468.9,32690.1,40153.8,10185.8,395.6,3082.5,26483.9,25203.2,12498.9,27917.2,19856.6,22701.5,40118.4,8296.7
200,1.3069,1.3068,1.3067,1.3066,1.3065,1.3064,1.3063,1.3062,1.3061,1.306,1.307,1.3071,1.3072,1.3073,1.3074,1.3075,1.3076,1.3077,1.3078,1.3079,16174.4,23439.5,39264.3,28172.4,30814.5,42594.7,30479.1,33025.6,32572.7,5944,7482.7,4667.2,15990.2,20584,29729.2,9246.6,16194.2,16531.6,31218,11839.2
201,1.3074,1.3073,1.3072,1.3071,1.307,1.3069,1.3068,1.3067,1.3066,1.3065,1.3075,1.3076,1.3077,1.3078,1.3079,1.308,1.3081,1.3082,1.3083,1.3084,36227.3,18622.7,11513.4,35268,46698.8,27240.1,28334.3,33477.4,30155.7,8984.7,1703.5,6990.1,7708.7,23254.2,16765.8,12462.7,29068.1,15100.9,25054.1,33026.5
202,1.3092,1.3091,1.309,1.3089,1.3088,1.3087,1.3086,1.3085,1.3084,1.3083,1.3093,1.3094,1.3095,1.3096,1.3097,1.3098,1.3099,1.31,1.3101,1.3102,12299.3,15106.1,28181.6,49794,59297.5,26646.9,30929.4,50199.5,24702.1,14718.8,29137.5,13035.3,797.5,23951.9,13981.6,11962.3,18069.2,35260.5,14223.8,18665
203,1.3082,1.3081,1.308,1.3079,1.3078,1.3077,1.3076,1.3075,1.3074,1.3073,1.3083,1.3084,1.3085,1.3086,1.3087,1.3088,1.3089,1.309,1.3091,1.3092,13724.8,10565.6,4912.9,7074,18844.6,27927.5,18310.9,25970.8,35821.8,15668.1,27511.3,9047.4,15331.2,40818.3,74434.8,43917.5,15467.9,47980.2,76391.9,37995.5
204,1.3091,1.309,1.3089,1.3088,1.3087,1.3086,1.3085,1.3084,1.3083,1.3082,1.3092,1.3093,1.3094,1.3095,1.3096,1.3097,1.3098,1.3099,1.31,1.3101,17234,30997.1,25445,46754,42655.2,32040.4,49772.4,36794.6,36256.4,14233.3,6307.2,5011.6,8159.9,17556.8,16038.2,30836.7,31849.5,33774.3,41523.4,20862.5
205,1.3098,1.3097,1.3096,1.3095,1.3094,1.3093,1.3092,1.3091,1.309,1.3089,1.3099,1.31,1.3101,1.3102,1.3103,1.3104,1.3105,1.3106,1.3107,1.3108,12908,26563.6,24610.1,22933.7,40010.3,33205.6,50417.8,35491.2,28987.5,40169.2,12176.5,16215.2,24471.2,19124.8,25039.9,27370,15664.7,22672.2,50016.9,28376.2
206,1.3102,1.3101,1.31,1.3099,1.3098,1.3097,1.3096,1.3095,1.3094,1.3093,1.3103,1.3104,1.3105,1.3106,1.3107,1.3108,1.3109,1.311,1.3111,1.3112,32711.7,44871.3,24424.6,43779.7,36881.7,17218.5,17927.4,22524.3,29423.6,19795.3,2953.7,455,19550.7,35532.2,20465,12868.4,33917.8,37970.7,21009.2,31938.6
207,1.3098,1.3097,1.3096,1.3095,1.3094,1.3093,1.3092,1.3091,1.309,1.3089,1.3099,1.31,1.3101,1.3102,1.3103,1.3104,1.3105,1.3106,1.3107,1.3108,9620.8,8909.5,21522.9,16182.1,15146.4,14332.8,29300.9,27312,12652.1,17375.7,20883.2,52993.8,37411.9,61887.6,53915.5,25119.4,21893,19469.5,36077.3,12134
208,1.3091,1.309,1.3089,1.3088,1.3087,1.3086,1.3085,1.3084,1.3083,1.3082,1.3092,1.3093,1.3094,1.3095,1.3096,1.3097,1.3098,1.3099,1.31,1.3101,15684.2,9562.8,27795.4,22761.2,10948.1,11129.4,36015.6,22519.2,9165.6,23770.6,3321.6,5642.2,20606,34073.1,52114.9,58063.8,31143.8,31309.9,42847.5,28002
209,1.3098,1.3097,1.3096,1.3095,1.3094,1.3093,1.3092,1.3091,1.309,1.3089,1.3099,1.31,1.3101,1.3102,1.3103,1.3104,1.3105,1.3106,1.3107,1.3108,18283.6,25399,30420.8,49976.8,20385.3,55675,66226.8,35308.9,32059,57429.9,17136.9,1165.7,8337.1,26983.4,41469.2,7657,13136.9,19465.3,42265.8,23963.7
210,1.3105,1.3104,1.3103,1.3102,1.3101,1.31,1.3099,1.3098,1.3097,1.3096,1.3106,1.3107,1.3108,1.3109,1.311,1.3111,1.3112,1.3113,1.3114,1.3115,29796,37714.8,37238.1,64693.1,36407,53202.1,58009.5,27799.8,22201.8,20400.9,10046.7,4954.1,5572.8,20573.9,38233.6,22184.2,21524.6,39351,22688.5,35453.4
211,1.3129,1.3128,1.3127,1.3126,1.3125,1.3124,1.3123,1.3122,1.3121,1.312,1.313,1.3131,1.3132,1.3133,1.3134,1.3135,1.3136,1.3137,1.3138,1.3139,32054.1,32583.2,40608.9,55336.6,39738.3,25567.4,41468.1,17861.6,40825,40137.8,6230.8,4825.2,4192.6,16835.9,42822.8,19226.5,26884,42825.7,37015.2,53504.1
212,1.3128,1.3127,1.3126,1.3125,1.3124,1.3123,1.3122,1.3121,1.312,1.3119,1.3129,1.313,1.3131,1.3132,1.3133,1.3134,1.3135,1.3136,1.3137,1.3138,13247.3,17792.1,28524,37641.6,30948.7,29864.9,32741.2,43131.8,27574.6,19645.1,29655,18130.7,9657.5,6305.9,14112.4,38036.8,24279.6,18875.7,30556.9,22538.4
213,1.3138,1.3137,1.3136,1.3135,1.3134,1.3133,1.3132,1.3131,1.313,1.3129,1.3139,1.314,1.3141,1.3142,1.3143,1.3144,1.3145,1.3146,1.3147,1.3148,9957.1,7588.8,18347.4,43111.5,15056.6,33302.8,19039.1,14943.9,27387.5,12657.2,18034,18717.3,36451.1,41338.2,45003.3,32768.5,28293.5,8364.1,26625.2,36520.6
214,1.3132,1.3131,1.313,1.3129,1.3128,1.3127,1.3126,1.3125,1.3124,1.3123,1.3133,1.3134,1.3135,1.3136,1.3137,1.3138,1.3139,1.314,1.3141,1.3142,54494.6,7965.6,25233.2,15435,32510.8,34006.9,14280,20601.7,32886.6,15967.4,4111.6,10307.9,20293,51660.9,32507.1,45763.5,39662.6,22996.9,32292.9,34928
215,1.3131,1.313,1.3129,1.3128,1.3127,1.3126,1.3125,1.3124,1.3123,1.3122,1.3132,1.3133,1.3134,1.3135,1.3136,1.3137,1.3138,1.3139,1.314,1.3141,6179.7,17727.1,24026.5,32500,15926.1,14207.5,19840.4,29943.7,7555.2,24325.6,43204.8,44676.1,31950.1,24040.1,36898.5,35348.8,35752.5,25874.9,8593.1,24270.9
216,1.3125,1.3124,1.3123,1.3122,1.3121,1.312,1.3119,1.3118,1.3117,1.3116,1.3126,1.3127,1.3128,1.3129,1.313,1.3131,1.3132,1.3133,1.3134,1.3135,16522.7,8178.6,11724.4,30016.8,30038.6,22310.6,27016.9,31130.1,11378.4,19026.4,5155.2,10689.8,23670.6,25480.7,51427.5,40211.2,35536.8,41637.2,16869,20287.9
217,1.3124,1.3123,1.3122,1.3121,1.312,1.3119,1.3118,1.3117,1.3116,1.3115,1.3125,1.3126,1.3127,1.3128,1.3129,1.313,1.3131,1.3132,1.3133,1.3134,32445.1,7924.7,9025.5,22446.9,15943.2,14597.7,36196.2,19212.4,18644.6,31687,16662.6,11848.5,28980.5,62260.5,46639.7,29000.9,34247.2,26138.8,25117.6,15436.9
218,1.3123,1.3122,1.3121,1.312,1.3119,1.3118,1.3117,1.3116,1.3115,1.3114,1.3124,1.3125,1.3126,1.3127,1.3128,1.3129,1.313,1.3131,1.3132,1.3133,17118.7,13758.1,51737.7,20075.1,13150.5,34581.3,19645.1,14046.3,11559.3,33956.6,4095.2,26529.3,19511.7,22857.8,53515.3,38767.2,37462.7,27754.4,8565.1,21465.9
219,1.3124,1.3123,1.3122,1.3121,1.312,1.3119,1.3118,1.3117,1.3116,1.3115,1.3125,1.3126,1.3127,1.3128,1.3129,1.313,1.3131,1.3132,1.3133,1.3134,30867.8,59037.1,128034.3,56781.9,54924.4,46029.3,26738,7687.1,21009.5,28710.5,4035.5,10077.6,14603.5,31008.7,46762.8,33718,4662.1,13601.3,44804.5,19706
220,1.3121,1.312,1.3119,1.3118,1.3117,1.3116,1.3115,1.3114,1.3113,1.3112,1.3122,1.3123,1.3124,1.3125,1.3126,1.3127,1.3128,1.3129,1.313,1.3131,20567.9,32517.3,28740.7,49770.7,9311.3,17949.6,21548.3,29289,9255.1,26389.6,14185.8,9831.6,24818.4,24488.5,24773.4,25856.1,56914.2,28493.7,18885.1,28186.9
221,1.3129,1.3128,1.3127,1.3126,1.3125,1.3124,1.3123,1.3122,1.3121,1.312,1.313,1.3131,1.3132,1.3133,1.3134,1.3135,1.3136,1.3137,1.3138,1.3139,17722.5,34736.8,42014,75790.6,30222.6,40822.3,68153.2,34170.2,25670.3,56177.3,4051.7,3167.7,3002.4,8683.6,20730.7,25371,8337.6,16973.4,18211.5,35372.7
222,1.3141,1.314,1.3139,1.3138,1.3137,1.3136,1.3135,1.3134,1.3133,1.3132,1.3142,1.3143,1.3144,1.3145,1.3146,1.3147,1.3148,1.3149,1.315,1.3151,23477.3,50113.9,87978.2,61046.4,25972.6,55963.1,33802.7,30853.8,34230.3,50372.3,3166.7,3535.2,5255.2,7433,10434.5,14788.4,46499.2,15517,21050.8,32116.8
223,1.3162,1.3161,1.316,1.3159,1.3158,1.3157,1.3156,1.3155,1.3154,1.3153,1.3163,1.3164,1.3165,1.3166,1.3167,1.3168,1.3169,1.317,1.3171,1.3172,5130.4,11776.8,32205,22615.1,19031.2,19692.1,26282.5,38803.3,9532.1,17434,44924.6,38277.9,42295.2,22183.8,59107.8,47295.5,32178.5,32217.8,27454.4,17955.1
224,1.316,1.3159,1.3158,1.3157,1.3156,1.3155,1.3154,1.3153,1.3152,1.3151,1.3161,1.3162,1.3163,1.3164,1.3165,1.3166,1.3167,1.3168,1.3169,1.317,3209,25353.1,18473.4,25587.6,17497,17099.9,14857.2,16851.7,26225.4,10010,28076.1,19633.2,17361.6,43091.3,41252.8,10870.9,16911.7,54243,51689,50401.4
225,1.3159,1.3158,1.3157,1.3156,1.3155,1.3154,1.3153,1.3152,1.3151,1.315,1.316,1.3161,1.3162,1.3163,1.3164,1.3165,1.3166,1.3167,1.3168,1.3169,178.2,15583.7,15135.1,38715.9,6621.1,10927.9,24460.1,29022,11141.2,13539.9,15209.9,23653.5,17881.1,21802.1,44714.8,41578.6,11475,15119.8,55991.1,51292.1
226,1.3167,1.3166,1.3165,1.3164,1.3163,1.3162,1.3161,1.316,1.3159,1.3158,1.3168,1.3169,1.317,1.3171,1.3172,1.3173,1.3174,1.3175,1.3176,1.3177,13618.5,19348.3,14603.8,29483.2,49737.8,26962.7,21731.8,22283.4,13845,34312.3,30969.9,22588.9,21687.4,1777.7,13512.1,29116.6,18152.5,28839.7,34313.8,7453.3
227,1.3168,1.3167,1.3166,1.3165,1.3164,1.3163,1.3162,1.3161,1.316,1.3159,1.3169,1.317,1.3171,1.3172,1.3173,1.3174,1.3175,1.3176,1.3177,1.3178,19392,24327.2,27189.4,32122.6,41124.3,10438.3,23026.4,38976.5,24004.4,13849.2,22702.5,26015.1,18747.4,27514.3,41008.6,9276.4,20358.2,30437.9,10316.8,12145.4
228,1.3168,1.3167,1.3166,1.3165,1.3164,1.3163,1.3162,1.3161,1.316,1.3159,1.3169,1.317,1.3171,1.3172,1.3173,1.3174,1.3175,1.3176,1.3177,1.3178,46863.9,21910.5,14925.9,19920.6,27989,12314.1,24373.6,35669.9,14624.4,13849.2,5082.9,20231.4,19892,34068.2,39649.3,19396.2,57915.8,30877.7,8616.6,12256.2
229,1.3175,1.3174,1.3173,1.3172,1.3171,1.317,1.3169,1.3168,1.3167,1.3166,1.3176,1.3177,1.3178,1.3179,1.318,1.3181,1.3182,1.3183,1.3184,1.3185,38457.1,61498.5,66614.6,43134.2,63985.4,44712.8,45286.4,70913.8,57254.5,33359.2,11284.1,5066.8,3043.2,4864.4,8337.5,15304.1,38065.1,45371.5,41269.9,40112.7
230,1.3175,1.3174,1.3173,1.3172,1.3171,1.317,1.3169,1.3168,1.3167,1.3166,1.3176,1.3177,1.3178,1.3179,1.318,1.3181,1.3182,1.3183,1.3184,1.3185,32368.8,20577.7,51786.7,46092.1,50959.8,46445.6,36241.3,32108.4,8244.4,16889.6,25507.2,34621.4,41775.4,21750.2,9463.4,14449,28907.9,11445.7,26595.3,27579.5
231,1.3182,1.3181,1.318,1.3179,1.3178,1.3177,1.3176,1.3175,1.3174,1.3173,1.3183,1.3184,1.3185,1.3186,1.3187,1.3188,1.3189,1.319,1.3191,1.3192,10772.6,11635.5,59804.4,59425.5,63165.6,48093.2,39412.2,27271.9,39097.1,13174.9,28477.2,20254.9,2900.5,8231.3,31338.1,12226.7,15737.3,21782,40805.4,54065.6
232,1.321,1.3209,1.3208,1.3207,1.3206,1.3205,1.3204,1.3203,1.3202,1.3201,1.3211,1.3212,1.3213,1.3214,1.3215,1.3216,1.3217,1.3218,1.3219,1.322,95.6,284.9,38032.5,37977.5,24665.7,24495.5,33198.4,8086.6,11337.1,11726.3,16904.7,26914.9,23265.8,35195.9,44717.4,34854.5,33137.9,28603.8,16641.7,26880.5
233,1.3224,1.3223,1.3222,1.3221,1.322,1.3219,1.3218,1.3217,1.3216,1.3215,1.3225,1.3226,1.3227,1.3228,1.3229,1.323,1.3231,1.3232,1.3233,1.3234,15300.1,15972.6,25366.5,42419.4,67773,61057.3,28670.1,45311.6,15631.4,12631.3,18024.6,27898.1,37145.3,48877.6,28204.6,19151.7,26760.8,8404.1,20968.9,36250.4
234,1.3216,1.3215,1.3214,1.3213,1.3212,1.3211,1.321,1.3209,1.3208,1.3207,1.3217,1.3218,1.3219,1.322,1.3221,1.3222,1.3223,1.3224,1.3225,1.3226,10665.2,10543.8,32522.3,16857.7,29845.7,32248.8,9573.4,26360.9,55764,12644.6,26827.4,36282,42197.2,27738.5,37256.5,46866.5,24768.1,28882,34581.6,20502
235,1.3201,1.32,1.3199,1.3198,1.3197,1.3196,1.3195,1.3194,1.3193,1.3192,1.3202,1.3203,1.3204,1.3205,1.3206,1.3207,1.3208,1.3209,1.321,1.3211,43951.1,34092.7,41265.9,66179.6,45616.5,7299.2,10309.1,33950.3,16499.5,32887.9,3664.3,7709.5,17271.8,24342.3,40174,23256.1,12328.8,31007.2,38266.4,29262.1
236,1.3194,1.3193,1.3192,1.3191,1.319,1.3189,1.3188,1.3187,1.3186,1.3185,1.3195,1.3196,1.3197,1.3198,1.3199,1.32,1.3201,1.3202,1.3203,1.3204,793.6,8212.7,50928.8,41850.3,23983.5,32956.1,30809.7,7330.6,7054.3,19121.5,36105.2,73604.1,32417.3,26608.9,36561.8,42305.7,9477.2,37546,37125.9,29792.3
237,1.3181,1.318,1.3179,1.3178,1.3177,1.3176,1.3175,1.3174,1.3173,1.3172,1.3182,1.3183,1.3184,1.3185,1.3186,1.3187,1.3188,1.3189,1.319,1.3191,17588.8,1818.3,9530.3,31926,24100.1,32811.6,27440.1,10170,25186.2,63836.8,22641.7,41786.7,50899.4,45577.7,44516.4,63228,31797,28839.5,43950,31472.3
238,1.3189,1.3188,1.3187,1.3186,1.3185,1.3184,1.3183,1.3182,1.3181,1.318,1.319,1.3191,1.3192,1.3193,1.3194,1.3195,1.3196,1.3197,1.3198,1.3199,28890.2,19291.1,22629.1,36097.5,27711,35945.4,52293.5,42679.1,20230.1,25763.3,7368.1,5181,15256,9739.4,13928.2,37513.1,16568.2,11263.5,13685.8,26710.7
239,1.3185,1.3184,1.3183,1.3182,1.3181,1.318,1.3179,1.3178,1.3177,1.3176,1.3186,1.3187,1.3188,1.3189,1.319,1.3191,1.3192,1.3193,1.3194,1.3195,12314.5,7880.2,26027.6,53399.9,27919.2,18597.5,12962.1,28855.5,16051.5,51666.5,16453.5,24555,36033.1,48712.6,35989.8,33280.1,43185.2,10352.1,26521.5,44007.9
240,1.3189,1.3188,1.3187,1.3186,1.3185,1.3184,1.3183,1.3182,1.3181,1.318,1.319,1.3191,1.3192,1.3193,1.3194,1.3195,1.3196,1.3197,1.3198,1.3199,41683,39245.7,30290.2,29021.7,35223.6,34086.9,42717.8,39679.8,12137.9,6507,12734.2,6343.8,14458.9,9358.2,16263.4,13807.3,11818.3,32370.2,21197.7,27507.1
241,1.3191,1.319,1.3189,1.3188,1.3187,1.3186,1.3185,1.3184,1.3183,1.3182,1.3192,1.3193,1.3194,1.3195,1.3196,1.3197,1.3198,1.3199,1.32,1.3201,26359.4,29749.8,36483.7,55882.6,76981.2,39060.7,32340.6,41525.9,30973.1,44588.3,10678.8,3676.4,8269.6,11653.7,18156.1,28032.4,21453.7,27205.9,27955.8,10993
242,1.3186,1.3185,1.3184,1.3183,1.3182,1.3181,1.318,1.3179,1.3178,1.3177,1.3187,1.3188,1.3189,1.319,1.3191,1.3192,1.3193,1.3194,1.3195,1.3196,14380.4,15486.5,11467.7,16303,35374.4,16385,20854.4,10875.9,28558.6,16051.5,23289.6,31779.2,27975.8,19677.3,48554,31634.6,32909.3,42179.8,13091.7,15881.9
243,1.319,1.3189,1.3188,1.3187,1.3186,1.3185,1.3184,1.3183,1.3182,1.3181,1.3191,1.3192,1.3193,1.3194,1.3195,1.3196,1.3197,1.3198,1.3199,1.32,11426.3,16459.3,42865.8,26037.5,28986.3,46549.7,64019.2,27936.3,30508.9,34850.5,23187.1,7108.3,8843.7,27515,12710,20978.6,27835.6,21121.3,35619.8,32088.1
244,1.3194,1.3193,1.3192,1.3191,1.319,1.3189,1.3188,1.3187,1.3186,1.3185,1.3195,1.3196,1.3197,1.3198,1.3199,1.32,1.3201,1.3202,1.3203,1.3204,15744.2,17049.7,31828.2,25985.6,25330.8,38087.2,13007.5,17437.9,20831.1,39485.4,19189.4,20602,1357.8,10071.7,21875.7,32642.1,8510.6,31380.4,55732.1,52633.2
245,1.3184,1.3183,1.3182,1.3181,1.318,1.3179,1.3178,1.3177,1.3176,1.3175,1.3185,1.3186,1.3187,1.3188,1.3189,1.319,1.3191,1.3192,1.3193,1.3194,47738.6,46149.1,18532.3,25527.3,26628.4,15780.3,35083.9,11998,38378.4,28004.3,3201.4,6955.1,11974.2,20534,33340.4,55357.9,37785.8,42858,67582.1,21643.9
246,1.3182,1.3181,1.318,1.3179,1.3178,1.3177,1.3176,1.3175,1.3174,1.3173,1.3183,1.3184,1.3185,1.3186,1.3187,1.3188,1.3189,1.319,1.3191,1.3192,1472.7,3656.3,5460.4,7107.3,21039.7,31857.9,26756.9,9062.6,11693.6,25044.5,15884.4,52160.3,31675.4,30414.2,51025.1,46824.8,40793.6,33356.7,29571.9,26601.6
247,1.3178,1.3177,1.3176,1.3175,1.3174,1.3173,1.3172,1.3171,1.317,1.3169,1.3179,1.318,1.3181,1.3182,1.3183,1.3184,1.3185,1.3186,1.3187,1.3188,48176.6,25283.4,33397.3,56604.6,50774.5,50412.7,74565.4,61557,61160.7,21593.9,981.4,6695.6,808.8,11660.1,32190.3,17626.4,22822.3,14651.1,36825.8,19207.8
248,1.3182,1.3181,1.318,1.3179,1.3178,1.3177,1.3176,1.3175,1.3174,1.3173,1.3183,1.3184,1.3185,1.3186,1.3187,1.3188,1.3189,1.319,1.3191,1.3192,463.7,193,8540.9,8645.1,18662.6,13003.8,35803,12511.6,12229.8,29376,30889.7,38359.7,46426.2,27666.1,22148.6,46426,35496.3,35014.1,25394.3,13070.3
249,1.3183,1.3182,1.3181,1.318,1.3179,1.3178,1.3177,1.3176,1.3175,1.3174,1.3184,1.3185,1.3186,1.3187,1.3188,1.3189,1.319,1.3191,1.3192,1.3193,35710.1,23403.4,36675.6,24485.2,19883.3,23757.8,27918.7,10522,17071.4,42861.4,3684,6395.1,20206.8,20296,41944.5,22068.1,38923.5,27418.5,5561.1,10848.3
250,1.318,1.3179,1.3178,1.3177,1.3176,1.3175,1.3174,1.3173,1.3172,1.3171,1.3181,1.3182,1.3183,1.3184,1.3185,1.3186,1.3187,1.3188,1.3189,1.319,6627.8,8891.2,8284.9,8978.6,13021.3,17332.5,37927.3,16211.4,25084,26848.9,36562,70584.8,42194.9,34708.8,44999.7,17319,25741.3,41521.7,21890.1,37006
251,1.3181,1.318,1.3179,1.3178,1.3177,1.3176,1.3175,1.3174,1.3173,1.3172,1.3182,1.3183,1.3184,1.3185,1.3186,1.3187,1.3188,1.3189,1.319,1.3191,44681.4,39899.7,28665.2,38609.7,29037.4,15628.8,30193.1,27820.7,15900.6,27505.7,2921.3,6256.9,16367.9,17274.6,19240.9,25849,41902.7,23528.5,37589.3,36574.7
252,1.3184,1.3183,1.3182,1.3181,1.318,1.3179,1.3178,1.3177,1.3176,1.3175,1.3185,1.3186,1.3187,1.3188,1.3189,1.319,1.3191,1.3192,1.3193,1.3194,14739.4,23755.1,4330.5,30102,18509.5,22520.7,47405.5,35679.6,13201.7,21067.9,11198.5,9404.5,9039.4,7066.1,15233.2,37698.8,20370,10139.7,28717.6,30450.5
253,1.3181,1.318,1.3179,1.3178,1.3177,1.3176,1.3175,1.3174,1.3173,1.3172,1.3182,1.3183,1.3184,1.3185,1.3186,1.3187,1.3188,1.3189,1.319,1.3191,13369,2399.3,17285,38259.8,9569.1,13665.5,23971.7,40179,15796.3,28008.9,35119.4,48348.7,21874.7,27200.9,29452.5,35214.4,9912.8,20498.9,47480.4,21951.3
254,1.3195,1.3194,1.3193,1.3192,1.3191,1.319,1.3189,1.3188,1.3187,1.3186,1.3196,1.3197,1.3198,1.3199,1.32,1.3201,1.3202,1.3203,1.3204,1.3205,13773.6,20319.2,29020.3,61092.7,49852.8,25198.1,35345.6,57077.2,18365.6,13520.3,25962.1,17674,2655.7,5465.4,15533.2,14162.3,12926.7,38426.9,21041.5,26329.7
255,1.3187,1.3186,1.3185,1.3184,1.3183,1.3182,1.3181,1.318,1.3179,1.3178,1.3188,1.3189,1.319,1.3191,1.3192,1.3193,1.3194,1.3195,1.3196,1.3197,746,6437,4452.9,3659.5,7497.5,6019,15945.3,37811.2,22477.2,15843.8,29388.6,41049.4,35057.7,33028.9,42579.8,56952.7,39768.7,41807.6,36628,37027.2
256,1.3182,1.3181,1.318,1.3179,1.3178,1.3177,1.3176,1.3175,1.3174,1.3173,1.3183,1.3184,1.3185,1.3186,1.3187,1.3188,1.3189,1.319,1.3191,1.3192,3547.5,3557.2,5012.8,2043.2,17454.7,35177.1,11993.6,18380.5,37544.8,18111.5,29511.2,39696,19312.8,13475.2,47039.1,34960.4,34973.2,41017.3,47601.4,38069.2
257,1.3179,1.3178,1.3177,1.3176,1.3175,1.3174,1.3173,1.3172,1.3171,1.317,1.318,1.3181,1.3182,1.3183,1.3184,1.3185,1.3186,1.3187,1.3188,1.3189,10387.3,11708.9,3515.1,8977.6,16283.1,30503.1,16474.3,30180.5,30041,14487.4,45410.8,34494.1,17857.2,40369.1,38572.8,16590.8,14645.3,51562.2,30945.8,36304.4
258,1.3174,1.3173,1.3172,1.3171,1.317,1.3169,1.3168,1.3167,1.3166,1.3165,1.3175,1.3176,1.3177,1.3178,1.3179,1.318,1.3181,1.3182,1.3183,1.3184,14219.1,10135.5,9767.8,10711.1,34112.4,37432.1,53666.6,27645.4,10984.7,31754.6,37567.9,30762,10246,3511.2,10482.9,19765.1,26151.1,5787.3,39227,33252.4
259,1.3173,1.3172,1.3171,1.317,1.3169,1.3168,1.3167,1.3166,1.3165,1.3164,1.3174,1.3175,1.3176,1.3177,1.3178,1.3179,1.318,1.3181,1.3182,1.3183,36306.5,92171.7,24644.7,9457.8,27093.1,55532.6,26722.1,11018.5,31886,25282.2,2971.7,6325.1,23207.5,23357.3,26905,19652.7,14600.6,42108.2,11355.1,40333.9
260,1.3174,1.3173,1.3172,1.3171,1.317,1.3169,1.3168,1.3167,1.3166,1.3165,1.3175,1.3176,1.3177,1.3178,1.3179,1.318,1.3181,1.3182,1.3183,1.3184,20757.3,15062.9,29344.3,23708.3,15786.2,34696.4,58902.3,26742.2,13372.8,31889.7,14733.8,25973.5,13380,25370.9,19340,13953.2,27084.2,11423,36539.2,25987
261,1.3172,1.3171,1.317,1.3169,1.3168,1.3167,1.3166,1.3165,1.3164,1.3163,1.3173,1.3174,1.3175,1.3176,1.3177,1.3178,1.3179,1.318,1.3181,1.3182,16219.3,4364.8,11135.5,37779.1,49696.7,34345,20900.7,31988.9,23119.9,23881.4,17237,16797.4,14159.3,28897.8,27848.7,27367.6,16660.3,9511.5,27072.1,13388.8
262,1.3168,1.3167,1.3166,1.3165,1.3164,1.3163,1.3162,1.3161,1.316,1.3159,1.3169,1.317,1.3171,1.3172,1.3173,1.3174,1.3175,1.3176,1.3177,1.3178,2701.2,14599,6322,10264.6,9155.6,20645.1,26209.7,16026.4,18864.3,30031.3,73388.4,39976.7,39143.5,49280,42784.9,29016.1,19790.2,14672.1,23994.6,26835.2
263,1.3165,1.3164,1.3163,1.3162,1.3161,1.316,1.3159,1.3158,1.3157,1.3156,1.3166,1.3167,1.3168,1.3169,1.317,1.3171,1.3172,1.3173,1.3174,1.3175,16344.4,14817.1,9616.8,5164.4,7049.4,14117.2,29877.2,22749,20067.9,35483,21846.7,32227.8,44654.3,49594.4,39375.7,59808.1,55006.4,38896.4,26637.8,22862
264,1.3148,1.3147,1.3146,1.3145,1.3144,1.3143,1.3142,1.3141,1.314,1.3139,1.3149,1.315,1.3151,1.3152,1.3153,1.3154,1.3155,1.3156,1.3157,1.3158,31.9,11116.4,13681.7,19190.3,22006.1,5131.7,15307.8,36053.1,5727.9,17942.7,16430.5,26540.7,13730.8,22585.3,36349.8,20263.2,61522.3,60118.5,39065.2,50379.1
265,1.3137,1.3136,1.3135,1.3134,1.3133,1.3132,1.3131,1.313,1.3129,1.3128,1.3138,1.3139,1.314,1.3141,1.3142,1.3143,1.3144,1.3145,1.3146,1.3147,16883.1,13523.6,18221,14362.2,26366.5,41156.5,21069.6,15489.6,29499.5,24351.2,8977.5,20109.9,29291.7,5626.2,16434.4,25522.8,9604.9,7267.9,24327,17461.7
266,1.3139,1.3138,1.3137,1.3136,1.3135,1.3134,1.3133,1.3132,1.3131,1.313,1.314,1.3141,1.3142,1.3143,1.3144,1.3145,1.3146,1.3147,1.3148,1.3149,3831.2,18211.2,16337.7,29686.9,39840.4,33193.3,22734.4,38596.7,39294.1,14611.6,64659,13110.7,5655.2,5426.8,10308.8,11454.6,26507.1,19748.2,15927.2,27779.5
267,1.3141,1.314,1.3139,1.3138,1.3137,1.3136,1.3135,1.3134,1.3133,1.3132,1.3142,1.3143,1.3144,1.3145,1.3146,1.3147,1.3148,1.3149,1.315,1.3151,36332.7,31043.8,24224.6,22432.8,15930.8,20574.8,45208.2,42329,25317.8,10783.6,8049.4,2944,280.6,5756,4510.3,6456.7,16373.9,22597.8,10474.2,15760.1
268,1.3138,1.3137,1.3136,1.3135,1.3134,1.3133,1.3132,1.3131,1.313,1.3129,1.3139,1.314,1.3141,1.3142,1.3143,1.3144,1.3145,1.3146,1.3147,1.3148,58416.7,8198.5,5497.7,21456.8,36541,8175.1,21021.8,25451.1,6501.5,13946.2,3041.3,6134.1,18549.9,25571.7,9612.4,5848.3,18473.1,29220,13752.5,10006.5
269,1.314,1.3139,1.3138,1.3137,1.3136,1.3135,1.3134,1.3133,1.3132,1.3131,1.3141,1.3142,1.3143,1.3144,1.3145,1.3146,1.3147,1.3148,1.3149,1.315,60847.5,4539.4,18167.2,41924.6,12605,27322.4,25554.6,9038.4,12636.8,38245.1,3478.5,3791,27106.1,20295.4,10192.5,14576.8,23585.3,7286.8,17472.7,30163.3
270,1.3152,1.3151,1.315,1.3149,1.3148,1.3147,1.3146,1.3145,1.3144,1.3143,1.3153,1.3154,1.3155,1.3156,1.3157,1.3158,1.3159,1.316,1.3161,1.3162,14749.2,22578.5,41615.7,20259.3,22767.9,46076.8,22203.2,28829,29744.5,11616.4,7966.4,5575,1524.2,1522.5,5167.7,11437,11449.9,32077.4,15367.3,24144.2
271,1.3162,1.3161,1.316,1.3159,1.3158,1.3157,1.3156,1.3155,1.3154,1.3153,1.3163,1.3164,1.3165,1.3166,1.3167,1.3168,1.3169,1.317,1.3171,1.3172,3585.1,4668.3,12133,34629.4,18760.7,20949.8,47262.5,9948.9,14906.6,32808.7,24265.7,17153.6,4038,4077.6,8407.1,18394.4,26307.1,9284.3,16267,12629
272,1.3159,1.3158,1.3157,1.3156,1.3155,1.3154,1.3153,1.3152,1.3151,1.315,1.316,1.3161,1.3162,1.3163,1.3164,1.3165,1.3166,1.3167,1.3168,1.3169,13775.8,13158.4,16512.2,22319.6,11742.2,17623.4,35668.6,20381.4,24514.5,29491.2,5708.4,9527.2,16651.2,23679.1,22953.4,23895.1,28336.6,2199.2,13933.8,26265.4
273,1.3155,1.3154,1.3153,1.3152,1.3151,1.315,1.3149,1.3148,1.3147,1.3146,1.3156,1.3157,1.3158,1.3159,1.316,1.3161,1.3162,1.3163,1.3164,1.3165,3580.3,5740.6,1568.4,7121.6,10584.5,32937.1,16123.7,19898.2,23549,5465.8,45401.5,64965.1,42645.4,21658.9,24931.4,20892.2,19339,37480.3,16230.4,20095.8
274,1.3157,1.3156,1.3155,1.3154,1.3153,1.3152,1.3151,1.315,1.3149,1.3148,1.3158,1.3159,1.316,1.3161,1.3162,1.3163,1.3164,1.3165,1.3166,1.3167,43243.4,13444,14424.1,16651.1,21335.8,4006.9,14794,26674.1,23260.3,25104.7,13412.7,8844.2,21795.8,24834.5,35710.5,22524,15503.7,15133.8,35752.8,9794.6
275,1.3163,1.3162,1.3161,1.316,1.3159,1.3158,1.3157,1.3156,1.3155,1.3154,1.3164,1.3165,1.3166,1.3167,1.3168,1.3169,1.317,1.3171,1.3172,1.3173,25024.4,3773.9,9536.4,14381.3,33660.9,18015.8,21449.5,33310.4,23639.1,25593.2,24844.9,16107.2,3508,11901.7,25109.9,8976.7,19832.3,20617.8,8709.1,25442.1
276,1.316,1.3159,1.3158,1.3157,1.3156,1.3155,1.3154,1.3153,1.3152,1.3151,1.3161,1.3162,1.3163,1.3164,1.3165,1.3166,1.3167,1.3168,1.3169,1.317,26470.8,15172.7,1510.1,11969.8,25064.3,21586.8,30576.5,33693.7,13127.9,17144.5,3781.4,15655.7,24994.2,30090.3,35174.5,7777.7,9351.8,29080.9,13924.1,28784.4
277,1.3152,1.3151,1.315,1.3149,1.3148,1.3147,1.3146,1.3145,1.3144,1.3143,1.3153,1.3154,1.3155,1.3156,1.3157,1.3158,1.3159,1.316,1.3161,1.3162,3053.5,6533.2,4734.9,3670.6,10158.6,21000.6,12754.3,29396.2,41564.1,21619.5,26622,25459,24912.1,40975.3,39436.1,48921.4,47581.5,29637,38419.2,37182.8
278,1.314,1.3139,1.3138,1.3137,1.3136,1.3135,1.3134,1.3133,1.3132,1.3131,1.3141,1.3142,1.3143,1.3144,1.3145,1.3146,1.3147,1.3148,1.3149,1.315,28151.5,1667,1893.2,7049.7,11431.5,15787.2,24065.8,13324.9,19787.4,31513.6,10934.8,50428,48053.9,31512.6,41635.7,57828.8,33794.4,39718.1,31623.6,23383.4
279,1.3143,1.3142,1.3141,1.314,1.3139,1.3138,1.3137,1.3136,1.3135,1.3134,1.3144,1.3145,1.3146,1.3147,1.3148,1.3149,1.315,1.3151,1.3152,1.3153,11286.8,12795.7,14614.2,20778.7,1863.8,7019.5,25640.8,20225.6,26936.5,31770.4,28732.8,25812.7,45763.8,58831.1,39286.8,38179.7,24659.7,11095.1,25361.2,18449.1
280,1.3148,1.3147,1.3146,1.3145,1.3144,1.3143,1.3142,1.3141,1.314,1.3139,1.3149,1.315,1.3151,1.3152,1.3153,1.3154,1.3155,1.3156,1.3157,1.3158,7920.3,8150.8,8725,10423.1,22446.4,45266.7,7637.6,23779.4,53433.7,7205.5,27127.2,22664,19184.1,12556.9,34260.2,12552.4,18338.9,29167.8,5526.3,21035.4
281,1.3152,1.3151,1.315,1.3149,1.3148,1.3147,1.3146,1.3145,1.3144,1.3143,1.3153,1.3154,1.3155,1.3156,1.3157,1.3158,1.3159,1.316,1.3161,1.3162,19628.1,18986.1,39483.8,38919.7,36169,12430.5,14491.5,23540.7,44198,28881.2,6260.2,1139.9,5193.4,4714.1,8435.5,21284.7,26403.3,19082.9,17139.5,30649.2
282,1.3152,1.3151,1.315,1.3149,1.3148,1.3147,1.3146,1.3145,1.3144,1.3143,1.3153,1.3154,1.3155,1.3156,1.3157,1.3158,1.3159,1.316,1.3161,1.3162,8560.9,4352.5,17904.9,40487.4,34849.8,16200.4,22047.2,31106.9,38950.7,30869,12053.4,2407.9,6376.7,2258.9,8625.7,22890.5,26168.7,16267.4,10433.3,33008.6
283,1.3146,1.3145,1.3144,1.3143,1.3142,1.3141,1.314,1.3139,1.3138,1.3137,1.3147,1.3148,1.3149,1.315,1.3151,1.3152,1.3153,1.3154,1.3155,1.3156,19923,19366.8,15312.9,19118.1,8079.6,23507,28214.7,14527.6,14212.3,24013.3,454.2,7716.9,16727.8,27244.6,38590.8,27857.7,34966.8,6871.5,7929,22223.1
284,1.3147,1.3146,1.3145,1.3144,1.3143,1.3142,1.3141,1.314,1.3139,1.3138,1.3148,1.3149,1.315,1.3151,1.3152,1.3153,1.3154,1.3155,1.3156,1.3157,3868.1,42.7,19568.2,25041.8,52630.3,7417.9,19557.8,32763.2,4673.7,15002.4,32497.1,52220.6,53453.2,28027.2,24888.9,32995.2,8298.5,7920.7,19292,6328.7
285,1.3147,1.3146,1.3145,1.3144,1.3143,1.3142,1.3141,1.314,1.3139,1.3138,1.3148,1.3149,1.315,1.3151,1.3152,1.3153,1.3154,1.3155,1.3156,1.3157,20927.2,6676.4,19212.9,23075.8,46913,7410.2,21419.8,30561,12204.6,15002.4,15352,52595.2,47258.1,27741.2,25671.6,29333,8312.8,9934.1,22261.1,13860
286,1.3151,1.315,1.3149,1.3148,1.3147,1.3146,1.3145,1.3144,1.3143,1.3142,1.3152,1.3153,1.3154,1.3155,1.3156,1.3157,1.3158,1.3159,1.316,1.3161,12217.8,65026.7,42932.9,6152.7,7951.8,27569.5,38606,28476.9,44221.7,9270.5,11258.4,6240.4,3206.2,10577.1,25276.1,9835.1,19610,34486.3,20353.2,21601.7
287,1.3147,1.3146,1.3145,1.3144,1.3143,1.3142,1.3141,1.314,1.3139,1.3138,1.3148,1.3149,1.315,1.3151,1.3152,1.3153,1.3154,1.3155,1.3156,1.3157,2828.6,1471.7,15723,4741.1,14579.1,7607.6,19089.1,27744.5,4727.1,18820.4,17990.8,56821.2,41840.5,16601.8,28191.5,38968.1,10047.2,7164,22670.6,12162.7
288,1.314,1.3139,1.3138,1.3137,1.3136,1.3135,1.3134,1.3133,1.3132,1.3131,1.3141,1.3142,1.3143,1.3144,1.3145,1.3146,1.3147,1.3148,1.3149,1.315,2225.8,48.5,2263.2,5201,5189.6,25089.2,27655.9,10343.6,15271.3,39051.2,22328.8,35760.4,31012.4,20551.5,38280.1,43275.7,8597.3,22143.9,61317.8,42083.1
289,1.3139,1.3138,1.3137,1.3136,1.3135,1.3134,1.3133,1.3132,1.3131,1.313,1.314,1.3141,1.3142,1.3143,1.3144,1.3145,1.3146,1.3147,1.3148,1.3149,3240.7,4976.4,3554,9184.5,19237.7,24522,9078.7,17874,35195.9,12616.4,22512.5,36257.6,19886.5,11119.8,15162.4,20045,27531.3,11973,17447.8,29412.1
290,1.3166,1.3165,1.3164,1.3163,1.3162,1.3161,1.316,1.3159,1.3158,1.3157,1.3167,1.3168,1.3169,1.317,1.3171,1.3172,1.3173,1.3174,1.3175,1.3176,53292,18877.5,15169.3,20185.4,32034,6560,8792.8,35801.8,20459.7,58479.2,3338.3,126.8,3182.3,12811.9,21579.6,4302.7,8105.3,24182.5,22883.4,24122.4
291,1.3155,1.3154,1.3153,1.3152,1.3151,1.315,1.3149,1.3148,1.3147,1.3146,1.3156,1.3157,1.3158,1.3159,1.316,1.3161,1.3162,1.3163,1.3164,1.3165,12520.6,1929.5,5290.4,7755.7,11435.6,40619.1,23613.8,19665.9,35325.4,6104.3,16613.5,12198.7,22928.6,37145.5,23425.8,14770,41645.3,28721.7,22201,20234.8
292,1.3159,1.3158,1.3157,1.3156,1.3155,1.3154,1.3153,1.3152,1.3151,1.315,1.316,1.3161,1.3162,1.3163,1.3164,1.3165,1.3166,1.3167,1.3168,1.3169,27929,15626.9,18463.6,18691,24699.3,7449.2,13932.1,25403,17063,28558.1,6867.7,1126.4,3806.9,9657.9,28316.8,23210.9,2177.3,4088.5,25131.4,36872.7
293,1.3152,1.3151,1.315,1.3149,1.3148,1.3147,1.3146,1.3145,1.3144,1.3143,1.3153,1.3154,1.3155,1.3156,1.3157,1.3158,1.3159,1.316,1.3161,1.3162,3574.2,650.8,1475.5,2803.6,12776.6,35409.1,3964.7,17165.2,29373.3,6694.2,8684.6,4405.9,22765.4,21555.8,32437.9,8803.6,21574.2,34535.9,13562.8,5384.6
294,1.3162,1.3161,1.316,1.3159,1.3158,1.3157,1.3156,1.3155,1.3154,1.3153,1.3163,1.3164,1.3165,1.3166,1.3167,1.3168,1.3169,1.317,1.3171,1.3172,15349.1,18331.1,34639.9,9249.2,7157.6,7281.3,26716.3,16071.2,17620.7,24540.2,2959.9,1610.3,9225.3,25084.8,13847.4,11541,37242.2,12152.8,16956.3,30950.5
295,1.3159,1.3158,1.3157,1.3156,1.3155,1.3154,1.3153,1.3152,1.3151,1.315,1.316,1.3161,1.3162,1.3163,1.3164,1.3165,1.3166,1.3167,1.3168,1.3169,10842,8533.2,15538.3,30916.6,24010.5,16059.4,31136.2,13963.1,37834.1,29493.2,7029.4,4720.9,18237.2,25553.5,22183.4,25877.1,24564,5992.6,13866,43190
296,1.3147,1.3146,1.3145,1.3144,1.3143,1.3142,1.3141,1.314,1.3139,1.3138,1.3148,1.3149,1.315,1.3151,1.3152,1.3153,1.3154,1.3155,1.3156,1.3157,8781.1,3408.6,8743.7,23532.1,9452.1,18940.4,35749.7,25765.6,12881.3,12534.1,1451.8,12596.7,23564,16274.9,18807.5,23150.1,8650.6,19574,36174.7,21985.5
297,1.314,1.3139,1.3138,1.3137,1.3136,1.3135,1.3134,1.3133,1.3132,1.3131,1.3141,1.3142,1.3143,1.3144,1.3145,1.3146,1.3147,1.3148,1.3149,1.315,897.4,5286.1,8635.5,24652,14001.8,22525.1,26992.3,7299.2,26935.2,61044.8,11645.4,4174.1,3929.8,6470.6,16068.7,15774.1,33480.4,21253.5,12852,8627.7
298,1.3144,1.3143,1.3142,1.3141,1.314,1.3139,1.3138,1.3137,1.3136,1.3135,1.3145,1.3146,1.3147,1.3148,1.3149,1.315,1.3151,1.3152,1.3153,1.3154,13860.1,18925.7,7972.4,3582.6,6021.5,9173.1,13107.3,29559.6,28354.1,19080.5,784.8,7077.5,23943.9,12208.7,15282.6,8064.5,21358.7,31882.1,31536.2,8582.5
299,1.3146,1.3145,1.3144,1.3143,1.3142,1.3141,1.314,1.3139,1.3138,1.3137,1.3147,1.3148,1.3149,1.315,1.3151,1.3152,1.3153,1.3154,1.3155,1.3156,4460,4417.5,4820.8,7258,12089.7,30253.8,27501.5,18119.8,10240.7,29517,969.4,3762.8,3118.7,6955.9,11828.8,29444.8,16139.1,10374.8,27205.1,32435.9
300,1.3146,1.3145,1.3144,1.3143,1.3142,1.3141,1.314,1.3139,1.3138,1.3137,1.3147,1.3148,1.3149,1.315,1.3151,1.3152,1.3153,1.3154,1.3155,1.3156,12471.4,5249.2,12378.4,27033.5,16819.4,24994.2,27227.3,16072.5,16820.2,26949.1,789.2,289.3,1064.8,5308.7,14604.4,27501.2,15602.1,5887.2,19749.3,38152.6
301,1.3146,1.3145,1.3144,1.3143,1.3142,1.3141,1.314,1.3139,1.3138,1.3137,1.3147,1.3148,1.3149,1.315,1.3151,1.3152,1.3153,1.3154,1.3155,1.3156,1625.5,2016.4,9128.6,23892.8,6973.5,22722.5,43500.7,9335.7,17823.4,34006.2,9933.4,2516.6,4451.4,5182.5,14852.7,32193.4,20020.2,10544.9,18713.7,36341.8
302,1.3146,1.3145,1.3144,1.3143,1.3142,1.3141,1.314,1.3139,1.3138,1.3137,1.3147,1.3148,1.3149,1.315,1.3151,1.3152,1.3153,1.3154,1.3155,1.3156,3012.3,2618.9,8897.4,25949.9,9283.5,24127.3,42500.5,8339.9,16823.4,34006.2,516.1,4141.8,10548.7,6080,11049.6,30674.9,20216.4,20361.8,18813.7,29601.7
303,1.3139,1.3138,1.3137,1.3136,1.3135,1.3134,1.3133,1.3132,1.3131,1.313,1.314,1.3141,1.3142,1.3143,1.3144,1.3145,1.3146,1.3147,1.3148,1.3149,252.5,2988.1,3239.1,5640.7,22304.8,28097.4,25701.4,26759.9,38200.4,16047.2,10038,5431.6,13185.4,23755.9,19157.1,8257.2,9755,36558.7,15643.6,9923.8
304,1.3146,1.3145,1.3144,1.3143,1.3142,1.3141,1.314,1.3139,1.3138,1.3137,1.3147,1.3148,1.3149,1.315,1.3151,1.3152,1.3153,1.3154,1.3155,1.3156,5954.9,2640.9,9257.5,13508.2,12843.2,34050.5,18684.8,16401.6,17779,29332.7,1166.5,3220.8,9363.8,26450,17639.6,22335.6,33014.2,6289.4,21036.9,40219.4
305,1.3147,1.3146,1.3145,1.3144,1.3143,1.3142,1.3141,1.314,1.3139,1.3138,1.3148,1.3149,1.315,1.3151,1.3152,1.3153,1.3154,1.3155,1.3156,1.3157,18104,1907.6,7117.2,23831.3,14913.2,19917.7,47541.3,16012.5,13820.4,16425.6,800.3,33.7,2846.1,6032.6,20025.3,31333.9,6362.6,14441.6,32840.5,31557.9
306,1.3152,1.3151,1.315,1.3149,1.3148,1.3147,1.3146,1.3145,1.3144,1.3143,1.3153,1.3154,1.3155,1.3156,1.3157,1.3158,1.3159,1.316,1.3161,1.3162,10684.3,19101.9,24512.6,8281.9,20946,38511.8,6945.8,12298.3,21933.6,31095.6,3558,80,2885.4,12241.9,30138.6,14515,21448.5,33469.1,24160.5,25201
307,1.3154,1.3153,1.3152,1.3151,1.315,1.3149,1.3148,1.3147,1.3146,1.3145,1.3155,1.3156,1.3157,1.3158,1.3159,1.316,1.3161,1.3162,1.3163,1.3164,4579.6,2815,8033.1,15051.7,25599.9,12473.5,27958,43730.3,9355.1,13298.3,2573.1,19039.9,8971.8,12325.7,24933.4,31185.4,20495.7,24318.2,30354.6,31444
308,1.3153,1.3152,1.3151,1.315,1.3149,1.3148,1.3147,1.3146,1.3145,1.3144,1.3154,1.3155,1.3156,1.3157,1.3158,1.3159,1.316,1.3161,1.3162,1.3163,3319.4,3224.9,4019.5,6418.2,14425.1,13525.1,34168.2,8546.1,14184.3,27284.5,10753.3,22212.1,37133.3,14527.7,23419.3,11218.8,29209.2,22112.7,24519.4,25529.4
309,1.3148,1.3147,1.3146,1.3145,1.3144,1.3143,1.3142,1.3141,1.314,1.3139,1.3149,1.315,1.3151,1.3152,1.3153,1.3154,1.3155,1.3156,1.3157,1.3158,5681.6,15373.3,22420.3,12367.2,18286.6,28463.2,9598.7,27224.6,42905.3,18102.3,10769.6,14667.9,12381.7,16000.5,32087.3,14596.8,16153.4,32357.5,28127.4,16812.4
310,1.3151,1.315,1.3149,1.3148,1.3147,1.3146,1.3145,1.3144,1.3143,1.3142,1.3152,1.3153,1.3154,1.3155,1.3156,1.3157,1.3158,1.3159,1.316,1.3161,635.4,7418.4,1245.7,16714.7,21145.7,29079.8,15771,27434.6,39118.2,19197.7,8823.6,13094.6,6607.6,6843.2,21478.3,35654.9,17825.1,10761.6,30883.2,29170.7
311,1.3156,1.3155,1.3154,1.3153,1.3152,1.3151,1.315,1.3149,1.3148,1.3147,1.3157,1.3158,1.3159,1.316,1.3161,1.3162,1.3163,1.3164,1.3165,1.3166,390.9,1846.8,841.1,10150,35769.7,18855.1,18907.1,36348.5,26106.1,25592.8,12208.1,11681.8,10313.8,30302.6,14622.9,12301.7,33659.7,19410.8,25417,32964.1
312,1.3154,1.3153,1.3152,1.3151,1.315,1.3149,1.3148,1.3147,1.3146,1.3145,1.3155,1.3156,1.3157,1.3158,1.3159,1.316,1.3161,1.3162,1.3163,1.3164,21741,10739.9,12017.5,13794.1,17588.6,39442.5,33043,18069.2,33647,14422.1,2259.3,3168.9,9878.1,13549.8,11590.5,30689.4,15891.4,19809.8,33741.9,23398.7
313,1.3157,1.3156,1.3155,1.3154,1.3153,1.3152,1.3151,1.315,1.3149,1.3148,1.3158,1.3159,1.316,1.3161,1.3162,1.3163,1.3164,1.3165,1.3166,1.3167,1522.8,10315.7,17698.4,6963.9,11663.6,34886.8,15384,20019.9,37234.7,23795.9,19778.1,2607.5,4955.3,13038.3,17047.1,32684.7,14570.8,28435.6,35911.1,22841.9
314,1.3154,1.3153,1.3152,1.3151,1.315,1.3149,1.3148,1.3147,1.3146,1.3145,1.3155,1.3156,1.3157,1.3158,1.3159,1.316,1.3161,1.3162,1.3163,1.3164,41077.4,7606.7,7837.6,10332.9,19809.3,42019.1,22438.7,26680.3,28534.6,16923.9,5846.4,5780.8,7553,28182.4,34177.7,29332.9,16281.1,20474.2,36152.5,28201.1
315,1.3156,1.3155,1.3154,1.3153,1.3152,1.3151,1.315,1.3149,1.3148,1.3147,1.3157,1.3158,1.3159,1.316,1.3161,1.3162,1.3163,1.3164,1.3165,1.3166,27017.3,14252,16185.2,33195.2,18036.9,11778.5,25974,16260.6,17096.2,28935.5,31.8,33.5,13096.8,28221.9,18046.2,13161.1,27588.8,9356.1,21695.2,33176
316,1.3156,1.3155,1.3154,1.3153,1.3152,1.3151,1.315,1.3149,1.3148,1.3147,1.3157,1.3158,1.3159,1.316,1.3161,1.3162,1.3163,1.3164,1.3165,1.3166,37877.4,35438.9,7160,7121.2,10987.3,17227.4,32158,10421.5,21737.7,17198.6,3487.7,2756.7,3310.7,15470.4,37047.1,22163.2,11446.2,30262.4,23158.3,35807.8
317,1.3172,1.3171,1.317,1.3169,1.3168,1.3167,1.3166,1.3165,1.3164,1.3163,1.3173,1.3174,1.3175,1.3176,1.3177,1.3178,1.3179,1.318,1.3181,1.3182,19203.8,11516.2,18017,8194.6,25671.7,17372.4,18019.8,28084.8,29783.7,29035,9378.4,13826.2,9157,46073,76566.4,48446.1,50710.2,50094.4,20784,13411.9
318,1.3179,1.3178,1.3177,1.3176,1.3175,1.3174,1.3173,1.3172,1.3171,1.317,1.318,1.3181,1.3182,1.3183,1.3184,1.3185,1.3186,1.3187,1.3188,1.3189,3125.3,3282.9,4239.5,10183.5,12435.2,29919.8,15261.4,28874.9,33294.9,10472.1,37035.8,41562,43463.1,45007.8,34231.5,36007.4,37440,32346.5,30346.3,31060
319,1.318,1.3179,1.3178,1.3177,1.3176,1.3175,1.3174,1.3173,1.3172,1.3171,1.3181,1.3182,1.3183,1.3184,1.3185,1.3186,1.3187,1.3188,1.3189,1.319,29173.4,21741.7,16311.7,21585.8,17472.5,12814,28999.4,19736.3,24286.4,20408.2,9712.8,15409.4,37172.3,32760,41809.4,33299.8,15251.3,28301.7,38470.2,14107.8
320,1.3165,1.3164,1.3163,1.3162,1.3161,1.316,1.3159,1.3158,1.3157,1.3156,1.3166,1.3167,1.3168,1.3169,1.317,1.3171,1.3172,1.3173,1.3174,1.3175,44173.5,17029.8,17374.2,33118.5,12437.4,9014.9,16799.5,28743.3,13570.8,17477.8,12763.5,11612.3,18799.5,39836.3,31563.6,46948.2,35751.6,6060.9,11274.9,32297.9
321,1.3163,1.3162,1.3161,1.316,1.3159,1.3158,1.3157,1.3156,1.3155,1.3154,1.3164,1.3165,1.3166,1.3167,1.3168,1.3169,1.317,1.3171,1.3172,1.3173,12613.7,13314.8,49749.4,53602.7,61752.9,24926.9,29360,30367.8,6150.3,17874.4,13680.1,33766.8,23930.1,9694.7,19033.7,36336.7,19694.5,21242.8,25442.5,9174.6
322,1.3165,1.3164,1.3163,1.3162,1.3161,1.316,1.3159,1.3158,1.3157,1.3156,1.3166,1.3167,1.3168,1.3169,1.317,1.3171,1.3172,1.3173,1.3174,1.3175,11191.5,16632.1,32255.3,59093,23026.7,35694,43472.9,36247.2,12817.2,23974,27167.5,25598.2,9301.4,3815.1,18174.1,43759,29121.6,13531.1,12382.4,35717.5
323,1.3167,1.3166,1.3165,1.3164,1.3163,1.3162,1.3161,1.316,1.3159,1.3158,1.3168,1.3169,1.317,1.3171,1.3172,1.3173,1.3174,1.3175,1.3176,1.3177,13298.5,12593.8,18085.9,18849.6,37963.9,29092.8,29772.4,52218.8,23916.5,28665,28770,20669.6,11154.4,8841.6,24528.6,33498.6,6944,24783.1,46063.3,20674.2
324,1.3169,1.3168,1.3167,1.3166,1.3165,1.3164,1.3163,1.3162,1.3161,1.316,1.317,1.3171,1.3172,1.3173,1.3174,1.3175,1.3176,1.3177,1.3178,1.3179,14810,17825.9,36572,34810.3,62885.5,28941.5,36993.2,34972.2,47756.7,10751.6,5867.4,20497.4,15348.1,3893.2,15991.8,12706.2,21207.3,31644.7,9649.6,32898.8
325,1.3173,1.3172,1.3171,1.317,1.3169,1.3168,1.3167,1.3166,1.3165,1.3164,1.3174,1.3175,1.3176,1.3177,1.3178,1.3179,1.318,1.3181,1.3182,1.3183,43396.3,26891.7,34982.3,33097.9,24146.7,28056.8,24852.3,35486.5,15987.2,25629.8,6575.6,7406.4,15896.3,23744.8,8795.8,16784.3,41585,8143.7,18788.3,47159.9
326,1.3165,1.3164,1.3163,1.3162,1.3161,1.316,1.3159,1.3158,1.3157,1.3156,1.3166,1.3167,1.3168,1.3169,1.317,1.3171,1.3172,1.3173,1.3174,1.3175,20392,4810.3,16775.3,30181.8,15428.5,9235,15911.3,38927.8,14241.6,41243.7,27756,27227.6,11222.8,19504.5,29405.7,48417.3,29753.7,33591.5,46867.9,41889.2
327,1.3157,1.3156,1.3155,1.3154,1.3153,1.3152,1.3151,1.315,1.3149,1.3148,1.3158,1.3159,1.316,1.3161,1.3162,1.3163,1.3164,1.3165,1.3166,1.3167,1812.1,7690.8,9330.5,3385.3,10774.1,29525.8,16433.7,25838.6,12847.9,39714.3,38354.3,44534.2,32033.1,37781,35217.4,28656.4,49567.9,35324.7,36143.8,50078.4
328,1.3154,1.3153,1.3152,1.3151,1.315,1.3149,1.3148,1.3147,1.3146,1.3145,1.3155,1.3156,1.3157,1.3158,1.3159,1.316,1.3161,1.3162,1.3163,1.3164,24794.5,24941.3,32215.7,28310,36603.3,18575.2,14654.5,34846.5,10839.2,33276.1,5303,14187.6,37751.6,50228.1,35293.3,42745.2,33260.1,28078,32468,29485.2
329,1.3157,1.3156,1.3155,1.3154,1.3153,1.3152,1.3151,1.315,1.3149,1.3148,1.3158,1.3159,1.316,1.3161,1.3162,1.3163,1.3164,1.3165,1.3166,1.3167,14372.3,20648,21804.4,34637.7,59526.7,26583,24514.3,32479.9,31982.8,19946,10312.9,17964.9,14244.7,41015.3,26074,19834.8,27028.9,9829.6,31145.6,31026.3
330,1.3169,1.3168,1.3167,1.3166,1.3165,1.3164,1.3163,1.3162,1.3161,1.316,1.317,1.3171,1.3172,1.3173,1.3174,1.3175,1.3176,1.3177,1.3178,1.3179,13395.2,5771.9,3239.8,49498.5,73663.3,57777,39866.9,44180.7,59015,11581.3,30000.7,34398.8,18113,37029.6,13775.2,20807.1,19941.7,26972.3,13905.9,52864.4
331,1.3164,1.3163,1.3162,1.3161,1.316,1.3159,1.3158,1.3157,1.3156,1.3155,1.3165,1.3166,1.3167,1.3168,1.3169,1.317,1.3171,1.3172,1.3173,1.3174,45926.2,33094.2,46884.5,45283,15533.5,23934.2,37945.3,21832.6,19364.1,24154.9,3199.8,2290.9,30609.5,10843.4,29862.8,53714.9,31059.4,17284.8,37126,15729.7
332,1.3171,1.317,1.3169,1.3168,1.3167,1.3166,1.3165,1.3164,1.3163,1.3162,1.3172,1.3173,1.3174,1.3175,1.3176,1.3177,1.3178,1.3179,1.318,1.3181,6459.4,8730.3,13716.6,23040.1,55135.5,50209.5,26261.8,26367,56612.8,31450.9,30629,26687.6,33268.6,17433.6,24442.8,28970,11598.6,27129.9,37967.4,12113.2
333,1.3166,1.3165,1.3164,1.3163,1.3162,1.3161,1.316,1.3159,1.3158,1.3157,1.3167,1.3168,1.3169,1.317,1.3171,1.3172,1.3173,1.3174,1.3175,1.3176,17775.4,24757.1,2486,5729.4,18100.8,7331.3,17290.3,40176.5,20990.1,12096.1,12957.2,27175.4,22488.5,25647.5,27897.6,32037.4,37863.9,29509.4,36838.5,30828.7
334,1.3168,1.3167,1.3166,1.3165,1.3164,1.3163,1.3162,1.3161,1.316,1.3159,1.3169,1.317,1.3171,1.3172,1.3173,1.3174,1.3175,1.3176,1.3177,1.3178,15402.7,20367.2,17313.8,27320.7,48910.1,30417.3,17460,13423.3,38984.4,31016.2,15375.5,18381.6,13297.7,16164.7,15180.7,43044.9,11145.7,13860.7,27720.5,15551.3
335,1.3164,1.3163,1.3162,1.3161,1.316,1.3159,1.3158,1.3157,1.3156,1.3155,1.3165,1.3166,1.3167,1.3168,1.3169,1.317,1.3171,1.3172,1.3173,1.3174,14836.9,12533,26262.1,12139.4,17214,39068,19759.9,15144.7,32307.6,22458.3,6301.6,9409.4,16547.5,18677,27981.5,30297.4,16173,26406.1,42546.4,33270
336,1.3162,1.3161,1.316,1.3159,1.3158,1.3157,1.3156,1.3155,1.3154,1.3153,1.3163,1.3164,1.3165,1.3166,1.3167,1.3168,1.3169,1.317,1.3171,1.3172,8296.7,183,11154.7,5244.2,13697.3,21415.7,32886.1,22950.5,32927.3,38754.5,15667.1,24083.5,37964.2,40076.1,29750.8,44194.5,32639,34891.8,37586.4,26493.6
337,1.3158,1.3157,1.3156,1.3155,1.3154,1.3153,1.3152,1.3151,1.315,1.3149,1.3159,1.316,1.3161,1.3162,1.3163,1.3164,1.3165,1.3166,1.3167,1.3168,14193.7,11471.6,31352.2,14670.5,17169.4,40251,12627.2,16790.5,28428.8,24509.3,5712.8,14293.5,22633.8,27864.9,34318,31853.7,25326.2,44516.4,27379.7,44596
