timestamp,bid_price_0,bid_price_1,bid_price_2,bid_price_3,bid_price_4,bid_price_5,bid_price_6,bid_price_7,bid_price_8,bid_price_9,ask_price_0,ask_price_1,ask_price_2,ask_price_3,ask_price_4,ask_price_5,ask_price_6,ask_price_7,ask_price_8,ask_price_9,bid_size_0,bid_size_1,bid_size_2,bid_size_3,bid_size_4,bid_size_5,bid_size_6,bid_size_7,bid_size_8,bid_size_9,ask_size_0,ask_size_1,ask_size_2,ask_size_3,ask_size_4,ask_size_5,ask_size_6,ask_size_7,ask_size_8,ask_size_9
0,0.001309,0.001308,0.001307,0.001306,0.001305,0.001304,0.001303,0.001302,0.001301,0.0013,0.001311,0.001312,0.001313,0.001314,0.001315,0.001316,0.001317,0.001318,0.001319,0.001321,349879.6,1143514.6,799011,3600260.8,453734.2,91164.9,491059.7,24219.3,2783238.8,5889094.4,252532.6,815864.6,381854,1117707.2,1222453.8,187525.8,268444.1,1103621.5,85500,737503.2
1,0.001309,0.001308,0.001307,0.001306,0.001305,0.001304,0.001303,0.001302,0.001301,0.0013,0.001311,0.001312,0.001313,0.001314,0.001315,0.001316,0.001317,0.001318,0.001319,0.001321,384743.6,483770.7,1882632.4,3046028.1,2815158,85500,372725.8,24219.3,2783238.8,6017223.3,252532.6,1229437.5,197592,1261063.1,844966.8,302248.5,216145.6,1103621.5,403923.1,1113536.9
2,0.001308,0.001307,0.001306,0.001305,0.001304,0.001303,0.001302,0.001301,0.0013,0.001299,0.00131,0.001311,0.001312,0.001313,0.001314,0.001315,0.001316,0.001317,0.001318,0.001319,252532.6,504269.1,1472687,1246256.5,4431835.3,574794,25489.1,2784310.8,5912046.8,354320.8,252532.6,1203500.5,486083.3,884231.9,400067.6,813699,302248.5,223577.3,1211881.5,381296.5
3,0.001311,0.00131,0.001309,0.001308,0.001307,0.001306,0.001305,0.001304,0.001303,0.001302,0.001312,0.001313,0.001314,0.001315,0.001316,0.001317,0.001318,0.001319,0.001321,0.001322,85500,252532.6,1327472,538123.4,568690,3386838.9,95207.2,224777.2,1002640.8,25489.1,252532.6,861855.6,440228.1,1590054.6,390133.2,315067.9,470948.5,404226,548258,1170359.3
4,0.001311,0.00131,0.001309,0.001308,0.001307,0.001306,0.001305,0.001304,0.001303,0.001302,0.001312,0.001313,0.001314,0.001315,0.001316,0.001317,0.001318,0.001319,0.001321,0.001322,85500,215659.5,1606668.6,918919,2526276.9,1010187.1,192916.9,185575.5,989051.7,39050.3,85500,252532.6,1049477.4,253891.3,1025151.3,200345.2,905924.3,404226,862803,1202180.1
5,0.001306,0.001305,0.001304,0.001303,0.001302,0.001301,0.0013,0.001299,0.001298,0.001297,0.001307,0.001308,0.001309,0.00131,0.001311,0.001312,0.001313,0.001314,0.001315,0.001316,252532.6,89460,1260936,1200054.7,3047492.2,1598521.5,5889094.4,1359995.2,654046.4,459459.2,85500,252532.6,1272594,419952.6,1218026.4,825108.4,317109.7,232171.3,1008137.6,187525.8
6,0.001306,0.001305,0.001304,0.001303,0.001302,0.001301,0.0013,0.001299,0.001298,0.001297,0.001307,0.001308,0.001309,0.00131,0.001311,0.001312,0.001313,0.001314,0.001315,0.001316,311896.1,830338.3,928686.8,3440422.8,194377,1598521.5,5889094.4,1272803.4,785376.6,459459.2,85500,252532.6,524202.8,1138285.9,1200213.7,637290.1,317109.7,232171.3,1008137.6,187525.8
7,0.001306,0.001305,0.001304,0.001303,0.001302,0.001301,0.0013,0.001299,0.001298,0.001297,0.001307,0.001308,0.001309,0.00131,0.001311,0.001312,0.001313,0.001314,0.001315,0.001316,144863.6,243965.1,471239.9,1899838.6,2336999.8,81207.2,1293154.2,205609.3,785432.4,459286.2,85500,318364.5,488135.5,1194877.2,492798.7,701267.9,317109.7,513161.9,687474.9,98698.7
8,0.001297,0.001296,0.001295,0.001294,0.001293,0.001292,0.001291,0.00129,0.001289,0.001288,0.001299,0.0013,0.001301,0.001302,0.001303,0.001304,0.001305,0.001306,0.001307,0.001308,247331.2,939586.1,519437.1,1424812.3,2547244,3753542.7,429801.7,123614.4,1487337.5,1151009.3,134030.1,387456.7,1212186.4,1170064.1,758551,322470.5,507530.9,463469.3,275456,85500
9,0.001299,0.001298,0.001297,0.001296,0.001295,0.001294,0.001293,0.001292,0.001291,0.00129,0.0013,0.001301,0.001302,0.001303,0.001304,0.001305,0.001306,0.001307,0.001308,0.001309,167032.6,1095931.9,819921.6,957971,2723663.9,397276.7,3325250.3,460234,1618249.3,310568.9,134030.1,99157.5,624791.7,875396.3,531423.7,507530.9,660711.4,455534.7,133629.9,382334.9
10,0.001298,0.001297,0.001296,0.001295,0.001294,0.001293,0.001292,0.001291,0.00129,0.001289,0.001299,0.0013,0.001301,0.001302,0.001303,0.001304,0.001305,0.001306,0.001307,0.001308,167032.6,356224.7,692886.5,607156.3,1341463.3,2219509.2,2393509.2,410668.4,123670.2,685287.7,134030.1,319942.7,1069468.1,665790.9,1217045.9,265578.7,684246.3,462915.2,381535.4,110698.8
11,0.001298,0.001297,0.001296,0.001295,0.001294,0.001293,0.001292,0.001291,0.00129,0.001289,0.001299,0.0013,0.001301,0.001302,0.001303,0.001304,0.001305,0.001306,0.001307,0.001308,167032.6,252532.6,882078.6,775951.3,7936339.2,1643126.5,105383.5,410668.4,110750.1,698179.9,134030.1,984828.9,966269.1,806593.6,1254124,265578.7,684246.3,462915.2,406734.2,85500
12,0.001295,0.001294,0.001293,0.001292,0.001291,0.00129,0.001289,0.001288,0.001287,0.001286,0.001297,0.001298,0.001299,0.0013,0.001301,0.001302,0.001303,0.001304,0.001305,0.001306,147431.1,112139,1089799.5,617781.4,1293044.4,2241809.9,4720856.5,2504228.3,98252.8,1361669.6,275355.6,990627.7,759342,1369283.3,1053136.6,366314.9,481546.3,319398.6,192273.5,1181154.4
13,0.001295,0.001294,0.001293,0.001292,0.001291,0.00129,0.001289,0.001288,0.001287,0.001286,0.001297,0.001298,0.001299,0.0013,0.001301,0.001302,0.001303,0.001304,0.001305,0.001306,85500,716355.7,1056764.5,983980.4,5373817.2,104592.7,4715129.6,1963249.1,1317666.2,564705.5,85500,471818.2,1240007.2,1388287.4,704809.8,347108.2,502343.7,405555.1,192273.5,1625526.6
14,0.001295,0.001294,0.001293,0.001292,0.001291,0.00129,0.001289,0.001288,0.001287,0.001286,0.001297,0.001298,0.001299,0.0013,0.001301,0.001302,0.001303,0.001304,0.001305,0.001306,456164,1203712.1,423870.9,1459458.6,4843644.1,123580.5,5911644.1,1944678.5,119292.4,1064448,606204,270024.9,498755.7,1287589.5,1268537.5,347108.2,481546.3,430753.9,192273.5,1625183.8
15,0.001295,0.001294,0.001293,0.001292,0.001291,0.00129,0.001289,0.001288,0.001287,0.001286,0.001297,0.001298,0.001299,0.0013,0.001301,0.001302,0.001303,0.001304,0.001305,0.001306,1433655.2,368373.5,978250.7,982610.8,4684604,104699,4772467.9,1944678.5,1317666.2,564448,606204,661228.3,856755.6,1293673.8,508750.5,369936.7,481546.3,407608.7,192273.5,1577387.4
16,0.001298,0.001297,0.001296,0.001295,0.001294,0.001293,0.001292,0.001291,0.00129,0.001289,0.001299,0.0013,0.001301,0.001302,0.001303,0.001304,0.001305,0.001306,0.001307,0.001308,167032.6,252532.6,1805981.3,3628014.2,2675670,117886.6,139234,534014.1,1316714.7,5381589.5,85500,949285,754209.6,959429.7,736297.6,537905.8,307791.4,494859.2,218767,386435.1
17,0.001295,0.001294,0.001293,0.001292,0.001291,0.00129,0.001289,0.001288,0.001287,0.001286,0.001296,0.001297,0.001298,0.001299,0.0013,0.001301,0.001302,0.001303,0.001304,0.001305,851208.5,85500,638157.9,1254183.1,606669.4,3406062.6,5347569.9,1944678.5,1146510.8,162690.2,85500,428814.1,662630.2,1378733,866005.7,1229888.7,216806.6,595847.8,407608.7,108556.3
18,0.001295,0.001294,0.001293,0.001292,0.001291,0.00129,0.001289,0.001288,0.001287,0.001286,0.001297,0.001298,0.001299,0.0013,0.001301,0.001302,0.001303,0.001304,0.001305,0.001306,880339.2,1002895.7,1233133.1,2231276.9,2792732.6,85500,5977517.5,1957730.1,146923.5,623042.9,85500,418260.9,1364719.9,664685.2,1482658.2,216806.6,480329.9,407608.7,108556.3,1484041.2
19,0.001295,0.001294,0.001293,0.001292,0.001291,0.00129,0.001289,0.001288,0.001287,0.001286,0.001296,0.001297,0.001298,0.001299,0.0013,0.001301,0.001302,0.001303,0.001304,0.001305,880339.2,1216980.6,926618.7,2947468,2813174.5,290535.5,5997166.8,1944678.5,119563,645807.8,9194.9,222318.5,362269.6,1261879.3,988971.3,914487.8,216806.6,480329.9,407608.7,459364.3
20,0.001295,0.001294,0.001293,0.001292,0.001291,0.00129,0.001289,0.001288,0.001287,0.001286,0.001297,0.001298,0.001299,0.0013,0.001301,0.001302,0.001303,0.001304,0.001305,0.001306,1101043.8,899535.6,3005620.2,1018974.9,3225871,117934.9,4762057.2,1944678.5,1340694.1,539041,222318.5,440735.3,1069578.8,938287.2,889988.8,216806.6,480329.9,407608.7,459364.3,1133358
21,0.001295,0.001294,0.001293,0.001292,0.001291,0.00129,0.001289,0.001288,0.001287,0.001286,0.001297,0.001298,0.001299,0.0013,0.001301,0.001302,0.001303,0.001304,0.001305,0.001306,715193,223452.5,968386.2,1197869.5,5224003.8,117956.1,4762057.2,3142121.9,217113.2,1016405.8,793171.1,588272.2,784453.3,1495279.3,700358.3,216806.6,480329.9,407608.7,108556.3,1484169.9
22,0.001295,0.001294,0.001293,0.001292,0.001291,0.00129,0.001289,0.001288,0.001287,0.001286,0.001296,0.001297,0.001298,0.001299,0.0013,0.001301,0.001302,0.001303,0.001304,0.001305,538966.7,223346.1,1257310.9,2618572.1,5319243.8,1653439.7,132427.6,409241.4,217113.2,1056185.3,85500,1109022.1,574349.4,1176608.1,1509764,700122,216806.6,480329.9,407608.7,459097.6
23,0.001295,0.001294,0.001293,0.001292,0.001291,0.00129,0.001289,0.001288,0.001287,0.001286,0.001296,0.001297,0.001298,0.001299,0.0013,0.001301,0.001302,0.001303,0.001304,0.001305,85500,332532.6,1225568.8,854228.9,3346832.9,116405.2,4777499.5,1963891.6,1358638.5,1003607.7,85500,606736.7,1207041.8,724134,1251649.6,890078,212649.2,503507.4,192453.9,496952
24,0.001297,0.001296,0.001295,0.001294,0.001293,0.001292,0.001291,0.00129,0.001289,0.001288,0.001298,0.001299,0.0013,0.001301,0.001302,0.001303,0.001304,0.001305,0.001306,0.001307,85500,332532.6,1333247.2,1108296.3,2985289.2,470710.4,983392.8,1418835,5323685.9,2785840.6,85500,595705.2,986003.5,507841.5,976139.8,1175646.1,512707,378864.1,1242462,433302.6
25,0.001299,0.001298,0.001297,0.001296,0.001295,0.001294,0.001293,0.001292,0.001291,0.00129,0.0013,0.001301,0.001302,0.001303,0.001304,0.001305,0.001306,0.001307,0.001308,0.001309,217203.4,252532.6,1162127.5,833742.4,2717130.4,771387.7,299006.2,187488.3,836710.3,1819446.3,85500,337138.6,699103.4,891729.5,1170592.5,378864.1,617046.9,156458,85500,382334.9
26,0.001301,0.0013,0.001299,0.001298,0.001297,0.001296,0.001295,0.001294,0.001293,0.001292,0.001302,0.001303,0.001304,0.001305,0.001306,0.001307,0.001308,0.001309,0.00131,0.001311,203324.1,252532.6,437199.8,1167037.7,2801558.2,480160.7,272137,1228483.9,98861.1,687488.3,76308,935724.4,1172739.2,1049010.4,527144.9,654344.6,398469.7,507716.1,826433,577555.3
27,0.001299,0.001298,0.001297,0.001296,0.001295,0.001294,0.001293,0.001292,0.001291,0.00129,0.001301,0.001302,0.001303,0.001304,0.001305,0.001306,0.001307,0.001308,0.001309,0.00131,254073.8,859477.5,3191352.2,973421.9,2238175.5,1116682.4,106374.5,687488.3,470457,1489384.5,845092.7,419216.6,923162.4,1018907.8,188908.1,616780.6,539093,428394.7,507716.1,826433
28,0.001303,0.001302,0.001301,0.0013,0.001299,0.001298,0.001297,0.001296,0.001295,0.001294,0.001305,0.001306,0.001307,0.001308,0.001309,0.00131,0.001311,0.001312,0.001313,0.001314,252532.6,782033.7,1273356,1054273.7,4834866.3,85500,362860.8,1289053.7,1205453.1,545182.4,80139.2,274181,679671.9,1019630.2,804994.9,188801.8,304514,671215.2,284083.7,275456
29,0.001303,0.001302,0.001301,0.0013,0.001299,0.001298,0.001297,0.001296,0.001295,0.001294,0.001305,0.001306,0.001307,0.001308,0.001309,0.00131,0.001311,0.001312,0.001313,0.001314,387873.8,648044.5,1673443.2,2685077,992825.7,227827.4,538797.1,585500,744289.5,1737073.5,428814.1,951964.1,542912.9,990399.4,839786.6,332065.3,189262.4,671215.2,108551.5,275456
30,0.001304,0.001303,0.001302,0.001301,0.0013,0.001299,0.001298,0.001297,0.001296,0.001295,0.001306,0.001307,0.001308,0.001309,0.00131,0.001311,0.001312,0.001313,0.001314,0.001315,85500,474812.9,710060.3,1298491.6,2717247.7,381797.1,261436.3,362860.8,599058.1,736139.8,809812.3,85500,390102.4,1359988.2,332065.3,189262.4,671215.2,221068.5,275456,384069.3
31,0.001306,0.001305,0.001304,0.001303,0.001302,0.001301,0.0013,0.001299,0.001298,0.001297,0.001308,0.001309,0.00131,0.001311,0.001312,0.001313,0.001314,0.001315,0.001316,0.001317,85500,985091.6,640428.1,1378274.4,2352685.9,290278.6,557376.6,186162.6,99142.6,888164.1,252532.6,128779.4,544570.6,586674.8,492130.9,313268.6,407084.4,525211.2,856582.6,1001965.2
32,0.001305,0.001304,0.001303,0.001302,0.001301,0.0013,0.001299,0.001298,0.001297,0.001296,0.001307,0.001308,0.001309,0.00131,0.001311,0.001312,0.001313,0.001314,0.001315,0.001316,652916.7,307270.1,1578771.3,934779.1,2855674.6,557376.6,186162.6,85500,401778.5,691734.2,252532.6,428814.1,855818.9,1028366.8,624767.1,492130.9,198017,407084.4,407278.8,453829.5
33,0.001305,0.001304,0.001303,0.001302,0.001301,0.0013,0.001299,0.001298,0.001297,0.001296,0.001307,0.001308,0.001309,0.00131,0.001311,0.001312,0.001313,0.001314,0.001315,0.001316,525687,482129.3,1554958.7,934779.1,2865747,557376.6,186162.6,744507.9,401778.5,191734.2,252532.6,252532.6,400903.2,1002196.8,1229794.3,492130.9,198017,407084.4,407278.8,453829.5
34,0.001305,0.001304,0.001303,0.001302,0.001301,0.0013,0.001299,0.001298,0.001297,0.001296,0.001306,0.001307,0.001308,0.001309,0.00131,0.001311,0.001312,0.001313,0.001314,0.001315,190871.3,85500,650290.5,1704823.8,2963013.4,600708.6,186342.1,744507.9,494455.6,98891.2,252532.6,252532.6,614742.9,1202422.7,1037528,624767.1,492130.9,220790.1,275456,404866.7
35,0.001305,0.001304,0.001303,0.001302,0.001301,0.0013,0.001299,0.001298,0.001297,0.001296,0.001307,0.001308,0.001309,0.00131,0.001311,0.001312,0.001313,0.001314,0.001315,0.001316,259288.6,1268123.5,1231992.5,3304284.8,541063.4,709565.1,274150.1,635587.8,388164.1,1395121.2,252532.6,252532.6,384919.5,399060,1194933.4,492130.9,209335,375802.3,404866.7,453829.5
36,0.001304,0.001303,0.001302,0.001301,0.0013,0.001299,0.001298,0.001297,0.001296,0.001295,0.001305,0.001306,0.001307,0.001308,0.001309,0.00131,0.001311,0.001312,0.001313,0.001314,137303.4,756468.5,983564.7,1641694.7,2880402.9,223771,313200.6,494441.2,598835.2,2003937.8,85500,252532.6,493035.9,548465.8,1013648.8,868675.4,509515.5,492130.9,209335,375802.3
37,0.001308,0.001307,0.001306,0.001305,0.001304,0.001303,0.001302,0.001301,0.0013,0.001299,0.001309,0.00131,0.001311,0.001312,0.001313,0.001314,0.001315,0.001316,0.001317,0.001318,85500,252532.6,727173.8,915323.9,2528948.1,5122221.5,1606383.8,657809.8,1757297.7,608139,252532.6,113511.9,566034.4,492130.9,506815,301097.9,505859.6,588809.9,261032.2,1456800
38,0.001306,0.001305,0.001304,0.001303,0.001302,0.001301,0.0013,0.001299,0.001298,0.001297,0.001308,0.001309,0.00131,0.001311,0.001312,0.001313,0.001314,0.001315,0.001316,0.001317,511820.6,307347.3,1545041.4,1235922.5,3176982.3,5247068.5,2078845.7,607245.2,149062.9,1622872.1,905106.8,428814.1,1032784.8,969506.7,492130.9,622066.6,208732.8,695815.6,760095.4,1001965.2
39,0.001306,0.001305,0.001304,0.001303,0.001302,0.001301,0.0013,0.001299,0.001298,0.001297,0.001308,0.001309,0.00131,0.001311,0.001312,0.001313,0.001314,0.001315,0.001316,0.001317,511820.6,307347.3,982894,712185.7,2487222.8,5247068.5,2051439.4,607245.2,1337281,433737.8,855631.6,252532.6,855819.1,926252.2,492130.9,622066.6,208732.8,695815.6,764198.5,1001965.2
40,0.001305,0.001304,0.001303,0.001302,0.001301,0.0013,0.001299,0.001298,0.001297,0.001296,0.001306,0.001307,0.001308,0.001309,0.00131,0.001311,0.001312,0.001313,0.001314,0.001315,246756.7,251215.1,1648165.7,941410.8,7960320.4,2038926.8,107203.9,135587.8,424518,1868483.9,85500,428814.1,939319.4,402422.6,934365.9,984000.3,492130.9,506815,208732.8,695815.6
41,0.001302,0.001301,0.0013,0.001299,0.001298,0.001297,0.001296,0.001295,0.001294,0.001293,0.001303,0.001304,0.001305,0.001306,0.001307,0.001308,0.001309,0.00131,0.001311,0.001312,173788.6,912595.2,725792.6,1308465,6871026,1929265.5,85500,155826,3030022.6,185326.6,85500,261781.5,894254.2,545018.5,937394,542526,1207038.2,762822.2,85500,693886.2
42,0.0013,0.001299,0.001298,0.001297,0.001296,0.001295,0.001294,0.001293,0.001292,0.001291,0.001301,0.001302,0.001303,0.001304,0.001305,0.001306,0.001307,0.001308,0.001309,0.00131,126194.2,904209.1,464648.2,1537124.1,2468430,4787183.1,2835426.5,1278312.9,598639.4,464489.9,85500,252532.6,510501.8,426310.8,979814.7,817418.1,520157,283443.9,469986.1,303467.9
43,0.001301,0.0013,0.001299,0.001298,0.001297,0.001296,0.001295,0.001294,0.001293,0.001292,0.001302,0.001303,0.001304,0.001305,0.001306,0.001307,0.001308,0.001309,0.00131,0.001311,645503.9,536230.8,1045060.6,1080749.5,847232.1,3007380,331522.1,898738,98667.4,693869.7,85500,269413.4,496235.3,831612.5,802086.1,520157,1091468.5,469986.1,113511.9,1079526.3
44,0.001303,0.001302,0.001301,0.0013,0.001299,0.001298,0.001297,0.001296,0.001295,0.001294,0.001305,0.001306,0.001307,0.001308,0.001309,0.00131,0.001311,0.001312,0.001313,0.001314,876328.2,772958.8,1376854,1630788.2,2388960.2,244220.6,562833.6,193361.6,269920.3,2424765,252532.6,267572.9,904417.9,326795.2,1529916.3,491604.2,1079526.3,891836.9,1001965.2,268311.6
45,0.001302,0.001301,0.0013,0.001299,0.001298,0.001297,0.001296,0.001295,0.001294,0.001293,0.001304,0.001305,0.001306,0.001307,0.001308,0.001309,0.00131,0.001311,0.001312,0.001313,252532.6,1319140.7,1206946.2,2826357.5,854401.5,562833.6,193361.6,756613,1424721.2,713980.2,85500,252532.6,463822.5,817288.2,846229.7,905402.3,468948.3,1079526.3,773927,1001965.2
46,0.001301,0.0013,0.001299,0.001298,0.001297,0.001296,0.001295,0.001294,0.001293,0.001292,0.001303,0.001304,0.001305,0.001306,0.001307,0.001308,0.001309,0.00131,0.001311,0.001312,474977.5,252532.6,252532.6,402884.1,599986.1,193361.6,904310.4,1253406.3,634901.5,299926.9,261781.5,654097.3,439652.2,1189701.1,776280.6,327758.8,790239.2,468948.3,1079526.3,773927
47,0.0013,0.001299,0.001298,0.001297,0.001296,0.001295,0.001294,0.001293,0.001292,0.001291,0.001302,0.001303,0.001304,0.001305,0.001306,0.001307,0.001308,0.001309,0.00131,0.001311,259288.6,475405.1,1101909.9,951183.1,2327144,418115.6,1142678.2,241738.6,598639.4,1085146.1,85500,894749.5,242823.7,964779.6,928893,199903.9,212595.7,469986.1,673998.8,1327954.2
48,0.001301,0.0013,0.001299,0.001298,0.001297,0.001296,0.001295,0.001294,0.001293,0.001292,0.001303,0.001304,0.001305,0.001306,0.001307,0.001308,0.001309,0.00131,0.001311,0.001312,259288.6,1333485.5,353195,991211.6,3338811.3,128282.6,413001.6,1642678.2,183195.6,676250.8,252532.6,778620.2,258278.7,1474638.1,199903.9,327758.8,469986.1,773962,1079526.3,999396.3
49,0.001301,0.0013,0.001299,0.001298,0.001297,0.001296,0.001295,0.001294,0.001293,0.001292,0.001302,0.001303,0.001304,0.001305,0.001306,0.001307,0.001308,0.001309,0.00131,0.001311,259288.6,1330330,529485.6,1669931.6,2490657.1,128282.6,233197.4,1642678.2,234078.5,676250.8,85500,252532.6,194700.2,974276.3,874921.2,777020.2,327758.8,469986.1,426486.3,1079526.3
50,0.001301,0.0013,0.001299,0.001298,0.001297,0.001296,0.001295,0.001294,0.001293,0.001292,0.001302,0.001303,0.001304,0.001305,0.001306,0.001307,0.001308,0.001309,0.00131,0.001311,85500,475312.6,1083975.8,952652.3,3322927.2,128272.6,361093.8,1266236.1,196378.2,599371.1,85500,252532.6,777204.1,442478,928893,199903.9,1108828.8,469986.1,426593,522026.1
51,0.001301,0.0013,0.001299,0.001298,0.001297,0.001296,0.001295,0.001294,0.001293,0.001292,0.001303,0.001304,0.001305,0.001306,0.001307,0.001308,0.001309,0.00131,0.001311,0.001312,252532.6,576685.2,810495,998799.9,3339527.3,99305.2,407139.6,1680395.3,196378.2,782065.3,85500,1107500.7,853255.8,1447154.6,199903.9,1223991.9,469986.1,426593,185344.1,999293.1
52,0.001301,0.0013,0.001299,0.001298,0.001297,0.001296,0.001295,0.001294,0.001293,0.001292,0.001303,0.001304,0.001305,0.001306,0.001307,0.001308,0.001309,0.00131,0.001311,0.001312,252532.6,1061414.8,803022.2,1089375.4,3105849.8,99305.2,233197.4,1680395.3,196378.2,782065.3,85500,1135726.1,881481.2,889192.2,786091.7,1223991.9,469986.1,426593,185344.1,999293.1
53,0.001302,0.001301,0.0013,0.001299,0.001298,0.001297,0.001296,0.001295,0.001294,0.001293,0.001303,0.001304,0.001305,0.001306,0.001307,0.001308,0.001309,0.00131,0.001311,0.001312,1383.8,308108.9,252532.6,1195388.6,555236.8,2513987.6,213007.5,340025.5,1781565.5,709854.6,694283.7,876150.5,1053100.1,842796.8,890199.7,1223991.9,469986.1,426593,185344.1,750777.4
54,0.001298,0.001297,0.001296,0.001295,0.001294,0.001293,0.001292,0.001291,0.00129,0.001289,0.0013,0.001301,0.001302,0.001303,0.001304,0.001305,0.001306,0.001307,0.001308,0.001309,259288.6,586658.8,664052,1560258.5,3030128.5,584850.1,256953.5,527366.6,112441.6,162571.2,85500,771477,362903.3,1103215,1160803.4,439644.2,1232883.9,413477.4,1157265.3,548073.8
55,0.001297,0.001296,0.001295,0.001294,0.001293,0.001292,0.001291,0.00129,0.001289,0.001288,0.001299,0.0013,0.001301,0.001302,0.001303,0.001304,0.001305,0.001306,0.001307,0.001308,528379.4,252532.6,894096.4,1323126.6,2610449.9,257085.5,527914.1,200437.7,98603.7,1104983.3,85500,512792.6,516759.7,372881.8,1656112,947212.8,191814.8,681906.9,616899.1,2378962.9
56,0.001297,0.001296,0.001295,0.001294,0.001293,0.001292,0.001291,0.00129,0.001289,0.001288,0.001299,0.0013,0.001301,0.001302,0.001303,0.001304,0.001305,0.001306,0.001307,0.001308,1148120.4,252532.6,884734.2,3745641.5,524252.7,201195.4,506900.1,232279.7,115967.1,1131271.6,252532.6,471067.5,1113753.4,371517.2,1020404.4,321366.8,191814.8,681906.9,703435.6,2378592.8
57,0.001297,0.001296,0.001295,0.001294,0.001293,0.001292,0.001291,0.00129,0.001289,0.001288,0.001298,0.001299,0.0013,0.001301,0.001302,0.001303,0.001304,0.001305,0.001306,0.001307,92256,252532.6,1387237.5,1052281,3207237,383877.9,520964.7,232279.7,208667.9,430913.6,85500,252532.6,1049371.1,587785.2,949863.5,907742.9,206203.7,1113055.6,681906.9,708676.9
58,0.001297,0.001296,0.001295,0.001294,0.001293,0.001292,0.001291,0.00129,0.001289,0.001288,0.001299,0.0013,0.001301,0.001302,0.001303,0.001304,0.001305,0.001306,0.001307,0.001308,252532.6,1060450.2,1170557.2,3417293.1,2576620.8,99229.9,365262.2,222864,221771.6,688504.2,252532.6,568735.8,457698.5,741460,1344840.4,317921.2,1143445.9,697693.7,453829.5,1483100.5
59,0.001295,0.001294,0.001293,0.001292,0.001291,0.00129,0.001289,0.001288,0.001287,0.001286,0.001297,0.001298,0.001299,0.0013,0.001301,0.001302,0.001303,0.001304,0.001305,0.001306,264129,277264.4,933123.1,2757066.9,378907.4,1634372.2,229063.2,567086.4,715290,992882.1,252532.6,252532.6,1124462.5,1392756.8,658446.7,188800.1,587489.8,202358.8,1006740.8,909489.1
60,0.001296,0.001295,0.001294,0.001293,0.001292,0.001291,0.00129,0.001289,0.001288,0.001287,0.001297,0.001298,0.001299,0.0013,0.001301,0.001302,0.001303,0.001304,0.001305,0.001306,259288.6,341259.6,1786305.4,1087384.3,4741158,5037361,1664919.4,85500,440368.6,2036937.8,85500,787165,1053210,506384.6,1218874.1,188800.1,587489.8,202358.8,1113083.6,896665
61,0.001298,0.001297,0.001296,0.001295,0.001294,0.001293,0.001292,0.001291,0.00129,0.001289,0.001299,0.0013,0.001301,0.001302,0.001303,0.001304,0.001305,0.001306,0.001307,0.001308,259288.6,252532.6,866473,1079443.3,3132469.3,356687.1,213715.8,5067946.9,2237122.7,1348439.8,85500,252532.6,1133385.7,722740.5,471927.4,638174.3,1113083.6,695754.4,453829.5,1001965.2
62,0.0013,0.001299,0.001298,0.001297,0.001296,0.001295,0.001294,0.001293,0.001292,0.001291,0.001301,0.001302,0.001303,0.001304,0.001305,0.001306,0.001307,0.001308,0.001309,0.00131,259288.6,329426,623500.6,3593308,918356.3,686195.5,901097.5,183077.9,85500,5081223.6,289563.4,85500,195522.1,636661.7,1090136.2,792532.9,569519.4,1195513.9,1028838.4,1221896.6
63,0.0013,0.001299,0.001298,0.001297,0.001296,0.001295,0.001294,0.001293,0.001292,0.001291,0.001301,0.001302,0.001303,0.001304,0.001305,0.001306,0.001307,0.001308,0.001309,0.00131,167508.6,252532.6,951516.8,3640653,91258.1,304366.4,616700.4,136382.9,98861.1,5587928.5,85500,1037539,85500,897822.1,1677228,602576.9,700527.3,431387.3,650263.1,1091830.8
64,0.001299,0.001298,0.001297,0.001296,0.001295,0.001294,0.001293,0.001292,0.001291,0.00129,0.0013,0.001301,0.001302,0.001303,0.001304,0.001305,0.001306,0.001307,0.001308,0.001309,259288.6,252532.6,938754.8,1580991.6,2220184.9,573416.2,241572.8,221754.2,5101233.4,2430757.7,85500,456203.8,664828.1,888694.9,522611.9,1205698.6,676970.5,380274.2,1024708.5,1130103.5
65,0.001298,0.001297,0.001296,0.001295,0.001294,0.001293,0.001292,0.001291,0.00129,0.001289,0.0013,0.001301,0.001302,0.001303,0.001304,0.001305,0.001306,0.001307,0.001308,0.001309,911701.5,720708.3,1902294.7,2445496.8,3106938,99300,221754.2,6299351.2,2260286.6,931279.8,785911.8,289171.2,841100,574568.3,522611.9,1205698.6,676970.5,264584.3,1024708.5,1130103.5
66,0.001298,0.001297,0.001296,0.001295,0.001294,0.001293,0.001292,0.001291,0.00129,0.001289,0.001299,0.0013,0.001301,0.001302,0.001303,0.001304,0.001305,0.001306,0.001307,0.001308,259288.6,252532.6,1135064.6,1008659.8,3097359.3,384201.5,294104.2,5104690.4,2223990.9,598692.3,85500,1009363.2,122417.1,1743562.2,555036.5,522611.9,307405.2,720643.8,365625.1,1482379.8
67,0.001298,0.001297,0.001296,0.001295,0.001294,0.001293,0.001292,0.001291,0.00129,0.001289,0.0013,0.001301,0.001302,0.001303,0.001304,0.001305,0.001306,0.001307,0.001308,0.001309,252532.6,1161050.7,403152.3,1658604,2842014,283643.9,214507.3,475060.8,702177.1,931571.7,252532.6,854043,1148815.9,1133166.2,522611.9,307405.2,720643.8,365625.1,1001965.2,1130677.7
68,0.001301,0.0013,0.001299,0.001298,0.001297,0.001296,0.001295,0.001294,0.001293,0.001292,0.001302,0.001303,0.001304,0.001305,0.001306,0.001307,0.001308,0.001309,0.00131,0.001311,259288.6,837581.6,1172972.4,2697353.5,1392831.1,122756.7,295627.2,1110184.9,85500,211903.7,985863.2,289179.6,788466.9,197504.9,1169227.1,685878.2,394307.8,650263.1,612109.8,765740.8
69,0.001301,0.0013,0.001299,0.001298,0.001297,0.001296,0.001295,0.001294,0.001293,0.001292,0.001302,0.001303,0.001304,0.001305,0.001306,0.001307,0.001308,0.001309,0.00131,0.001311,259288.6,415100.6,1024071,1087699.3,5389782.2,110868.1,185402.5,1094931.4,585500,743704,85500,235908.7,1518850.9,353939.7,1156427.1,774918.2,509870.2,650263.1,589461.6,788958.5
70,0.001301,0.0013,0.001299,0.001298,0.001297,0.001296,0.001295,0.001294,0.001293,0.001292,0.001303,0.001304,0.001305,0.001306,0.001307,0.001308,0.001309,0.00131,0.001311,0.001312,259288.6,1917686.8,2344215.9,496275.9,3271766.1,215588.9,185402.5,1094931.4,608139,741046.6,85500,1662935.8,780519.7,338767.6,1281999.9,509870.2,650263.1,730647.9,411379.2,1870573.7
71,0.001302,0.001301,0.0013,0.001299,0.001298,0.001297,0.001296,0.001295,0.001294,0.001293,0.001303,0.001304,0.001305,0.001306,0.001307,0.001308,0.001309,0.00131,0.001311,0.001312,38402.3,376631.4,537253,1559320.3,4340539.4,5026118.5,1528044.2,85500,992253.1,1603311.6,252532.6,1639164.2,252532.6,1126536.4,754012.8,530775.6,650263.1,690302.9,428839.9,1870573.7
72,0.001303,0.001302,0.001301,0.0013,0.001299,0.001298,0.001297,0.001296,0.001295,0.001294,0.001304,0.001305,0.001306,0.001307,0.001308,0.001309,0.00131,0.001311,0.001312,0.001313,259288.6,252532.6,1689514.1,1306095.4,2389950.8,132150.8,481279,4695565.3,1614720.6,1015194.5,898982.2,854774.2,319254.7,1041803.9,714560.9,765426.2,690302.9,428839.9,1492849.4,85500
73,0.001303,0.001302,0.001301,0.0013,0.001299,0.001298,0.001297,0.001296,0.001295,0.001294,0.001304,0.001305,0.001306,0.001307,0.001308,0.001309,0.00131,0.001311,0.001312,0.001313,191677.1,411776.6,1401982.2,1183673.3,2231900.2,286722,483819.4,4695565.3,1614720.6,1410746.5,85500,935120.8,339395.3,382752.6,1851905.9,671168.5,805466,405733.5,1492849.4,417074.9
74,0.0013,0.001299,0.001298,0.001297,0.001296,0.001295,0.001294,0.001293,0.001292,0.001291,0.001302,0.001303,0.001304,0.001305,0.001306,0.001307,0.001308,0.001309,0.00131,0.001311,252532.6,1025241.6,1190743.4,4596191.3,6948809.8,1614720.6,436396.5,1278312.9,608445.5,1505400.2,1269582.1,807755.3,910423.9,763862.4,1304476.6,572708.6,372490.7,650263.1,832128.8,285880.4
75,0.001301,0.0013,0.001299,0.001298,0.001297,0.001296,0.001295,0.001294,0.001293,0.001292,0.001302,0.001303,0.001304,0.001305,0.001306,0.001307,0.001308,0.001309,0.00131,0.001311,252532.6,904508.1,364530.6,1037986.3,3212933.1,4772908.8,1614720.6,436396.5,585500,505353.9,900363.2,202362.1,907271.9,948238.4,1275333.7,703005.7,372490.7,650263.1,713248.4,595182.1
76,0.001299,0.001298,0.001297,0.001296,0.001295,0.001294,0.001293,0.001292,0.001291,0.00129,0.0013,0.001301,0.001302,0.001303,0.001304,0.001305,0.001306,0.001307,0.001308,0.001309,25312.7,245346.4,998928.5,795420.8,2667311,5067647.4,1531005,85500,975060.8,1276962.6,252532.6,903992.5,1035437.2,1014360.5,681672,386003.4,664302.6,264584.3,283992.2,959674
77,0.001299,0.001298,0.001297,0.001296,0.001295,0.001294,0.001293,0.001292,0.001291,0.00129,0.0013,0.001301,0.001302,0.001303,0.001304,0.001305,0.001306,0.001307,0.001308,0.001309,755909.6,1346200.9,2759946,1443594.8,2586370.2,5051781.1,1616505,134068.1,2096666.5,1187555.6,611285.2,192993.1,900363.2,798815.8,687430.2,386003.4,664302.6,408662.3,392991.9,959674
78,0.001301,0.0013,0.001299,0.001298,0.001297,0.001296,0.001295,0.001294,0.001293,0.001292,0.001302,0.001303,0.001304,0.001305,0.001306,0.001307,0.001308,0.001309,0.00131,0.001311,259288.6,1146634.4,436510.3,1271465.4,2888089.2,544817.3,200120.7,4992477.1,1616505,1111337.4,985863.2,202448.4,875484.9,769668.7,1105433.5,408662.3,370031.9,650263.1,500346.9,617912.4
79,0.001301,0.0013,0.001299,0.001298,0.001297,0.001296,0.001295,0.001294,0.001293,0.001292,0.001302,0.001303,0.001304,0.001305,0.001306,0.001307,0.001308,0.001309,0.00131,0.001311,259288.6,656563.3,358611,926672.5,5259674.3,162801.5,200120.7,4992477.1,1616505,1111337.4,900363.2,202448.4,361418.9,291745.7,1105433.5,408662.3,370031.9,650263.1,500346.9,617912.4
80,0.001301,0.0013,0.001299,0.001298,0.001297,0.001296,0.001295,0.001294,0.001293,0.001292,0.001302,0.001303,0.001304,0.001305,0.001306,0.001307,0.001308,0.001309,0.00131,0.001311,173788.6,412256.2,551410,1549554.9,2611810.2,348543.6,200120.7,4992477.1,1664185.5,1111337.4,900363.2,749513.7,908484.2,270840.3,1462542.8,408662.3,559987.9,650263.1,500346.9,617912.4
81,0.0013,0.001299,0.001298,0.001297,0.001296,0.001295,0.001294,0.001293,0.001292,0.001291,0.001301,0.001302,0.001303,0.001304,0.001305,0.001306,0.001307,0.001308,0.001309,0.00131,243879.5,412194.8,1228537.8,1070321,2646634.5,271697.5,4992477.1,1664185.5,714136.1,2033771.4,85500,1573626.4,85500,917823.7,833061.5,909762.8,408662.3,559987.9,650263.1,809401.2
82,0.0013,0.001299,0.001298,0.001297,0.001296,0.001295,0.001294,0.001293,0.001292,0.001291,0.001301,0.001302,0.001303,0.001304,0.001305,0.001306,0.001307,0.001308,0.001309,0.00131,243879.5,962446.3,1048164.8,3527140.3,2541218.9,85500,4992477.1,2856998.4,714136.1,839110.6,85500,1017221.6,635751.5,932575.8,276656.7,909762.8,408662.3,559987.9,650263.1,809401.2
83,0.0013,0.001299,0.001298,0.001297,0.001296,0.001295,0.001294,0.001293,0.001292,0.001291,0.001301,0.001302,0.001303,0.001304,0.001305,0.001306,0.001307,0.001308,0.001309,0.00131,476273.4,1261776.1,648511.8,3527418.4,2540674.7,85500,4992477.1,2856998.4,714136.1,856709.2,85500,1017131.8,635883,361418.9,827018.1,909762.8,408662.3,559987.9,650263.1,809401.2
84,0.001299,0.001298,0.001297,0.001296,0.001295,0.001294,0.001293,0.001292,0.001291,0.00129,0.0013,0.001301,0.001302,0.001303,0.001304,0.001305,0.001306,0.001307,0.001308,0.001309,800978.7,1118732.3,3044021.2,1296933,2544427,4992477.1,1664185.5,191531.5,865262.2,2075381.2,340676.3,85500,1038037.2,822110.4,920640,936364.8,794599.7,374667.5,559987.9,673291.5
85,0.0013,0.001299,0.001298,0.001297,0.001296,0.001295,0.001294,0.001293,0.001292,0.001291,0.001301,0.001302,0.001303,0.001304,0.001305,0.001306,0.001307,0.001308,0.001309,0.00131,85500,437804.6,1301191.3,2806473.7,920934.9,264915.8,4992477.1,1664185.5,191531.5,1339416.1,85500,2066784.7,85500,881853.9,821201.7,909762.8,374667.5,559987.9,673291.5,935944.9
86,0.0013,0.001299,0.001298,0.001297,0.001296,0.001295,0.001294,0.001293,0.001292,0.001291,0.001301,0.001302,0.001303,0.001304,0.001305,0.001306,0.001307,0.001308,0.001309,0.00131,85500,437743.1,1212956.5,1093856.1,7431458.2,1631812.7,377092.5,133180.5,611243.6,2059923,85500,1576713,237648.4,926678.7,270840.3,909762.8,374667.5,559987.9,982702.4,626414.9
87,0.0013,0.001299,0.001298,0.001297,0.001296,0.001295,0.001294,0.001293,0.001292,0.001291,0.001302,0.001303,0.001304,0.001305,0.001306,0.001307,0.001308,0.001309,0.00131,0.001311,252532.6,1265931.8,926570.2,2530504.5,7697788.9,1615960.9,932927.8,530076.3,229913.8,942155.7,900363.2,752355.4,361418.9,837713.1,1459759.8,374667.5,559987.9,982464.6,626414.9,285880.4
88,0.001301,0.0013,0.001299,0.001298,0.001297,0.001296,0.001295,0.001294,0.001293,0.001292,0.001302,0.001303,0.001304,0.001305,0.001306,0.001307,0.001308,0.001309,0.00131,0.001311,92256,412256.2,1186238.2,926570.2,5498340.2,4776447.2,1615960.9,932927.8,530076.3,214347.8,900363.2,712133.4,478265.6,790297.8,1425253.1,374667.5,559987.9,650263.1,935588,308603.1
89,0.001301,0.0013,0.001299,0.001298,0.001297,0.001296,0.001295,0.001294,0.001293,0.001292,0.001302,0.001303,0.001304,0.001305,0.001306,0.001307,0.001308,0.001309,0.00131,0.001311,327063.3,412256.2,1818077.9,2346774,2987761.8,4776447.2,1615960.9,932927.8,530076.3,1408084,867468.1,759698.8,382324.3,944982.5,915478.1,374667.5,559987.9,650263.1,935588,308603.1
90,0.001301,0.0013,0.001299,0.001298,0.001297,0.001296,0.001295,0.001294,0.001293,0.001292,0.001302,0.001303,0.001304,0.001305,0.001306,0.001307,0.001308,0.001309,0.00131,0.001311,92256,437598,590129.8,1632938.2,2712223.7,4776447.2,1615960.9,932927.8,530076.3,214347.8,867468.1,762515.6,478220.7,947799.3,1475635.3,374667.5,559987.9,650263.1,935588,308603.1
91,0.001299,0.001298,0.001297,0.001296,0.001295,0.001294,0.001293,0.001292,0.001291,0.00129,0.0013,0.001301,0.001302,0.001303,0.001304,0.001305,0.001306,0.001307,0.001308,0.001309,591931.6,936968.9,1383819.1,2682864.6,5344337,2493469.4,133180.5,214347.8,1262158,299411.3,60884.7,2322164.7,1429674.1,755210.6,483878.4,502982.3,794599.7,374667.5,892307.1,650263.1
92,0.001296,0.001295,0.001294,0.001293,0.001292,0.001291,0.00129,0.001289,0.001288,0.001287,0.001298,0.001299,0.0013,0.001301,0.001302,0.001303,0.001304,0.001305,0.001306,0.001307,863066.3,1111865.5,1653672.2,2549784,7268181.1,2477360.4,673654.2,483007.2,404624.9,662660.4,252532.6,369571,776332.3,958924.5,1173732.6,1336447.5,704595.4,85500,1410998.8,374667.5
93,0.001295,0.001294,0.001293,0.001292,0.001291,0.00129,0.001289,0.001288,0.001287,0.001286,0.001296,0.001297,0.001298,0.001299,0.0013,0.001301,0.001302,0.001303,0.001304,0.001305,607474.1,1516512.7,1943804.6,3040330.7,7544243.5,1660557.7,105556.8,1652231.2,983620.4,162720,110949.8,202719,358180,2043041.9,612502.8,504973.8,495836.3,686264.6,869687,268311.6
94,0.001294,0.001293,0.001292,0.001291,0.00129,0.001289,0.001288,0.001287,0.001286,0.001285,0.001295,0.001296,0.001297,0.001298,0.001299,0.0013,0.001301,0.001302,0.001303,0.001304,860298.6,293582.2,1215917.5,3147453.4,467082,290553.7,535331.7,208092.7,502619.7,1522697.7,85500,416022.8,270306.1,1055225.7,2031081,927015.5,388172,105493.8,979709.5,450988.2
95,0.001294,0.001293,0.001292,0.001291,0.00129,0.001289,0.001288,0.001287,0.001286,0.001285,0.001295,0.001296,0.001297,0.001298,0.001299,0.0013,0.001301,0.001302,0.001303,0.001304,1611226.1,2144459.4,2750366.9,742918.4,2854952.8,290553.7,535331.7,244664.9,556522,1629109.2,46180.7,202809.5,85500,488818.5,2026432.4,932719.4,388172,105493.8,979709.5,450988.2
96,0.001295,0.001294,0.001293,0.001292,0.001291,0.00129,0.001289,0.001288,0.001287,0.001286,0.001296,0.001297,0.001298,0.001299,0.0013,0.001301,0.001302,0.001303,0.001304,0.001305,6756,1224643.2,203731,1010905.9,3473980.2,287544.2,276759.7,535331.7,665945,158094.3,85500,202764.2,1015939.8,2040179,932719.4,388172,105493.8,646223.2,761713.7,633330.6
97,0.001294,0.001293,0.001292,0.001291,0.00129,0.001289,0.001288,0.001287,0.001286,0.001285,0.001295,0.001296,0.001297,0.001298,0.001299,0.0013,0.001301,0.001302,0.001303,0.001304,74898,457228.4,1556161.8,2608558.5,5538991,1656641.3,431570.9,273691.1,462465.4,1499697.1,85500,989196.9,209926.7,1082527.1,1465255.5,934851.1,272831.8,105493.8,1082071.4,450988.2
98,0.001295,0.001294,0.001293,0.001292,0.001291,0.00129,0.001289,0.001288,0.001287,0.001286,0.001297,0.001298,0.001299,0.0013,0.001301,0.001302,0.001303,0.001304,0.001305,0.001306,548880.9,1597404.4,387987.8,1120048.1,5337439.9,4734330.9,1626997.1,735707.1,1370343.4,841696,124050.5,1152689,1356007.7,1202860.6,841514.3,220834,646223.2,863603.3,291464.4,1267613.4
99,0.001295,0.001294,0.001293,0.001292,0.001291,0.00129,0.001289,0.001288,0.001287,0.001286,0.001296,0.001297,0.001298,0.001299,0.0013,0.001301,0.001302,0.001303,0.001304,0.001305,360753.7,332532.6,1010125,1231764.7,5583695.2,4734330.9,1626997.1,1629014.3,476228.4,235540,85500,253185.8,1015619.7,1473305.2,1453798.9,193183.9,220834,646223.2,863603.3,291464.4
100,0.001296,0.001295,0.001294,0.001293,0.001292,0.001291,0.00129,0.001289,0.001288,0.001287,0.001298,0.001299,0.0013,0.001301,0.001302,0.001303,0.001304,0.001305,0.001306,0.001307,293578.3,365061.4,2242345,2566828,2423751.4,365262.2,4724528.2,2560889.9,431570.9,834502.3,277952.7,1112582,218717.3,881234.9,220834,966476.3,557825.2,696555.6,1267613.4,515124.7
101,0.001296,0.001295,0.001294,0.001293,0.001292,0.001291,0.00129,0.001289,0.001288,0.001287,0.001297,0.001298,0.001299,0.0013,0.001301,0.001302,0.001303,0.001304,0.001305,0.001306,41045.7,365061.4,383807.1,1755306.7,2426514.6,553118.4,4738407.7,2681188,830751.1,166588.6,862291.5,402448.1,1837222.8,626985.3,920285.7,220834,966476.3,557825.2,719427.5,1267613.4
102,0.001296,0.001295,0.001294,0.001293,0.001292,0.001291,0.00129,0.001289,0.001288,0.001287,0.001297,0.001298,0.001299,0.0013,0.001301,0.001302,0.001303,0.001304,0.001305,0.001306,133301.7,365061.4,1661462.1,989307,5165696.9,394978.2,4724528.2,2681188,830751.1,1442093.1,85500,1030331.4,987942.5,969525.7,310526.8,220834,966476.3,557825.2,719427.5,1267613.4
103,0.001295,0.001294,0.001293,0.001292,0.001291,0.00129,0.001289,0.001288,0.001287,0.001286,0.001297,0.001298,0.001299,0.0013,0.001301,0.001302,0.001303,0.001304,0.001305,0.001306,196138,429075.7,1340071.6,958475.6,3223419.2,4738347.6,1623101.8,1369215.1,773864.8,219476.1,264071.9,925272.3,1802743,1190513.5,395894.1,190993.8,1082172.4,883988.1,393406.5,1267613.4
104,0.001295,0.001294,0.001293,0.001292,0.001291,0.00129,0.001289,0.001288,0.001287,0.001286,0.001296,0.001297,0.001298,0.001299,0.0013,0.001301,0.001302,0.001303,0.001304,0.001305,196138,1344994.1,577535.9,1891813.9,5072721.9,4738347.6,1623101.8,990098.5,1066060.1,1418781.8,85500,221582.7,805107.5,1240676.9,1194797,511590.2,190993.8,966476.3,883988.1,393406.5
105,0.001295,0.001294,0.001293,0.001292,0.001291,0.00129,0.001289,0.001288,0.001287,0.001286,0.001296,0.001297,0.001298,0.001299,0.0013,0.001301,0.001302,0.001303,0.001304,0.001305,196138,1318316.7,565136.7,1871285.7,4985295.9,4738347.6,1623101.8,2187541.9,1066206.5,219476.1,85500,221630.7,187908.6,1822664.3,603005.2,511590.2,190993.8,966476.3,883988.1,393406.5
106,0.001295,0.001294,0.001293,0.001292,0.001291,0.00129,0.001289,0.001288,0.001287,0.001286,0.001296,0.001297,0.001298,0.001299,0.0013,0.001301,0.001302,0.001303,0.001304,0.001305,85500,429075.7,210069.5,1159269.8,2635682.3,4738347.6,1623101.8,990098.5,1066221,1418781.8,81662.7,210091.4,187908.6,1389478.7,603005.2,511590.2,190993.8,966476.3,883988.1,393406.5
107,0.001294,0.001293,0.001292,0.001291,0.00129,0.001289,0.001288,0.001287,0.001286,0.001285,0.001295,0.001296,0.001297,0.001298,0.001299,0.0013,0.001301,0.001302,0.001303,0.001304,117661.6,1111697.8,462793.5,1852514,7216944,1636961.5,990098.5,142268.5,584816.5,980157,85500,373334.8,777030.8,916161.6,1355893.9,1487604.5,278551.2,190993.8,995346.8,557825.2
108,0.001296,0.001295,0.001294,0.001293,0.001292,0.001291,0.00129,0.001289,0.001288,0.001287,0.001297,0.001298,0.001299,0.0013,0.001301,0.001302,0.001303,0.001304,0.001305,0.001306,296366.7,1222304.1,706041.5,1914195,2736823.3,440918.7,4724489.5,1680707.3,1342373.7,1417773,85500,235576.2,1679948.1,597685.5,971412.6,511246.9,646223.2,557825.2,720006.2,1267613.4
109,0.001296,0.001295,0.001294,0.001293,0.001292,0.001291,0.00129,0.001289,0.001288,0.001287,0.001297,0.001298,0.001299,0.0013,0.001301,0.001302,0.001303,0.001304,0.001305,0.001306,92256,348750.2,1625902.3,1061059.1,2844510.6,548987.4,4724489.5,1680707.3,1341788.4,219399.2,85500,972936.3,1094672.1,1193331.3,971804.5,511246.9,761919.3,557825.2,719239,1267613.4
110,0.001295,0.001294,0.001293,0.001292,0.001291,0.00129,0.001289,0.001288,0.001287,0.001286,0.001297,0.001298,0.001299,0.0013,0.001301,0.001302,0.001303,0.001304,0.001305,0.001306,252532.6,541598.8,1846077.5,2264189,2808986.8,4724489.5,1680707.3,1398928.4,142268.5,2031947.8,85500,505740.2,1815184.7,615125.3,1080835.8,511246.9,646223.2,883988.1,393327.5,1267613.4
111,0.001295,0.001294,0.001293,0.001292,0.001291,0.00129,0.001289,0.001288,0.001287,0.001286,0.001296,0.001297,0.001298,0.001299,0.0013,0.001301,0.001302,0.001303,0.001304,0.001305,92256,363706.7,1883926.4,2472959.4,2629399.9,4738401.1,1680707.3,1019226.5,521823.9,225584.2,85500,377124,984643.4,1930521.5,605313.1,511499.6,511246.9,646223.2,883988.1,393327.5
112,0.001296,0.001295,0.001294,0.001293,0.001292,0.001291,0.00129,0.001289,0.001288,0.001287,0.001297,0.001298,0.001299,0.0013,0.001301,0.001302,0.001303,0.001304,0.001305,0.001306,92256,403786.8,1369880.1,974919.1,2960372.4,591274.8,4724489.5,1680707.3,1398928.4,160573.3,85500,313270.9,1678127.9,309984.4,1086892.3,511246.9,646223.2,557825.2,719742.1,1267613.4
113,0.001297,0.001296,0.001295,0.001294,0.001293,0.001292,0.001291,0.00129,0.001289,0.001288,0.001298,0.001299,0.0013,0.001301,0.001302,0.001303,0.001304,0.001305,0.001306,0.001307,259288.6,403611.9,1450336.2,1267712.4,2278544.4,255131.1,503509.2,4720494.2,2560116.3,1019226.5,85500,1619534.2,207113.2,980179.5,516969.9,761919.3,557825.2,370518.5,1593650.5,514845.7
114,0.001297,0.001296,0.001295,0.001294,0.001293,0.001292,0.001291,0.00129,0.001289,0.001288,0.001298,0.001299,0.0013,0.001301,0.001302,0.001303,0.001304,0.001305,0.001306,0.001307,259288.6,403611.9,1482843,1242275.8,2278544.4,280585.8,503509.2,4720494.2,2560116.3,1096297.7,85500,1656679.4,86304.7,983757.8,1087899.5,761919.3,557825.2,370518.5,1593650.5,514845.7
115,0.001298,0.001297,0.001296,0.001295,0.001294,0.001293,0.001292,0.001291,0.00129,0.001289,0.001299,0.0013,0.001301,0.001302,0.001303,0.001304,0.001305,0.001306,0.001307,0.001308,92256,403553.7,951619.2,1529640.3,5183869.1,163135.6,99465.2,365262.2,5099610.8,643061.2,842139.5,797965.3,295575.9,1204470.9,646223.2,673521.3,370518.5,1267613.4,840757.2,354705.6
116,0.001298,0.001297,0.001296,0.001295,0.001294,0.001293,0.001292,0.001291,0.00129,0.001289,0.001299,0.0013,0.001301,0.001302,0.001303,0.001304,0.001305,0.001306,0.001307,0.001308,160187.8,428752.4,1676222.3,2419159.9,398410,271557.2,190743,365262.2,5121911.6,720073.1,85500,935489.2,198483,865871.4,1682527.7,673521.3,690771.6,1372059.9,444802.8,354705.6
117,0.001298,0.001297,0.001296,0.001295,0.001294,0.001293,0.001292,0.001291,0.00129,0.001289,0.001299,0.0013,0.001301,0.001302,0.001303,0.001304,0.001305,0.001306,0.001307,0.001308,92256,428752.4,1304012.7,2762917.7,8379664.9,1648324.9,85500,365262.2,486917.4,1916587.6,85500,210560.6,198483,307975.4,1682527.7,673521.3,690771.6,1372059.9,444802.8,354705.6
118,0.001299,0.001298,0.001297,0.001296,0.001295,0.001294,0.001293,0.001292,0.001291,0.00129,0.0013,0.001301,0.001302,0.001303,0.001304,0.001305,0.001306,0.001307,0.001308,0.001309,181045,236404.7,1624431.3,842728.7,2411468.7,5019126.2,1632419.5,85500,744086.8,108384.3,60884.7,781612.1,762754.4,1682527.7,1129585.8,806289.5,1372059.9,231131.4,680366.1,365262.2
119,0.001299,0.001298,0.001297,0.001296,0.001295,0.001294,0.001293,0.001292,0.001291,0.00129,0.001301,0.001302,0.001303,0.001304,0.001305,0.001306,0.001307,0.001308,0.001309,0.00131,237194.6,348181.3,1626615.3,1207826.1,3288809.7,5019126.2,1632419.5,464033.1,365262.2,685336.9,824003.4,349188,2270417.9,955147.7,806289.5,631126.9,208373.7,870322.1,387913.4,1347964.6
120,0.0013,0.001299,0.001298,0.001297,0.001296,0.001295,0.001294,0.001293,0.001292,0.001291,0.001301,0.001302,0.001303,0.001304,0.001305,0.001306,0.001307,0.001308,0.001309,0.00131,160083.7,570416.7,1683925.7,3199740.5,2434909.5,266540.7,4988297.8,1618454.3,1043715.9,442155.7,85500,827434.4,1164256.5,1163811.8,630539.3,746644.8,208373.7,646160.9,895884.7,1347964.6
121,0.001302,0.001301,0.0013,0.001299,0.001298,0.001297,0.001296,0.001295,0.001294,0.001293,0.001303,0.001304,0.001305,0.001306,0.001307,0.001308,0.001309,0.00131,0.001311,0.001312,92256,403089.5,863501.7,1869686.4,2321517.2,881729,343410,591040.3,4988297.8,2811267.2,1164256.5,398976.6,304508.8,1235054.4,779924.1,812726.3,666640.4,850483.5,1244534.3,634675.3
122,0.001301,0.0013,0.001299,0.001298,0.001297,0.001296,0.001295,0.001294,0.001293,0.001292,0.001302,0.001303,0.001304,0.001305,0.001306,0.001307,0.001308,0.001309,0.00131,0.001311,185372.8,402973.9,1326026.9,796315.1,2774219.1,343326.3,230452.3,5407700.3,1618454.3,742453.6,85500,1722851,223396.8,875155,478713.2,387458,988258.5,666640.4,1039603.9,1244534.3
123,0.0013,0.001299,0.001298,0.001297,0.001296,0.001295,0.001294,0.001293,0.001292,0.001291,0.001301,0.001302,0.001303,0.001304,0.001305,0.001306,0.001307,0.001308,0.001309,0.00131,85500,403089.5,1534778.1,927795.7,2211415.5,178818.9,5030039.1,2045780.6,665619.2,942155.7,482401.9,799902.6,1273588.8,377583.3,900566.5,588530.3,387458,1197650.5,548073.8,714818.8
124,0.001299,0.001298,0.001297,0.001296,0.001295,0.001294,0.001293,0.001292,0.001291,0.00129,0.001301,0.001302,0.001303,0.001304,0.001305,0.001306,0.001307,0.001308,0.001309,0.00131,660683.6,1405434.8,3298110.9,1272854.7,2559134.3,6237753.8,1681730,976109.9,865262.2,269249,244880,291787.6,1710561.7,352220.6,1188724.9,588530.3,783805.1,552487.5,570937.4,714818.8
125,0.0013,0.001299,0.001298,0.001297,0.001296,0.001295,0.001294,0.001293,0.001292,0.001291,0.001301,0.001302,0.001303,0.001304,0.001305,0.001306,0.001307,0.001308,0.001309,0.00131,85500,1161263.5,875103.1,3307499.3,483615.7,296540.9,5030039.1,1978081.1,712694,865262.2,85500,270439.6,1905198,366100.1,1155924.5,588530.3,387458,948834.6,570937.4,714818.8
126,0.0013,0.001299,0.001298,0.001297,0.001296,0.001295,0.001294,0.001293,0.001292,0.001291,0.001301,0.001302,0.001303,0.001304,0.001305,0.001306,0.001307,0.001308,0.001309,0.00131,153327.7,1238507,868962.1,3859989,515016.5,296540.9,5030039.1,1978081.1,712694,865262.2,85500,270439.6,1152204.8,929065.8,630527.9,588530.3,387458,948834.6,570937.4,714818.8
