timestamp,bid_price_0,bid_price_1,bid_price_2,bid_price_3,bid_price_4,bid_price_5,bid_price_6,bid_price_7,bid_price_8,bid_price_9,ask_price_0,ask_price_1,ask_price_2,ask_price_3,ask_price_4,ask_price_5,ask_price_6,ask_price_7,ask_price_8,ask_price_9,bid_size_0,bid_size_1,bid_size_2,bid_size_3,bid_size_4,bid_size_5,bid_size_6,bid_size_7,bid_size_8,bid_size_9,ask_size_0,ask_size_1,ask_size_2,ask_size_3,ask_size_4,ask_size_5,ask_size_6,ask_size_7,ask_size_8,ask_size_9
0,0.001308,0.001307,0.001306,0.001305,0.001304,0.001303,0.001302,0.001301,0.0013,0.001299,0.00131,0.001311,0.001312,0.001313,0.001314,0.001315,0.001316,0.001317,0.001318,0.001319,252532.6,616360,461595.8,2013918.8,2787449.5,88595.5,6148637.8,2170837.2,1312494.4,649300.4,252532.6,414156.3,1242880,468660.4,574412.1,492346.6,195825.5,1144362.7,480617.3,197401.5
1,0.001307,0.001306,0.001305,0.001304,0.001303,0.001302,0.001301,0.0013,0.001299,0.001298,0.001308,0.001309,0.00131,0.001311,0.001312,0.001313,0.001314,0.001315,0.001316,0.001317,252532.6,423131.9,1543160.8,469419.3,2208152,4977532.1,2170837.2,2478314.2,633974.8,282431.3,85500,252532.6,332532.6,573516.7,615561.1,415571.7,1179353.9,492346.6,195825.5,1144362.7
2,0.001307,0.001306,0.001305,0.001304,0.001303,0.001302,0.001301,0.0013,0.001299,0.001298,0.001309,0.00131,0.001311,0.001312,0.001313,0.001314,0.001315,0.001316,0.001317,0.001318,252532.6,863337.8,1496547.3,1423597.1,2209273.2,4977532.1,670155.2,2478314.2,633974.8,708817.4,252532.6,406502.8,515813.1,1153865.5,379315,574412.1,492346.6,195825.5,1144362.7,480617.3
3,0.001305,0.001304,0.001303,0.001302,0.001301,0.0013,0.001299,0.001298,0.001297,0.001296,0.001307,0.001308,0.001309,0.00131,0.001311,0.001312,0.001313,0.001314,0.001315,0.001316,99665.3,85500,665454.9,194219,724849.4,1258171.6,525627.8,197246.3,382049.3,835938.4,160632,138259.5,1036439,844357.6,267718.1,911388.3,221016.7,105448.1,440740,101179.2
4,0.001306,0.001305,0.001304,0.001303,0.001302,0.001301,0.0013,0.001299,0.001298,0.001297,0.001308,0.001309,0.00131,0.001311,0.001312,0.001313,0.001314,0.001315,0.001316,0.001318,145569,396164.6,1232398,85500,179145.5,289940,5310833.8,2090766.5,278299.2,458648.3,298425.6,1182286.8,624952.2,2645776,814670.2,85500,221067.1,543572.4,77901.3,1438604.3
5,0.001307,0.001306,0.001305,0.001304,0.001303,0.001302,0.001301,0.0013,0.001299,0.001298,0.001309,0.00131,0.001311,0.001312,0.001313,0.001314,0.001315,0.001316,0.001318,0.001319,196867,396054.8,1055460.5,431027.2,710428.5,4200161.9,2394635.4,1306740,242944.5,267158.3,243557.5,1184206.2,424518.8,1658657.6,349767.5,266888.8,738270.4,187525.8,1103621.5,419725.2
6,0.001306,0.001305,0.001304,0.001303,0.001302,0.001301,0.0013,0.001299,0.001298,0.001297,0.001308,0.001309,0.00131,0.001311,0.001312,0.001313,0.001314,0.001315,0.001316,0.001318,354255.6,1173234.2,964343.6,2692503.2,2720633.4,2783238.8,5902613.3,242944.5,690676.5,1014166.6,252532.6,1003600.3,620003.2,1167387.7,883200.8,203832.9,324099.1,706266.8,187525.8,1103621.5
7,0.001309,0.001308,0.001307,0.001306,0.001305,0.001304,0.001303,0.001302,0.001301,0.0013,0.001311,0.001312,0.001313,0.001314,0.001315,0.001316,0.001317,0.001318,0.001319,0.001321,349879.6,1143514.6,799011,3600260.8,453734.2,91164.9,491059.7,24219.3,2783238.8,5889094.4,252532.6,815864.6,381854,1117502.1,1222453.8,187525.8,268444.1,1103621.5,85500,737503.2
8,0.001309,0.001308,0.001307,0.001306,0.001305,0.001304,0.001303,0.001302,0.001301,0.0013,0.001311,0.001312,0.001313,0.001314,0.001315,0.001316,0.001317,0.001318,0.001319,0.001321,384743.6,483770.7,1882632.4,3046028.1,2815158,85500,372725.8,24219.3,2783238.8,6017223.3,252532.6,1229437.5,197592,1261063.1,844966.8,302248.5,216145.6,1103621.5,403923.1,1113536.9
9,0.001308,0.001307,0.001306,0.001305,0.001304,0.001303,0.001302,0.001301,0.0013,0.001299,0.00131,0.001311,0.001312,0.001313,0.001314,0.001315,0.001316,0.001317,0.001318,0.001319,252532.6,504269.1,1472687,1246256.5,4431835.3,441875.7,25489.1,2784310.8,5912046.8,354320.8,252532.6,1203500.5,486083.3,884231.9,400067.6,813699,302248.5,223577.3,1211881.5,381296.5
10,0.001311,0.00131,0.001309,0.001308,0.001307,0.001306,0.001305,0.001304,0.001303,0.001302,0.001312,0.001313,0.001314,0.001315,0.001316,0.001317,0.001318,0.001319,0.001321,0.001322,85500,252532.6,1327472,538123.4,568690,3386838.9,95207.2,224777.2,1002640.8,25489.1,252532.6,861855.6,440228.1,1590054.6,390133.2,315067.9,470948.5,404226,548258,1170359.3
11,0.001311,0.00131,0.001309,0.001308,0.001307,0.001306,0.001305,0.001304,0.001303,0.001302,0.001312,0.001313,0.001314,0.001315,0.001316,0.001317,0.001318,0.001319,0.001321,0.001322,85500,215659.5,1606668.6,918919,2526276.9,1010187.1,192916.9,185575.5,989051.7,39050.3,85500,252532.6,1049477.4,253891.3,1025151.3,200345.2,905924.3,404226,862803,1202180.1
12,0.001306,0.001305,0.001304,0.001303,0.001302,0.001301,0.0013,0.001299,0.001298,0.001297,0.001307,0.001308,0.001309,0.00131,0.001311,0.001312,0.001313,0.001314,0.001315,0.001316,252532.6,89460,1260936,1200054.7,3047492.2,1598521.5,5889094.4,1359995.2,654046.4,459459.2,85500,252532.6,1272594,419952.6,1218026.4,825108.4,317109.7,232171.3,1008137.6,187525.8
13,0.001306,0.001305,0.001304,0.001303,0.001302,0.001301,0.0013,0.001299,0.001298,0.001297,0.001307,0.001308,0.001309,0.00131,0.001311,0.001312,0.001313,0.001314,0.001315,0.001316,311896.1,830338.3,928686.8,3440422.8,194377,1598521.5,5889094.4,1272803.4,785376.6,459459.2,85500,252532.6,524202.8,1138285.9,1200213.7,637290.1,317109.7,232171.3,1008137.6,187525.8
14,0.001306,0.001305,0.001304,0.001303,0.001302,0.001301,0.0013,0.001299,0.001298,0.001297,0.001307,0.001308,0.001309,0.00131,0.001311,0.001312,0.001313,0.001314,0.001315,0.001316,59363.6,965801.3,471239.9,1899838.6,2313768.2,104372.8,1293154.2,205609.3,785432.4,459286.2,318364.5,252532.6,488135.5,1256068.5,619641.1,1021521,317109.7,192908.8,687474.9,98698.7
15,0.001297,0.001296,0.001295,0.001294,0.001293,0.001292,0.001291,0.00129,0.001289,0.001288,0.001299,0.0013,0.001301,0.001302,0.001303,0.001304,0.001305,0.001306,0.001307,0.001308,247331.2,939586.1,519437.1,1424812.3,2547244,3753542.7,429801.7,123614.4,1487337.5,1151009.3,134030.1,387456.7,1212186.4,1170064.1,758551,322470.5,507530.9,463469.3,275456,85500
16,0.001299,0.001298,0.001297,0.001296,0.001295,0.001294,0.001293,0.001292,0.001291,0.00129,0.0013,0.001301,0.001302,0.001303,0.001304,0.001305,0.001306,0.001307,0.001308,0.001309,167032.6,1095931.9,819921.6,957971,2723663.9,397276.7,3325250.3,460234,1618249.3,310568.9,134030.1,99157.5,624791.7,875396.3,531423.7,507530.9,660711.4,455534.7,133629.9,382334.9
17,0.001298,0.001297,0.001296,0.001295,0.001294,0.001293,0.001292,0.001291,0.00129,0.001289,0.001299,0.0013,0.001301,0.001302,0.001303,0.001304,0.001305,0.001306,0.001307,0.001308,167032.6,356224.7,692886.5,607156.3,1341463.3,2219509.2,2393509.2,410668.4,123670.2,685287.7,134030.1,319942.7,1069468.1,665790.9,1217045.9,745907.8,684246.3,462915.2,381535.4,110698.8
18,0.001298,0.001297,0.001296,0.001295,0.001294,0.001293,0.001292,0.001291,0.00129,0.001289,0.001299,0.0013,0.001301,0.001302,0.001303,0.001304,0.001305,0.001306,0.001307,0.001308,167032.6,252532.6,882078.6,775951.3,7936339.2,1643126.5,105383.5,410668.4,110750.1,698179.9,134030.1,984828.9,966269.1,806593.6,1254124,265578.7,684246.3,462915.2,406734.2,85500
19,0.001295,0.001294,0.001293,0.001292,0.001291,0.00129,0.001289,0.001288,0.001287,0.001286,0.001297,0.001298,0.001299,0.0013,0.001301,0.001302,0.001303,0.001304,0.001305,0.001306,147431.1,112139,1089799.5,617781.4,1293044.4,2241809.9,4720856.5,2504228.3,98252.8,1361669.6,275355.6,990627.7,759342,1369283.3,1053136.6,366314.9,481546.3,319398.6,192273.5,1181154.4
20,0.001295,0.001294,0.001293,0.001292,0.001291,0.00129,0.001289,0.001288,0.001287,0.001286,0.001297,0.001298,0.001299,0.0013,0.001301,0.001302,0.001303,0.001304,0.001305,0.001306,85500,716355.7,1056764.5,983980.4,5373817.2,104592.7,4715129.6,1963249.1,1317666.2,564705.5,85500,471818.2,1240007.2,1388287.4,704809.8,347108.2,502343.7,405555.1,192273.5,1625526.6
21,0.001295,0.001294,0.001293,0.001292,0.001291,0.00129,0.001289,0.001288,0.001287,0.001286,0.001297,0.001298,0.001299,0.0013,0.001301,0.001302,0.001303,0.001304,0.001305,0.001306,456164,1203712.1,423870.9,1459458.6,4843644.1,123580.5,5911644.1,1944678.5,119292.4,1064448,606204,270024.9,498755.7,1287589.5,1268537.5,347108.2,481546.3,430753.9,192273.5,1625183.8
22,0.001295,0.001294,0.001293,0.001292,0.001291,0.00129,0.001289,0.001288,0.001287,0.001286,0.001297,0.001298,0.001299,0.0013,0.001301,0.001302,0.001303,0.001304,0.001305,0.001306,1433655.2,368373.5,978250.7,982610.8,4684604,104699,4772467.9,1944678.5,1317666.2,564448,606204,661228.3,856755.6,1293673.8,508750.5,369936.7,481546.3,407608.7,192273.5,1577387.4
23,0.001298,0.001297,0.001296,0.001295,0.001294,0.001293,0.001292,0.001291,0.00129,0.001289,0.001299,0.0013,0.001301,0.001302,0.001303,0.001304,0.001305,0.001306,0.001307,0.001308,167032.6,252532.6,1805981.3,3628014.2,2675670,117886.6,139234,534014.1,1316714.7,5381589.5,85500,949285,754209.6,959429.7,736297.6,537905.8,307791.4,494859.2,218767,386435.1
24,0.001295,0.001294,0.001293,0.001292,0.001291,0.00129,0.001289,0.001288,0.001287,0.001286,0.001296,0.001297,0.001298,0.001299,0.0013,0.001301,0.001302,0.001303,0.001304,0.001305,851208.5,85500,821453.7,899589.1,606669.4,3406062.6,5347569.9,1944678.5,1169191.5,162690.2,85500,252532.6,624805.1,1525729,866005.7,1229888.7,216806.6,595847.8,407608.7,108556.3
25,0.001295,0.001294,0.001293,0.001292,0.001291,0.00129,0.001289,0.001288,0.001287,0.001286,0.001297,0.001298,0.001299,0.0013,0.001301,0.001302,0.001303,0.001304,0.001305,0.001306,880339.2,1002895.7,1233133.1,2231276.9,2792732.6,85500,5977517.5,1957730.1,146923.5,623042.9,85500,418260.9,1364719.9,664685.2,1482658.2,216806.6,480329.9,407608.7,108556.3,1484041.2
26,0.001295,0.001294,0.001293,0.001292,0.001291,0.00129,0.001289,0.001288,0.001287,0.001286,0.001296,0.001297,0.001298,0.001299,0.0013,0.001301,0.001302,0.001303,0.001304,0.001305,880339.2,1216980.6,926618.7,2947468,2813174.5,290535.5,5997166.8,1944678.5,119563,645807.8,9194.9,222318.5,362269.6,1261879.3,988971.3,914487.8,216806.6,480329.9,407608.7,459364.3
27,0.001295,0.001294,0.001293,0.001292,0.001291,0.00129,0.001289,0.001288,0.001287,0.001286,0.001297,0.001298,0.001299,0.0013,0.001301,0.001302,0.001303,0.001304,0.001305,0.001306,1101043.8,899535.6,3005620.2,1018974.9,3225871,117934.9,4762057.2,1944678.5,1340694.1,539041,222318.5,440735.3,1069578.8,938287.2,889988.8,216806.6,480329.9,407608.7,459364.3,1133358
28,0.001295,0.001294,0.001293,0.001292,0.001291,0.00129,0.001289,0.001288,0.001287,0.001286,0.001297,0.001298,0.001299,0.0013,0.001301,0.001302,0.001303,0.001304,0.001305,0.001306,715193,223452.5,968386.2,1197869.5,5224003.8,117956.1,4762057.2,3142121.9,217113.2,1016405.8,793171.1,588272.2,646036.2,1495279.3,700358.3,216806.6,480329.9,407608.7,108556.3,1484169.9
29,0.001295,0.001294,0.001293,0.001292,0.001291,0.00129,0.001289,0.001288,0.001287,0.001286,0.001296,0.001297,0.001298,0.001299,0.0013,0.001301,0.001302,0.001303,0.001304,0.001305,538966.7,223346.1,1257310.9,2618572.1,5319243.8,1653439.7,132427.6,409241.4,217113.2,1056185.3,85500,1109022.1,574349.4,1176608.1,1509764,700122,216806.6,480329.9,407608.7,459097.6
30,0.001295,0.001294,0.001293,0.001292,0.001291,0.00129,0.001289,0.001288,0.001287,0.001286,0.001296,0.001297,0.001298,0.001299,0.0013,0.001301,0.001302,0.001303,0.001304,0.001305,85500,332532.6,1225568.8,854228.9,3346832.9,116405.2,4777499.5,1963891.6,1358638.5,1003607.7,85500,606736.7,1207041.8,724134,1251649.6,890078,212649.2,503507.4,192453.9,496952
31,0.001297,0.001296,0.001295,0.001294,0.001293,0.001292,0.001291,0.00129,0.001289,0.001288,0.001298,0.001299,0.0013,0.001301,0.001302,0.001303,0.001304,0.001305,0.001306,0.001307,85500,332532.6,1333247.2,1108296.3,2985289.2,470710.4,983392.8,1418835,5323685.9,2785840.6,85500,595705.2,986003.5,507841.5,976139.8,1175646.1,512707,378864.1,1242462,433302.6
32,0.001299,0.001298,0.001297,0.001296,0.001295,0.001294,0.001293,0.001292,0.001291,0.00129,0.0013,0.001301,0.001302,0.001303,0.001304,0.001305,0.001306,0.001307,0.001308,0.001309,217203.4,252532.6,1162127.5,833742.4,2717130.4,771387.7,299006.2,187488.3,836710.3,1819446.3,85500,337138.6,699103.4,891729.5,1170592.5,378864.1,617046.9,156458,85500,382334.9
33,0.001301,0.0013,0.001299,0.001298,0.001297,0.001296,0.001295,0.001294,0.001293,0.001292,0.001302,0.001303,0.001304,0.001305,0.001306,0.001307,0.001308,0.001309,0.00131,0.001311,203324.1,252532.6,437199.8,1167037.7,2801558.2,480160.7,272137,1244025.3,98861.1,687488.3,76308,935724.4,1172739.2,1049010.4,527144.9,654344.6,398469.7,507716.1,826433,577555.3
34,0.001299,0.001298,0.001297,0.001296,0.001295,0.001294,0.001293,0.001292,0.001291,0.00129,0.001301,0.001302,0.001303,0.001304,0.001305,0.001306,0.001307,0.001308,0.001309,0.00131,254073.8,859477.5,3191352.2,973421.9,2238175.5,1116682.4,106374.5,687488.3,470457,1489384.5,845092.7,419216.6,923162.4,1018907.8,188908.1,616780.6,539093,428394.7,507716.1,826433
35,0.001303,0.001302,0.001301,0.0013,0.001299,0.001298,0.001297,0.001296,0.001295,0.001294,0.001305,0.001306,0.001307,0.001308,0.001309,0.00131,0.001311,0.001312,0.001313,0.001314,252532.6,782033.7,1273356,1054273.7,4834866.3,85500,362860.8,1289053.7,1205453.1,545182.4,80139.2,274181,679671.9,1019630.2,804994.9,188801.8,304514,671215.2,284083.7,275456
36,0.001303,0.001302,0.001301,0.0013,0.001299,0.001298,0.001297,0.001296,0.001295,0.001294,0.001305,0.001306,0.001307,0.001308,0.001309,0.00131,0.001311,0.001312,0.001313,0.001314,387873.8,648044.5,1673443.2,2685077,992825.7,227827.4,538797.1,585500,744289.5,1737073.5,428814.1,951964.1,324807.1,990399.4,1033244,332065.3,189262.4,671215.2,108551.5,275456
37,0.001304,0.001303,0.001302,0.001301,0.0013,0.001299,0.001298,0.001297,0.001296,0.001295,0.001306,0.001307,0.001308,0.001309,0.00131,0.001311,0.001312,0.001313,0.001314,0.001315,85500,474812.9,710060.3,1298491.6,2711442.2,387608.3,261436.3,492418.2,599058.1,712917.7,809812.3,85500,947382.1,1359988.2,332065.3,189262.4,671215.2,221068.5,275456,384069.3
38,0.001306,0.001305,0.001304,0.001303,0.001302,0.001301,0.0013,0.001299,0.001298,0.001297,0.001308,0.001309,0.00131,0.001311,0.001312,0.001313,0.001314,0.001315,0.001316,0.001317,85500,985091.6,640428.1,1378274.4,2352685.9,290278.6,557376.6,186162.6,99142.6,888164.1,252532.6,128779.4,544570.6,586674.8,492130.9,313268.6,407084.4,525211.2,856582.6,1001965.2
39,0.001305,0.001304,0.001303,0.001302,0.001301,0.0013,0.001299,0.001298,0.001297,0.001296,0.001307,0.001308,0.001309,0.00131,0.001311,0.001312,0.001313,0.001314,0.001315,0.001316,652916.7,307270.1,1578771.3,934779.1,2855674.6,557376.6,186162.6,85500,401778.5,691734.2,252532.6,428814.1,855818.9,1028366.8,624767.1,492130.9,198017,407084.4,407278.8,453829.5
40,0.001305,0.001304,0.001303,0.001302,0.001301,0.0013,0.001299,0.001298,0.001297,0.001296,0.001307,0.001308,0.001309,0.00131,0.001311,0.001312,0.001313,0.001314,0.001315,0.001316,525687,482129.3,1554958.7,934779.1,2865747,557376.6,186162.6,744507.9,401778.5,191734.2,252532.6,252532.6,400903.2,1002196.8,1229794.3,492130.9,198017,407084.4,407278.8,453829.5
41,0.001305,0.001304,0.001303,0.001302,0.001301,0.0013,0.001299,0.001298,0.001297,0.001296,0.001306,0.001307,0.001308,0.001309,0.00131,0.001311,0.001312,0.001313,0.001314,0.001315,190871.3,85500,650290.5,1704823.8,2963013.4,600708.6,186342.1,744507.9,494455.6,98891.2,252532.6,252532.6,614742.9,1202422.7,1037528,624767.1,492130.9,220790.1,275456,404866.7
42,0.001305,0.001304,0.001303,0.001302,0.001301,0.0013,0.001299,0.001298,0.001297,0.001296,0.001307,0.001308,0.001309,0.00131,0.001311,0.001312,0.001313,0.001314,0.001315,0.001316,259288.6,721883.7,1231992.5,2758045,541063.4,709565.1,274150.1,635587.8,388164.1,1395121.2,252532.6,252532.6,384919.5,399060,1232011.5,492130.9,209335,375802.3,404866.7,453829.5
43,0.001304,0.001303,0.001302,0.001301,0.0013,0.001299,0.001298,0.001297,0.001296,0.001295,0.001305,0.001306,0.001307,0.001308,0.001309,0.00131,0.001311,0.001312,0.001313,0.001314,137303.4,756468.5,983564.7,1641694.7,2880402.9,223771,313200.6,494441.2,598835.2,2003937.8,85500,252532.6,493035.9,548465.8,1013648.8,868675.4,509515.5,492130.9,209335,375802.3
44,0.001308,0.001307,0.001306,0.001305,0.001304,0.001303,0.001302,0.001301,0.0013,0.001299,0.001309,0.00131,0.001311,0.001312,0.001313,0.001314,0.001315,0.001316,0.001317,0.001318,85500,252532.6,1505747.9,1178907.4,2504963.6,5146206,1606383.8,678680.6,1757297.7,608139,252532.6,704040.9,566034.4,1082659.9,506815,301097.9,505859.6,588809.9,261032.2,1456800
45,0.001306,0.001305,0.001304,0.001303,0.001302,0.001301,0.0013,0.001299,0.001298,0.001297,0.001308,0.001309,0.00131,0.001311,0.001312,0.001313,0.001314,0.001315,0.001316,0.001317,511820.6,307347.3,1545041.4,1235922.5,3176982.3,5247068.5,2078845.7,607245.2,149062.9,1622872.1,905106.8,428814.1,1032784.8,969506.7,492130.9,622066.6,208732.8,695815.6,760095.4,1001965.2
46,0.001306,0.001305,0.001304,0.001303,0.001302,0.001301,0.0013,0.001299,0.001298,0.001297,0.001308,0.001309,0.00131,0.001311,0.001312,0.001313,0.001314,0.001315,0.001316,0.001317,511820.6,307347.3,982894,712185.7,2487222.8,5247068.5,2051439.4,607245.2,1337281,433737.8,855631.6,252532.6,855819.1,926252.2,492130.9,622066.6,208732.8,695815.6,764198.5,1001965.2
47,0.001305,0.001304,0.001303,0.001302,0.001301,0.0013,0.001299,0.001298,0.001297,0.001296,0.001306,0.001307,0.001308,0.001309,0.00131,0.001311,0.001312,0.001313,0.001314,0.001315,246756.7,251215.1,1648165.7,941410.8,7960320.4,2038926.8,107203.9,135587.8,424518,1868483.9,85500,428814.1,939319.4,402422.6,934365.9,984000.3,492130.9,506815,208732.8,695815.6
48,0.001302,0.001301,0.0013,0.001299,0.001298,0.001297,0.001296,0.001295,0.001294,0.001293,0.001303,0.001304,0.001305,0.001306,0.001307,0.001308,0.001309,0.00131,0.001311,0.001312,173788.6,912595.2,725792.6,1308465,6871026,1929265.5,85500,155826,3030022.6,185326.6,85500,261781.5,894254.2,545018.5,937394,542526,1207038.2,762822.2,85500,693886.2
49,0.0013,0.001299,0.001298,0.001297,0.001296,0.001295,0.001294,0.001293,0.001292,0.001291,0.001301,0.001302,0.001303,0.001304,0.001305,0.001306,0.001307,0.001308,0.001309,0.00131,126194.2,904209.1,464648.2,1537124.1,2468430,4787183.1,2835426.5,1278312.9,598639.4,464489.9,85500,252532.6,510501.8,426310.8,979814.7,817418.1,520157,283443.9,469986.1,303467.9
50,0.001301,0.0013,0.001299,0.001298,0.001297,0.001296,0.001295,0.001294,0.001293,0.001292,0.001302,0.001303,0.001304,0.001305,0.001306,0.001307,0.001308,0.001309,0.00131,0.001311,645503.9,536230.8,1045060.6,1080749.5,847232.1,3007380,331522.1,898738,98667.4,693869.7,85500,269413.4,496235.3,831612.5,802086.1,520157,1091468.5,469986.1,113511.9,1079526.3
51,0.001303,0.001302,0.001301,0.0013,0.001299,0.001298,0.001297,0.001296,0.001295,0.001294,0.001305,0.001306,0.001307,0.001308,0.001309,0.00131,0.001311,0.001312,0.001313,0.001314,876328.2,772958.8,1376854,1630788.2,2388960.2,244220.6,562833.6,193361.6,269920.3,2424765,252532.6,267572.9,904417.9,326795.2,1529916.3,491604.2,1079526.3,891836.9,1001965.2,268311.6
52,0.001302,0.001301,0.0013,0.001299,0.001298,0.001297,0.001296,0.001295,0.001294,0.001293,0.001304,0.001305,0.001306,0.001307,0.001308,0.001309,0.00131,0.001311,0.001312,0.001313,252532.6,1319140.7,1206946.2,2826357.5,854401.5,562833.6,193361.6,756613,1424721.2,713980.2,85500,252532.6,463822.5,817288.2,846229.7,905402.3,468948.3,1079526.3,773927,1001965.2
53,0.001302,0.001301,0.0013,0.001299,0.001298,0.001297,0.001296,0.001295,0.001294,0.001293,0.001303,0.001304,0.001305,0.001306,0.001307,0.001308,0.001309,0.00131,0.001311,0.001312,168704.5,474977.5,1206946.2,3196153.3,267707.4,576622.9,193361.6,904310.4,1155929.5,698481.5,85500,654097.3,508814.1,889990.6,776280.6,327758.8,790239.2,468948.3,1079526.3,773927
54,0.0013,0.001299,0.001298,0.001297,0.001296,0.001295,0.001294,0.001293,0.001292,0.001291,0.001302,0.001303,0.001304,0.001305,0.001306,0.001307,0.001308,0.001309,0.00131,0.001311,259288.6,475405.1,1101909.9,951183.1,2327144,418115.6,1142678.2,241738.6,598639.4,1085146.1,85500,894749.5,242823.7,964779.6,928893,199903.9,212595.7,469986.1,673998.8,1327954.2
55,0.001301,0.0013,0.001299,0.001298,0.001297,0.001296,0.001295,0.001294,0.001293,0.001292,0.001303,0.001304,0.001305,0.001306,0.001307,0.001308,0.001309,0.00131,0.001311,0.001312,259288.6,1333485.5,353195,991211.6,3338811.3,128282.6,413001.6,1642678.2,183195.6,676250.8,252532.6,778620.2,258278.7,1474638.1,199903.9,327758.8,469986.1,773962,1079526.3,999396.3
56,0.001301,0.0013,0.001299,0.001298,0.001297,0.001296,0.001295,0.001294,0.001293,0.001292,0.001302,0.001303,0.001304,0.001305,0.001306,0.001307,0.001308,0.001309,0.00131,0.001311,259288.6,1330330,529485.6,1669931.6,2490657.1,128282.6,233197.4,1642678.2,234078.5,676250.8,85500,252532.6,194700.2,974276.3,874921.2,777020.2,327758.8,469986.1,426486.3,1079526.3
57,0.001301,0.0013,0.001299,0.001298,0.001297,0.001296,0.001295,0.001294,0.001293,0.001292,0.001302,0.001303,0.001304,0.001305,0.001306,0.001307,0.001308,0.001309,0.00131,0.001311,85500,475312.6,1083975.8,952652.3,3322927.2,397478.6,361093.8,1266236.1,196378.2,599371.1,85500,252532.6,777204.1,442478,1491195.9,199903.9,1108828.8,469986.1,426593,522026.1
58,0.001301,0.0013,0.001299,0.001298,0.001297,0.001296,0.001295,0.001294,0.001293,0.001292,0.001303,0.001304,0.001305,0.001306,0.001307,0.001308,0.001309,0.00131,0.001311,0.001312,252532.6,576685.2,810495,998799.9,3339527.3,99305.2,407139.6,1680395.3,196378.2,782065.3,85500,1107500.7,853255.8,1447154.6,199903.9,1223991.9,469986.1,426593,185344.1,999293.1
59,0.001301,0.0013,0.001299,0.001298,0.001297,0.001296,0.001295,0.001294,0.001293,0.001292,0.001303,0.001304,0.001305,0.001306,0.001307,0.001308,0.001309,0.00131,0.001311,0.001312,252532.6,1061414.8,803022.2,1089375.4,3105849.8,99305.2,233197.4,1680395.3,196378.2,782065.3,85500,1135726.1,881481.2,889192.2,786091.7,1223991.9,469986.1,426593,185344.1,999293.1
60,0.001302,0.001301,0.0013,0.001299,0.001298,0.001297,0.001296,0.001295,0.001294,0.001293,0.001303,0.001304,0.001305,0.001306,0.001307,0.001308,0.001309,0.00131,0.001311,0.001312,1383.8,308108.9,252532.6,1195388.6,555236.8,2513987.6,213007.5,340025.5,1781565.5,709854.6,694283.7,876150.5,1053100.1,842796.8,890199.7,1223991.9,365262.2,426593,185344.1,750777.4
61,0.001298,0.001297,0.001296,0.001295,0.001294,0.001293,0.001292,0.001291,0.00129,0.001289,0.0013,0.001301,0.001302,0.001303,0.001304,0.001305,0.001306,0.001307,0.001308,0.001309,259288.6,586658.8,664052,1560258.5,3030128.5,584850.1,256953.5,527366.6,112441.6,162571.2,85500,771477,362903.3,1103215,1160803.4,439644.2,1232883.9,413477.4,1157265.3,548073.8
62,0.001297,0.001296,0.001295,0.001294,0.001293,0.001292,0.001291,0.00129,0.001289,0.001288,0.001299,0.0013,0.001301,0.001302,0.001303,0.001304,0.001305,0.001306,0.001307,0.001308,528379.4,252532.6,618118.7,1598741.9,2610449.9,257085.5,527914.1,200437.7,98603.7,1104983.3,85500,512792.6,516759.7,372881.8,1656112,947212.8,191814.8,681906.9,616899.1,2378962.9
63,0.001297,0.001296,0.001295,0.001294,0.001293,0.001292,0.001291,0.00129,0.001289,0.001288,0.001299,0.0013,0.001301,0.001302,0.001303,0.001304,0.001305,0.001306,0.001307,0.001308,1148120.4,252532.6,884734.2,3745641.5,524252.7,201195.4,506900.1,232279.7,115967.1,1131271.6,252532.6,471067.5,1113753.4,371517.2,1020404.4,321366.8,191814.8,681906.9,703435.6,2378592.8
64,0.001297,0.001296,0.001295,0.001294,0.001293,0.001292,0.001291,0.00129,0.001289,0.001288,0.001298,0.001299,0.0013,0.001301,0.001302,0.001303,0.001304,0.001305,0.001306,0.001307,92256,252532.6,1387237.5,1052281,3207237,383877.9,520964.7,232279.7,208667.9,430913.6,85500,252532.6,1049371.1,587785.2,949863.5,907742.9,206203.7,1113055.6,681906.9,708676.9
65,0.001297,0.001296,0.001295,0.001294,0.001293,0.001292,0.001291,0.00129,0.001289,0.001288,0.001299,0.0013,0.001301,0.001302,0.001303,0.001304,0.001305,0.001306,0.001307,0.001308,252532.6,1060450.2,1170557.2,3417293.1,2576620.8,99229.9,365262.2,222864,221771.6,688504.2,252532.6,568735.8,457698.5,741460,1344840.4,317921.2,1143445.9,697693.7,453829.5,1483100.5
66,0.001295,0.001294,0.001293,0.001292,0.001291,0.00129,0.001289,0.001288,0.001287,0.001286,0.001297,0.001298,0.001299,0.0013,0.001301,0.001302,0.001303,0.001304,0.001305,0.001306,264129,1106815.1,933123.1,3025959.6,494222.3,1647996.2,229063.2,554010.8,728281.4,992882.1,252532.6,252532.6,1147480.3,1369640.6,1213318.7,188800.1,587489.8,202358.8,1006740.8,909489.1
67,0.001296,0.001295,0.001294,0.001293,0.001292,0.001291,0.00129,0.001289,0.001288,0.001287,0.001297,0.001298,0.001299,0.0013,0.001301,0.001302,0.001303,0.001304,0.001305,0.001306,259288.6,341259.6,1786305.4,1087384.3,4741158,5037361,1664919.4,85500,440368.6,2036937.8,85500,787165,1053210,506384.6,1218874.1,188800.1,587489.8,202358.8,1113083.6,896665
68,0.001298,0.001297,0.001296,0.001295,0.001294,0.001293,0.001292,0.001291,0.00129,0.001289,0.001299,0.0013,0.001301,0.001302,0.001303,0.001304,0.001305,0.001306,0.001307,0.001308,259288.6,252532.6,866473,1079443.3,3132469.3,356687.1,213715.8,5067946.9,2237122.7,1348439.8,85500,252532.6,1133385.7,722740.5,471927.4,638174.3,1113083.6,695754.4,453829.5,1001965.2
69,0.0013,0.001299,0.001298,0.001297,0.001296,0.001295,0.001294,0.001293,0.001292,0.001291,0.001301,0.001302,0.001303,0.001304,0.001305,0.001306,0.001307,0.001308,0.001309,0.00131,259288.6,329426,623500.6,3593308,3023161.3,700016.7,901097.5,344786.4,85500,5081223.6,289563.4,85500,195522.1,636661.7,1090136.2,792532.9,569519.4,1195513.9,1028838.4,1221896.6
70,0.0013,0.001299,0.001298,0.001297,0.001296,0.001295,0.001294,0.001293,0.001292,0.001291,0.001301,0.001302,0.001303,0.001304,0.001305,0.001306,0.001307,0.001308,0.001309,0.00131,167508.6,252532.6,951516.8,3640653,91258.1,304366.4,616700.4,136382.9,98861.1,5587928.5,85500,1037539,85500,897822.1,1677228,602576.9,700527.3,431387.3,650263.1,1091830.8
71,0.001299,0.001298,0.001297,0.001296,0.001295,0.001294,0.001293,0.001292,0.001291,0.00129,0.0013,0.001301,0.001302,0.001303,0.001304,0.001305,0.001306,0.001307,0.001308,0.001309,259288.6,252532.6,938754.8,1580991.6,2220184.9,573416.2,241572.8,221754.2,5101233.4,2430757.7,85500,456203.8,664828.1,888694.9,522611.9,1205698.6,676970.5,380274.2,1024708.5,1130103.5
72,0.001298,0.001297,0.001296,0.001295,0.001294,0.001293,0.001292,0.001291,0.00129,0.001289,0.0013,0.001301,0.001302,0.001303,0.001304,0.001305,0.001306,0.001307,0.001308,0.001309,911701.5,720708.3,1863803.7,2445496.8,3106938,99300,221754.2,6299351.2,2260286.6,931279.8,618879.2,289171.2,841100,574568.3,522611.9,1205698.6,676970.5,264584.3,1024708.5,1130103.5
73,0.001298,0.001297,0.001296,0.001295,0.001294,0.001293,0.001292,0.001291,0.00129,0.001289,0.001299,0.0013,0.001301,0.001302,0.001303,0.001304,0.001305,0.001306,0.001307,0.001308,259288.6,252532.6,1135064.6,1008659.8,3097359.3,384201.5,294104.2,5104690.4,2223990.9,598692.3,85500,1009363.2,122417.1,1743562.2,555036.5,522611.9,307405.2,720643.8,365625.1,1482379.8
74,0.001298,0.001297,0.001296,0.001295,0.001294,0.001293,0.001292,0.001291,0.00129,0.001289,0.0013,0.001301,0.001302,0.001303,0.001304,0.001305,0.001306,0.001307,0.001308,0.001309,252532.6,1161050.7,403152.3,1658604,2842014,283643.9,214507.3,475060.8,702177.1,931571.7,252532.6,854043,1148815.9,1133166.2,522611.9,307405.2,720643.8,365625.1,1001965.2,1130677.7
75,0.001301,0.0013,0.001299,0.001298,0.001297,0.001296,0.001295,0.001294,0.001293,0.001292,0.001302,0.001303,0.001304,0.001305,0.001306,0.001307,0.001308,0.001309,0.00131,0.001311,259288.6,837581.6,1172972.4,2697353.5,1392831.1,122756.7,295627.2,1110184.9,85500,211903.7,985863.2,289179.6,788466.9,197504.9,1169227.1,685878.2,394307.8,650263.1,612109.8,765740.8
76,0.001301,0.0013,0.001299,0.001298,0.001297,0.001296,0.001295,0.001294,0.001293,0.001292,0.001302,0.001303,0.001304,0.001305,0.001306,0.001307,0.001308,0.001309,0.00131,0.001311,259288.6,415100.6,1024071,1087699.3,5389782.2,110868.1,185402.5,1094931.4,585500,743704,85500,235908.7,1518850.9,353939.7,1156427.1,774918.2,509870.2,650263.1,589461.6,788958.5
77,0.001301,0.0013,0.001299,0.001298,0.001297,0.001296,0.001295,0.001294,0.001293,0.001292,0.001303,0.001304,0.001305,0.001306,0.001307,0.001308,0.001309,0.00131,0.001311,0.001312,259288.6,1917686.8,2344215.9,496275.9,3271766.1,215588.9,185402.5,1094931.4,608139,741046.6,85500,1662935.8,780519.7,338767.6,1281999.9,509870.2,650263.1,730647.9,411379.2,1870573.7
78,0.001302,0.001301,0.0013,0.001299,0.001298,0.001297,0.001296,0.001295,0.001294,0.001293,0.001303,0.001304,0.001305,0.001306,0.001307,0.001308,0.001309,0.00131,0.001311,0.001312,38402.3,376631.4,537253,1559320.3,4340539.4,5026118.5,1528044.2,85500,992253.1,1603311.6,252532.6,1639164.2,252532.6,1126536.4,754012.8,530775.6,650263.1,690302.9,428839.9,1870573.7
79,0.001303,0.001302,0.001301,0.0013,0.001299,0.001298,0.001297,0.001296,0.001295,0.001294,0.001304,0.001305,0.001306,0.001307,0.001308,0.001309,0.00131,0.001311,0.001312,0.001313,259288.6,252532.6,1689514.1,1306095.4,2999669.6,132150.8,481279,4695565.3,1614720.6,1015194.5,898982.2,854774.2,319254.7,1041803.9,714560.9,765426.2,690302.9,428839.9,1492849.4,85500
80,0.001303,0.001302,0.001301,0.0013,0.001299,0.001298,0.001297,0.001296,0.001295,0.001294,0.001304,0.001305,0.001306,0.001307,0.001308,0.001309,0.00131,0.001311,0.001312,0.001313,191677.1,411776.6,1401982.2,1183673.3,2231900.2,286722,483819.4,4695565.3,1614720.6,1410746.5,85500,935120.8,339395.3,382752.6,1851905.9,671168.5,805466,405733.5,1492849.4,417074.9
81,0.0013,0.001299,0.001298,0.001297,0.001296,0.001295,0.001294,0.001293,0.001292,0.001291,0.001302,0.001303,0.001304,0.001305,0.001306,0.001307,0.001308,0.001309,0.00131,0.001311,252532.6,1025241.6,1190743.4,4596191.3,6948809.8,1614720.6,436396.5,1278312.9,608445.5,1505400.2,1269582.1,807755.3,910423.9,763862.4,1304476.6,572708.6,372490.7,650263.1,832128.8,285880.4
82,0.001301,0.0013,0.001299,0.001298,0.001297,0.001296,0.001295,0.001294,0.001293,0.001292,0.001302,0.001303,0.001304,0.001305,0.001306,0.001307,0.001308,0.001309,0.00131,0.001311,252532.6,904508.1,364530.6,1037986.3,3212933.1,4772908.8,1614720.6,436396.5,585500,505353.9,900363.2,202362.1,907271.9,948238.4,1275333.7,703005.7,372490.7,650263.1,713248.4,595182.1
83,0.001299,0.001298,0.001297,0.001296,0.001295,0.001294,0.001293,0.001292,0.001291,0.00129,0.0013,0.001301,0.001302,0.001303,0.001304,0.001305,0.001306,0.001307,0.001308,0.001309,25312.7,245346.4,998928.5,795420.8,2667311,5067647.4,1531005,85500,975060.8,1276962.6,252532.6,903992.5,1035437.2,1014360.5,681672,386003.4,664302.6,264584.3,283992.2,959674
84,0.001299,0.001298,0.001297,0.001296,0.001295,0.001294,0.001293,0.001292,0.001291,0.00129,0.0013,0.001301,0.001302,0.001303,0.001304,0.001305,0.001306,0.001307,0.001308,0.001309,755909.6,1346200.9,2759946,1443594.8,2586370.2,5051781.1,1616505,134068.1,2096666.5,1187555.6,611285.2,192993.1,900363.2,798815.8,687430.2,386003.4,664302.6,408662.3,392991.9,959674
85,0.001301,0.0013,0.001299,0.001298,0.001297,0.001296,0.001295,0.001294,0.001293,0.001292,0.001302,0.001303,0.001304,0.001305,0.001306,0.001307,0.001308,0.001309,0.00131,0.001311,259288.6,1146634.4,436510.3,1271465.4,2888089.2,544817.3,200120.7,4992477.1,1616505,1111337.4,985863.2,202448.4,875484.9,769668.7,1105433.5,408662.3,370031.9,650263.1,500346.9,617912.4
86,0.001301,0.0013,0.001299,0.001298,0.001297,0.001296,0.001295,0.001294,0.001293,0.001292,0.001302,0.001303,0.001304,0.001305,0.001306,0.001307,0.001308,0.001309,0.00131,0.001311,259288.6,1172213.7,358611,1172706.3,5259674.3,162801.5,200120.7,4992477.1,1616505,1111337.4,900363.2,202448.4,877069.3,291745.7,1105433.5,408662.3,370031.9,650263.1,500346.9,617912.4
87,0.001301,0.0013,0.001299,0.001298,0.001297,0.001296,0.001295,0.001294,0.001293,0.001292,0.001302,0.001303,0.001304,0.001305,0.001306,0.001307,0.001308,0.001309,0.00131,0.001311,173788.6,412256.2,551410,1549554.9,2611810.2,348543.6,200120.7,4992477.1,1664185.5,1111337.4,900363.2,749513.7,908484.2,270840.3,1462542.8,408662.3,559987.9,650263.1,500346.9,617912.4
88,0.0013,0.001299,0.001298,0.001297,0.001296,0.001295,0.001294,0.001293,0.001292,0.001291,0.001301,0.001302,0.001303,0.001304,0.001305,0.001306,0.001307,0.001308,0.001309,0.00131,243879.5,412194.8,1228537.8,1070321,2646634.5,271697.5,4992477.1,1664185.5,714136.1,2033771.4,85500,1573626.4,85500,917823.7,833061.5,909762.8,408662.3,559987.9,650263.1,809401.2
89,0.0013,0.001299,0.001298,0.001297,0.001296,0.001295,0.001294,0.001293,0.001292,0.001291,0.001302,0.001303,0.001304,0.001305,0.001306,0.001307,0.001308,0.001309,0.00131,0.001311,243879.5,1235961.7,774533.4,3331645.8,2541218.9,85500,4992477.1,2856998.4,714136.1,839110.6,1017221.6,635883,382324.3,827018.1,909762.8,408662.3,559987.9,650263.1,809401.2,308739.3
90,0.0013,0.001299,0.001298,0.001297,0.001296,0.001295,0.001294,0.001293,0.001292,0.001291,0.001301,0.001302,0.001303,0.001304,0.001305,0.001306,0.001307,0.001308,0.001309,0.00131,476273.4,1261776.1,648511.8,3527418.4,2540674.7,85500,4992477.1,2856998.4,714136.1,856709.2,85500,1017131.8,635883,361418.9,827018.1,909762.8,408662.3,559987.9,650263.1,809401.2
91,0.001299,0.001298,0.001297,0.001296,0.001295,0.001294,0.001293,0.001292,0.001291,0.00129,0.0013,0.001301,0.001302,0.001303,0.001304,0.001305,0.001306,0.001307,0.001308,0.001309,800978.7,1118732.3,3044021.2,1296933,2544427,4992477.1,1664185.5,191531.5,865262.2,2075381.2,340676.3,85500,1038037.2,822110.4,920640,936364.8,794599.7,374667.5,559987.9,673291.5
92,0.0013,0.001299,0.001298,0.001297,0.001296,0.001295,0.001294,0.001293,0.001292,0.001291,0.001301,0.001302,0.001303,0.001304,0.001305,0.001306,0.001307,0.001308,0.001309,0.00131,85500,437804.6,1301191.3,2806473.7,920934.9,264915.8,4992477.1,1664185.5,191531.5,1339416.1,85500,2066784.7,85500,881853.9,821201.7,909762.8,374667.5,559987.9,673291.5,935944.9
93,0.0013,0.001299,0.001298,0.001297,0.001296,0.001295,0.001294,0.001293,0.001292,0.001291,0.001301,0.001302,0.001303,0.001304,0.001305,0.001306,0.001307,0.001308,0.001309,0.00131,85500,437743.1,1212956.5,1093856.1,7431458.2,1631812.7,377092.5,133180.5,611243.6,2059923,85500,1576713,237648.4,926678.7,270840.3,909762.8,374667.5,559987.9,982702.4,626414.9
94,0.0013,0.001299,0.001298,0.001297,0.001296,0.001295,0.001294,0.001293,0.001292,0.001291,0.001302,0.001303,0.001304,0.001305,0.001306,0.001307,0.001308,0.001309,0.00131,0.001311,252532.6,1265931.8,926570.2,2530504.5,7697788.9,1615960.9,932927.8,530076.3,229913.8,942155.7,900363.2,752355.4,361418.9,837713.1,1459759.8,374667.5,559987.9,982464.6,626414.9,285880.4
95,0.001301,0.0013,0.001299,0.001298,0.001297,0.001296,0.001295,0.001294,0.001293,0.001292,0.001302,0.001303,0.001304,0.001305,0.001306,0.001307,0.001308,0.001309,0.00131,0.001311,92256,412256.2,1186238.2,926570.2,5498340.2,4776447.2,1615960.9,932927.8,530076.3,214347.8,900363.2,712133.4,478265.6,790297.8,1425253.1,374667.5,559987.9,650263.1,935588,308603.1
96,0.001301,0.0013,0.001299,0.001298,0.001297,0.001296,0.001295,0.001294,0.001293,0.001292,0.001302,0.001303,0.001304,0.001305,0.001306,0.001307,0.001308,0.001309,0.00131,0.001311,327063.3,412256.2,1818077.9,2346774,2987761.8,4776447.2,1615960.9,932927.8,530076.3,1408084,867468.1,759698.8,382324.3,944982.5,915478.1,374667.5,559987.9,650263.1,935588,308603.1
97,0.001301,0.0013,0.001299,0.001298,0.001297,0.001296,0.001295,0.001294,0.001293,0.001292,0.001302,0.001303,0.001304,0.001305,0.001306,0.001307,0.001308,0.001309,0.00131,0.001311,92256,437598,590129.8,1632938.2,2712223.7,4776447.2,1615960.9,932927.8,530076.3,214347.8,867468.1,762515.6,478220.7,947799.3,1475635.3,374667.5,559987.9,650263.1,935588,308603.1
98,0.001299,0.001298,0.001297,0.001296,0.001295,0.001294,0.001293,0.001292,0.001291,0.00129,0.0013,0.001301,0.001302,0.001303,0.001304,0.001305,0.001306,0.001307,0.001308,0.001309,591931.6,936968.9,1383819.1,2682864.6,5344337,2493469.4,133180.5,214347.8,1262158,299411.3,60884.7,2322164.7,1429674.1,755210.6,483878.4,502982.3,794599.7,374667.5,892307.1,650263.1
99,0.001296,0.001295,0.001294,0.001293,0.001292,0.001291,0.00129,0.001289,0.001288,0.001287,0.001298,0.001299,0.0013,0.001301,0.001302,0.001303,0.001304,0.001305,0.001306,0.001307,863066.3,1111865.5,1653672.2,2549784,7268181.1,2477360.4,673654.2,483007.2,404624.9,662660.4,252532.6,369571,776332.3,958924.5,1173732.6,1336447.5,704595.4,85500,1410998.8,374667.5
100,0.001295,0.001294,0.001293,0.001292,0.001291,0.00129,0.001289,0.001288,0.001287,0.001286,0.001296,0.001297,0.001298,0.001299,0.0013,0.001301,0.001302,0.001303,0.001304,0.001305,607474.1,1516512.7,1943804.6,3040330.7,7544243.5,1660557.7,105556.8,1652231.2,983620.4,162720,110949.8,202719,358180,2043041.9,612502.8,504973.8,495836.3,686264.6,869687,268311.6
101,0.001294,0.001293,0.001292,0.001291,0.00129,0.001289,0.001288,0.001287,0.001286,0.001285,0.001295,0.001296,0.001297,0.001298,0.001299,0.0013,0.001301,0.001302,0.001303,0.001304,860298.6,293582.2,1215917.5,3147453.4,467082,290553.7,535331.7,208092.7,502619.7,1522697.7,85500,416022.8,270306.1,1055225.7,2031081,927015.5,388172,105493.8,979709.5,450988.2
102,0.001294,0.001293,0.001292,0.001291,0.00129,0.001289,0.001288,0.001287,0.001286,0.001285,0.001295,0.001296,0.001297,0.001298,0.001299,0.0013,0.001301,0.001302,0.001303,0.001304,1611226.1,2144459.4,2750366.9,742918.4,2854952.8,290553.7,535331.7,244664.9,556522,1629109.2,46180.7,202809.5,85500,488818.5,2026432.4,932719.4,388172,105493.8,979709.5,450988.2
103,0.001295,0.001294,0.001293,0.001292,0.001291,0.00129,0.001289,0.001288,0.001287,0.001286,0.001296,0.001297,0.001298,0.001299,0.0013,0.001301,0.001302,0.001303,0.001304,0.001305,6756,1224643.2,203731,1010905.9,3473980.2,287544.2,276759.7,535331.7,665945,158094.3,85500,202764.2,1015939.8,2040179,932719.4,388172,105493.8,646223.2,761713.7,633330.6
104,0.001294,0.001293,0.001292,0.001291,0.00129,0.001289,0.001288,0.001287,0.001286,0.001285,0.001295,0.001296,0.001297,0.001298,0.001299,0.0013,0.001301,0.001302,0.001303,0.001304,74898,457228.4,1556161.8,2608558.5,5538991,1656641.3,431570.9,273691.1,462465.4,1499697.1,85500,989196.9,209926.7,1082527.1,1465255.5,934851.1,272831.8,105493.8,1082071.4,450988.2
105,0.001295,0.001294,0.001293,0.001292,0.001291,0.00129,0.001289,0.001288,0.001287,0.001286,0.001297,0.001298,0.001299,0.0013,0.001301,0.001302,0.001303,0.001304,0.001305,0.001306,548880.9,1597404.4,387987.8,1120048.1,5337439.9,4734330.9,1626997.1,735707.1,1327874.4,841696,124050.5,1152689,1356007.7,1202860.6,841514.3,220834,646223.2,863603.3,291464.4,1267613.4
106,0.001295,0.001294,0.001293,0.001292,0.001291,0.00129,0.001289,0.001288,0.001287,0.001286,0.001296,0.001297,0.001298,0.001299,0.0013,0.001301,0.001302,0.001303,0.001304,0.001305,360753.7,332532.6,1010125,1231764.7,5583695.2,4734330.9,1626997.1,1629014.3,476228.4,235540,85500,253185.8,1015619.7,1473305.2,1453798.9,193183.9,220834,646223.2,863603.3,291464.4
107,0.001296,0.001295,0.001294,0.001293,0.001292,0.001291,0.00129,0.001289,0.001288,0.001287,0.001298,0.001299,0.0013,0.001301,0.001302,0.001303,0.001304,0.001305,0.001306,0.001307,293578.3,365061.4,2242345,2566828,2423751.4,365262.2,4724528.2,2560889.9,431570.9,834502.3,277952.7,1112582,218717.3,881234.9,220834,966476.3,557825.2,696555.6,1267613.4,515124.7
108,0.001296,0.001295,0.001294,0.001293,0.001292,0.001291,0.00129,0.001289,0.001288,0.001287,0.001297,0.001298,0.001299,0.0013,0.001301,0.001302,0.001303,0.001304,0.001305,0.001306,41045.7,365061.4,383807.1,1755306.7,2426514.6,553118.4,4738407.7,2681188,830751.1,166588.6,862291.5,402448.1,1837222.8,626985.3,920285.7,220834,966476.3,557825.2,719427.5,1267613.4
109,0.001296,0.001295,0.001294,0.001293,0.001292,0.001291,0.00129,0.001289,0.001288,0.001287,0.001297,0.001298,0.001299,0.0013,0.001301,0.001302,0.001303,0.001304,0.001305,0.001306,133301.7,365061.4,1661462.1,989307,5165696.9,394978.2,4724528.2,2681188,830751.1,1442093.1,85500,1030331.4,987942.5,969525.7,310526.8,220834,966476.3,557825.2,719427.5,1267613.4
110,0.001295,0.001294,0.001293,0.001292,0.001291,0.00129,0.001289,0.001288,0.001287,0.001286,0.001297,0.001298,0.001299,0.0013,0.001301,0.001302,0.001303,0.001304,0.001305,0.001306,196138,429075.7,1340071.6,958475.6,3223419.2,4738347.6,1623101.8,1369215.1,773864.8,219476.1,264071.9,925272.3,1802743,1190513.5,395894.1,190993.8,1082172.4,883988.1,393406.5,1267613.4
111,0.001295,0.001294,0.001293,0.001292,0.001291,0.00129,0.001289,0.001288,0.001287,0.001286,0.001296,0.001297,0.001298,0.001299,0.0013,0.001301,0.001302,0.001303,0.001304,0.001305,196138,1344994.1,577535.9,1891813.9,5072721.9,4738347.6,1623101.8,990098.5,1066060.1,1418781.8,85500,221582.7,805107.5,1240676.9,1194797,511590.2,190993.8,966476.3,883988.1,393406.5
112,0.001295,0.001294,0.001293,0.001292,0.001291,0.00129,0.001289,0.001288,0.001287,0.001286,0.001296,0.001297,0.001298,0.001299,0.0013,0.001301,0.001302,0.001303,0.001304,0.001305,196138,1318316.7,565136.7,1871285.7,4985295.9,4738347.6,1623101.8,2187541.9,1066206.5,219476.1,85500,221630.7,187908.6,1822664.3,603005.2,511590.2,190993.8,966476.3,883988.1,393406.5
113,0.001295,0.001294,0.001293,0.001292,0.001291,0.00129,0.001289,0.001288,0.001287,0.001286,0.001296,0.001297,0.001298,0.001299,0.0013,0.001301,0.001302,0.001303,0.001304,0.001305,85500,1000956.9,565024.9,3277114.4,386783.6,4738347.6,1623101.8,990098.5,1066221,219476.1,81662.7,210091.4,759789.8,1389478.7,603005.2,511590.2,190993.8,966476.3,883988.1,393406.5
114,0.001294,0.001293,0.001292,0.001291,0.00129,0.001289,0.001288,0.001287,0.001286,0.001285,0.001295,0.001296,0.001297,0.001298,0.001299,0.0013,0.001301,0.001302,0.001303,0.001304,117661.6,1111697.8,462793.5,1852514,7216944,1636961.5,990098.5,142268.5,584816.5,980157,85500,373334.8,777030.8,916161.6,1355893.9,1487604.5,278551.2,190993.8,995346.8,557825.2
115,0.001296,0.001295,0.001294,0.001293,0.001292,0.001291,0.00129,0.001289,0.001288,0.001287,0.001297,0.001298,0.001299,0.0013,0.001301,0.001302,0.001303,0.001304,0.001305,0.001306,296366.7,1222304.1,706041.5,1914195,2736823.3,440918.7,4724489.5,1680707.3,1342373.7,1417773,85500,235576.2,1679948.1,597685.5,971412.6,511246.9,646223.2,557825.2,720006.2,1267613.4
116,0.001296,0.001295,0.001294,0.001293,0.001292,0.001291,0.00129,0.001289,0.001288,0.001287,0.001297,0.001298,0.001299,0.0013,0.001301,0.001302,0.001303,0.001304,0.001305,0.001306,92256,348750.2,1625902.3,1061059.1,2844510.6,548987.4,4724489.5,1680707.3,1341788.4,219399.2,85500,972936.3,1094672.1,1193331.3,971804.5,511246.9,761919.3,557825.2,719239,1267613.4
117,0.001295,0.001294,0.001293,0.001292,0.001291,0.00129,0.001289,0.001288,0.001287,0.001286,0.001297,0.001298,0.001299,0.0013,0.001301,0.001302,0.001303,0.001304,0.001305,0.001306,252532.6,541598.8,1846077.5,2264189,2808986.8,4724489.5,1680707.3,1398928.4,142268.5,2031947.8,85500,505740.2,1815184.7,615125.3,1080835.8,511246.9,646223.2,883988.1,393327.5,1267613.4
118,0.001295,0.001294,0.001293,0.001292,0.001291,0.00129,0.001289,0.001288,0.001287,0.001286,0.001296,0.001297,0.001298,0.001299,0.0013,0.001301,0.001302,0.001303,0.001304,0.001305,92256,363706.7,1883926.4,2472959.4,2629399.9,4738401.1,1680707.3,1019226.5,521823.9,225584.2,85500,377124,984643.4,1930521.5,605313.1,511499.6,511246.9,646223.2,883988.1,393327.5
119,0.001296,0.001295,0.001294,0.001293,0.001292,0.001291,0.00129,0.001289,0.001288,0.001287,0.001297,0.001298,0.001299,0.0013,0.001301,0.001302,0.001303,0.001304,0.001305,0.001306,92256,403786.8,1369880.1,974919.1,2960372.4,591274.8,4724489.5,1680707.3,1398928.4,160573.3,85500,313270.9,1678127.9,309984.4,1086892.3,511246.9,646223.2,557825.2,719742.1,1267613.4
120,0.001297,0.001296,0.001295,0.001294,0.001293,0.001292,0.001291,0.00129,0.001289,0.001288,0.001298,0.001299,0.0013,0.001301,0.001302,0.001303,0.001304,0.001305,0.001306,0.001307,259288.6,403611.9,1450336.2,1267712.4,2278544.4,255131.1,503509.2,4720494.2,2560116.3,1019226.5,85500,1619534.2,207113.2,980179.5,516969.9,761919.3,557825.2,370518.5,1593650.5,514845.7
121,0.001297,0.001296,0.001295,0.001294,0.001293,0.001292,0.001291,0.00129,0.001289,0.001288,0.001298,0.001299,0.0013,0.001301,0.001302,0.001303,0.001304,0.001305,0.001306,0.001307,259288.6,403611.9,1482843,1242275.8,2278544.4,280585.8,503509.2,4720494.2,2560116.3,1096297.7,85500,1656679.4,86304.7,983757.8,1087899.5,761919.3,557825.2,370518.5,1593650.5,514845.7
122,0.001298,0.001297,0.001296,0.001295,0.001294,0.001293,0.001292,0.001291,0.00129,0.001289,0.001299,0.0013,0.001301,0.001302,0.001303,0.001304,0.001305,0.001306,0.001307,0.001308,92256,403553.7,951619.2,1529640.3,5183869.1,163135.6,99465.2,365262.2,5099610.8,643061.2,842139.5,797965.3,295575.9,1204470.9,646223.2,673521.3,370518.5,1267613.4,840757.2,354705.6
123,0.001298,0.001297,0.001296,0.001295,0.001294,0.001293,0.001292,0.001291,0.00129,0.001289,0.001299,0.0013,0.001301,0.001302,0.001303,0.001304,0.001305,0.001306,0.001307,0.001308,160187.8,428752.4,1676222.3,2419159.9,398410,271557.2,190743,365262.2,5121911.6,720073.1,85500,935489.2,198483,865871.4,1682527.7,673521.3,690771.6,1372059.9,444802.8,354705.6
124,0.001298,0.001297,0.001296,0.001295,0.001294,0.001293,0.001292,0.001291,0.00129,0.001289,0.001299,0.0013,0.001301,0.001302,0.001303,0.001304,0.001305,0.001306,0.001307,0.001308,92256,428752.4,1304012.7,2762917.7,8379664.9,1648324.9,85500,365262.2,486917.4,1916587.6,85500,210560.6,198483,307975.4,1682527.7,673521.3,690771.6,1372059.9,444802.8,354705.6
125,0.001299,0.001298,0.001297,0.001296,0.001295,0.001294,0.001293,0.001292,0.001291,0.00129,0.0013,0.001301,0.001302,0.001303,0.001304,0.001305,0.001306,0.001307,0.001308,0.001309,360930.3,236404.7,1624431.3,1039340.7,2427010.1,5019126.2,1632419.5,85500,744086.8,185336.9,60884.7,781612.1,762754.4,1682527.7,1129585.8,806289.5,1372059.9,231131.4,680366.1,365262.2
126,0.001299,0.001298,0.001297,0.001296,0.001295,0.001294,0.001293,0.001292,0.001291,0.00129,0.001301,0.001302,0.001303,0.001304,0.001305,0.001306,0.001307,0.001308,0.001309,0.00131,237194.6,348181.3,1626615.3,1207826.1,3288809.7,5019126.2,1632419.5,464033.1,365262.2,685336.9,824003.4,349188,2270417.9,955147.7,806289.5,631126.9,208373.7,870322.1,387913.4,1347964.6
127,0.0013,0.001299,0.001298,0.001297,0.001296,0.001295,0.001294,0.001293,0.001292,0.001291,0.001301,0.001302,0.001303,0.001304,0.001305,0.001306,0.001307,0.001308,0.001309,0.00131,160083.7,570416.7,1683925.7,3199740.5,2434909.5,266540.7,4988297.8,1618454.3,1043715.9,442155.7,85500,827434.4,1164256.5,1163811.8,630539.3,746644.8,208373.7,646160.9,895884.7,1347964.6
128,0.001302,0.001301,0.0013,0.001299,0.001298,0.001297,0.001296,0.001295,0.001294,0.001293,0.001303,0.001304,0.001305,0.001306,0.001307,0.001308,0.001309,0.00131,0.001311,0.001312,92256,403089.5,863501.7,1869686.4,2321517.2,881729,343410,591040.3,4988297.8,2811267.2,1164256.5,398976.6,304508.8,1235054.4,779924.1,812726.3,666640.4,850483.5,1244534.3,634675.3
129,0.001301,0.0013,0.001299,0.001298,0.001297,0.001296,0.001295,0.001294,0.001293,0.001292,0.001302,0.001303,0.001304,0.001305,0.001306,0.001307,0.001308,0.001309,0.00131,0.001311,185372.8,402973.9,1326026.9,796315.1,2774219.1,343326.3,230452.3,5407700.3,1618454.3,742453.6,85500,1722851,223396.8,875155,478713.2,387458,988258.5,666640.4,1039603.9,1244534.3
130,0.0013,0.001299,0.001298,0.001297,0.001296,0.001295,0.001294,0.001293,0.001292,0.001291,0.001301,0.001302,0.001303,0.001304,0.001305,0.001306,0.001307,0.001308,0.001309,0.00131,85500,403089.5,982958.6,1480039.5,2211415.5,375927.3,5030039.1,2045780.6,665619.2,942155.7,482401.9,799902.6,1273588.8,377583.3,900566.5,588530.3,387458,1197650.5,570937.4,714818.8
131,0.001299,0.001298,0.001297,0.001296,0.001295,0.001294,0.001293,0.001292,0.001291,0.00129,0.0013,0.001301,0.001302,0.001303,0.001304,0.001305,0.001306,0.001307,0.001308,0.001309,653038.6,1405434.8,2993682.9,1577315.4,2559134.3,6237753.8,1681730,976109.9,865262.2,269249,85500,244880,291787.6,1818066.2,357917.8,624761.9,588530.3,783805.1,552487.5,570937.4
132,0.0013,0.001299,0.001298,0.001297,0.001296,0.001295,0.001294,0.001293,0.001292,0.001291,0.001301,0.001302,0.001303,0.001304,0.001305,0.001306,0.001307,0.001308,0.001309,0.00131,85500,1161263.5,875103.1,3307499.3,483615.7,296540.9,5030039.1,1978081.1,712694,865262.2,85500,270439.6,1905198,366100.1,1155924.5,588530.3,387458,948834.6,570937.4,714818.8
133,0.0013,0.001299,0.001298,0.001297,0.001296,0.001295,0.001294,0.001293,0.001292,0.001291,0.001301,0.001302,0.001303,0.001304,0.001305,0.001306,0.001307,0.001308,0.001309,0.00131,153327.7,1238507,868962.1,3859989,515016.5,296540.9,5030039.1,1978081.1,712694,865262.2,85500,270439.6,1152204.8,929065.8,630527.9,588530.3,387458,948834.6,570937.4,714818.8
134,0.001301,0.0013,0.001299,0.001298,0.001297,0.001296,0.001295,0.001294,0.001293,0.001292,0.001302,0.001303,0.001304,0.001305,0.001306,0.001307,0.001308,0.001309,0.00131,0.001311,92256,369663.6,1587572,3026839.7,1412447.8,2013329.1,296702.7,719336.3,134874.9,1212694,110875.5,1144552.2,763707.7,304508.8,1141738.7,387458,872740.6,943963.8,714818.8,1244968.3
135,0.001301,0.0013,0.001299,0.001298,0.001297,0.001296,0.001295,0.001294,0.001293,0.001292,0.001302,0.001303,0.001304,0.001305,0.001306,0.001307,0.001308,0.001309,0.00131,0.001311,804558.6,3578935.7,1528160.1,2386795,1808021.2,1706331.6,200512,719336.3,634874.9,789528.4,25375.5,1144552.2,617487.5,304508.8,1106638.3,393248.8,872740.6,1050362.1,714818.8,1244968.3
136,0.001301,0.0013,0.001299,0.001298,0.001297,0.001296,0.001295,0.001294,0.001293,0.001292,0.001302,0.001303,0.001304,0.001305,0.001306,0.001307,0.001308,0.001309,0.00131,0.001311,795335,850614.4,1875679.7,2410340.6,4557310.5,1675503.2,85500,719336.3,634874.9,789528.4,110875.5,1662261.2,99379.5,822217.8,594305.1,387458,872740.6,1050362.1,714818.8,1244968.3
137,0.001302,0.001301,0.0013,0.001299,0.001298,0.001297,0.001296,0.001295,0.001294,0.001293,0.001303,0.001304,0.001305,0.001306,0.001307,0.001308,0.001309,0.00131,0.001311,0.001312,142201.2,367151,862941,4073573.8,4877988.4,411811.2,1660112.7,395394.3,432008.7,634874.9,1540821.2,244757.6,873947.6,1142420.2,393181.4,988258.5,654472.1,1110404.6,1244968.3,634675.3
138,0.001302,0.001301,0.0013,0.001299,0.001298,0.001297,0.001296,0.001295,0.001294,0.001293,0.001303,0.001304,0.001305,0.001306,0.001307,0.001308,0.001309,0.00131,0.001311,0.001312,93695.1,202582.5,257783.6,1104456.7,3389223,5021876.5,1969997.6,206824.1,409322.9,634874.9,1724250.7,244752.7,318298.6,1172289.3,387458,988258.5,1050045.9,714818.8,1244968.3,634675.3
139,0.001301,0.0013,0.001299,0.001298,0.001297,0.001296,0.001295,0.001294,0.001293,0.001292,0.001302,0.001303,0.001304,0.001305,0.001306,0.001307,0.001308,0.001309,0.00131,0.001311,92256,395058.3,1658034.3,1196955.6,3575535.2,4757879.7,1925694.8,409322.9,634874.9,712786.4,254470.7,1311580,846573.6,971778.1,592512.5,502621.1,1268618.6,654472.1,714818.8,1244968.3
140,0.001304,0.001303,0.001302,0.001301,0.0013,0.001299,0.001298,0.001297,0.001296,0.001295,0.001306,0.001307,0.001308,0.001309,0.00131,0.001311,0.001312,0.001313,0.001314,0.001315,403710.1,836126.2,1439470.4,2534826.5,1335098.5,237582,582652,403963.2,6942622.8,1721628.8,554243.9,1156000.1,1058563.6,1252909.2,1184376,331146.6,1111017.8,85500,329544,951016.1
141,0.001305,0.001304,0.001303,0.001302,0.001301,0.0013,0.001299,0.001298,0.001297,0.001296,0.001306,0.001307,0.001308,0.001309,0.00131,0.001311,0.001312,0.001313,0.001314,0.001315,673566.7,496894.6,1967908.6,2766528.1,3397404.3,419861.5,780397.2,103585.5,903963.2,6442622.8,85500,1241503.1,845269.2,1370909.9,864122.9,331146.6,1109135.9,414492.5,434629.3,951016.1
142,0.001307,0.001306,0.001305,0.001304,0.001303,0.001302,0.001301,0.0013,0.001299,0.001298,0.001308,0.001309,0.00131,0.001311,0.001312,0.001313,0.001314,0.001315,0.001316,0.001317,508670.9,365399.9,973027.4,3603522.2,2690277,244400.7,1364730.8,364600.9,216744.2,751473.9,85500,1735405.3,1361458.3,762280.5,794652.2,302970.3,732238,864467.2,85500,1671901.6
143,0.001306,0.001305,0.001304,0.001303,0.001302,0.001301,0.0013,0.001299,0.001298,0.001297,0.001308,0.001309,0.00131,0.001311,0.001312,0.001313,0.001314,0.001315,0.001316,0.001317,500430.7,252532.6,1010253.8,3654501.9,2676830.4,668544.2,1079904.9,216744.2,603585.5,381077.6,796013.1,1764733.8,1409828.2,347164.3,788882.8,302970.3,931862.1,664613.8,85500,1671901.6
144,0.001307,0.001306,0.001305,0.001304,0.001303,0.001302,0.001301,0.0013,0.001299,0.001298,0.001308,0.001309,0.00131,0.001311,0.001312,0.001313,0.001314,0.001315,0.001316,0.001317,306161,365399.9,448348.8,1236273.8,3648850.4,260637.7,842592.5,467309.8,662124.4,585500,612161.1,1366862.8,1457125.3,968288.1,794603.5,302970.3,732238,864161.6,85500,1671901.6
145,0.001307,0.001306,0.001305,0.001304,0.001303,0.001302,0.001301,0.0013,0.001299,0.001298,0.001309,0.00131,0.001311,0.001312,0.001313,0.001314,0.001315,0.001316,0.001317,0.001318,586159,85500,1575520.3,1033831.8,2706759.3,235403.5,842592.5,467309.8,679808.9,585500,1882680.7,794818.8,965824.4,1390421.4,302970.3,732238,864161.6,85500,1671901.6,387169.6
146,0.001307,0.001306,0.001305,0.001304,0.001303,0.001302,0.001301,0.0013,0.001299,0.001298,0.001308,0.001309,0.00131,0.001311,0.001312,0.001313,0.001314,0.001315,0.001316,0.001317,391661,365390.9,1774464.2,2755936.4,2859038.4,130589.3,842592.5,508857,679808.9,661981.8,85500,1366862.8,1306923.6,962111.3,794603.5,302970.3,732238,864161.6,85500,1671901.6
147,0.001304,0.001303,0.001302,0.001301,0.0013,0.001299,0.001298,0.001297,0.001296,0.001295,0.001306,0.001307,0.001308,0.001309,0.00131,0.001311,0.001312,0.001313,0.001314,0.001315,532959.5,1009558,1206238.9,2554144.9,3690908.9,639474,803477.2,421027.2,5887388.8,2298227.8,252532.6,332532.6,463986.1,2419592.7,1600744.1,791543.2,988806.3,187807.2,411984.9,973970.7
148,0.001305,0.001304,0.001303,0.001302,0.001301,0.0013,0.001299,0.001298,0.001297,0.001296,0.001306,0.001307,0.001308,0.001309,0.00131,0.001311,0.001312,0.001313,0.001314,0.001315,92256,532959.5,1286132.8,294969,2919452.2,610011.2,1464761.3,189963.3,420431.4,5236545.4,897605.5,332532.6,1095285.4,1499423.4,1003686.4,675143.7,788882.8,387807.3,411984.9,973970.7
149,0.001305,0.001304,0.001303,0.001302,0.001301,0.0013,0.001299,0.001298,0.001297,0.001296,0.001306,0.001307,0.001308,0.001309,0.00131,0.001311,0.001312,0.001313,0.001314,0.001315,561923.6,1449514.8,3357735.1,1183338.1,2590841.5,406148.1,1378013.6,189963.3,439764.7,624708.4,530176.6,165500,252532.6,1192959.2,1023826.5,675143.7,788882.8,387807.3,411984.9,973970.7
150,0.001305,0.001304,0.001303,0.001302,0.001301,0.0013,0.001299,0.001298,0.001297,0.001296,0.001306,0.001307,0.001308,0.001309,0.00131,0.001311,0.001312,0.001313,0.001314,0.001315,1568167.6,861588.8,3568304.1,893820.5,2825166.7,406148.1,1378013.6,189963.3,939764.7,201307.4,530176.6,165500,252532.6,1110909.2,1023826.5,675143.7,788882.8,387807.3,411984.9,973970.7
151,0.001305,0.001304,0.001303,0.001302,0.001301,0.0013,0.001299,0.001298,0.001297,0.001296,0.001306,0.001307,0.001308,0.001309,0.00131,0.001311,0.001312,0.001313,0.001314,0.001315,804558.6,1562572.8,3246264.9,932031.1,3008494,406148.1,1378013.6,189963.3,939764.6,201307.4,530176.6,165500,719336.6,616422.2,1023826.5,675143.7,788882.8,387807.3,411984.9,973970.7
152,0.001307,0.001306,0.001305,0.001304,0.001303,0.001302,0.001301,0.0013,0.001299,0.001298,0.001308,0.001309,0.00131,0.001311,0.001312,0.001313,0.001314,0.001315,0.001316,0.001317,259288.6,532959.5,1067626.4,1387012.2,2833251.7,116139.6,851106.6,406148.1,750300.3,189963.3,1473253,471314.4,1347218.6,1067928.6,788882.8,302970.3,411984.9,1173894.2,85500,1648824
153,0.001307,0.001306,0.001305,0.001304,0.001303,0.001302,0.001301,0.0013,0.001299,0.001298,0.001308,0.001309,0.00131,0.001311,0.001312,0.001313,0.001314,0.001315,0.001316,0.001317,173788.6,532959.5,586067.4,2039021.6,9400780.1,2251258.9,99496.2,406148.1,662268.5,189963.3,970998.5,852271.3,1409284.1,753932.3,825552.4,302970.3,931861.8,1053944.4,85500,1671669.9
154,0.001307,0.001306,0.001305,0.001304,0.001303,0.001302,0.001301,0.0013,0.001299,0.001298,0.001308,0.001309,0.00131,0.001311,0.001312,0.001313,0.001314,0.001315,0.001316,0.001317,425792.4,532959.5,1146673.9,1181357.8,7282012.8,2251258.9,99496.2,406148.1,679197.9,189963.3,1552300.5,304281.8,1412386.6,219821.8,825552.4,302970.3,931861.8,1053944.4,85500,1671669.9
155,0.001306,0.001305,0.001304,0.001303,0.001302,0.001301,0.0013,0.001299,0.001298,0.001297,0.001307,0.001308,0.001309,0.00131,0.001311,0.001312,0.001313,0.001314,0.001315,0.001316,532959.5,356557.1,1647497.8,790409.5,7432202.4,1637799.9,406148.1,639474,189963.3,1753285.3,418456.9,1138031.1,420547.6,1602678.7,211709.4,934576.5,187807.2,931861.8,1077228.4,85500
156,0.001306,0.001305,0.001304,0.001303,0.001302,0.001301,0.0013,0.001299,0.001298,0.001297,0.001307,0.001308,0.001309,0.00131,0.001311,0.001312,0.001313,0.001314,0.001315,0.001316,252532.6,1010448.3,1072174.2,1359030.4,9546929.8,2250394.2,406148.1,639474,85500,1736325.1,418456.9,1218031.1,972730.3,957833.6,843892.1,1134200.3,187807.2,732238,1077228.4,586626.9
157,0.001306,0.001305,0.001304,0.001303,0.001302,0.001301,0.0013,0.001299,0.001298,0.001297,0.001307,0.001308,0.001309,0.00131,0.001311,0.001312,0.001313,0.001314,0.001315,0.001316,252532.6,1455650.5,603219.9,1268028.1,3292616.5,929608.9,5002088.3,2164347.6,85500,1555907.9,418456.9,1233139.7,1049510.2,949637.6,1113273.5,1134506.2,187807.2,411984.9,1077228.4,587394.6
158,0.001305,0.001304,0.001303,0.001302,0.001301,0.0013,0.001299,0.001298,0.001297,0.001296,0.001306,0.001307,0.001308,0.001309,0.00131,0.001311,0.001312,0.001313,0.001314,0.001315,523968.4,1217464.4,1077848,3881478.4,3360319.4,5016073.9,2164347.6,85500,404361.6,2524146.1,85500,600598.1,1218031.1,1354536.5,949637.6,1118082.8,1134506.2,187807.2,411984.9,1077228.4
159,0.001305,0.001304,0.001303,0.001302,0.001301,0.0013,0.001299,0.001298,0.001297,0.001296,0.001306,0.001307,0.001308,0.001309,0.00131,0.001311,0.001312,0.001313,0.001314,0.001315,85500,1174414.7,737873.1,811241.8,3412992.1,5631135.1,2178312,161918.8,423085.9,2465338.5,100608.6,665489.5,1779593.7,762647.2,949637.6,726195.5,934576.5,187807.2,411984.9,1579299.7
160,0.001305,0.001304,0.001303,0.001302,0.001301,0.0013,0.001299,0.001298,0.001297,0.001296,0.001307,0.001308,0.001309,0.00131,0.001311,0.001312,0.001313,0.001314,0.001315,0.001316,532744.8,973276.6,1080293,1059010,4153277.7,5016106,2164347.6,161918.8,423085.9,1333660.8,600598.8,1913795.7,633990.9,1645134.6,1215624.3,1134346.9,187807.2,411984.9,1077228.4,586994.9
161,0.001305,0.001304,0.001303,0.001302,0.001301,0.0013,0.001299,0.001298,0.001297,0.001296,0.001306,0.001307,0.001308,0.001309,0.00131,0.001311,0.001312,0.001313,0.001314,0.001315,252532.6,922710.7,639560,1070757,2768616.7,5587834.2,2164347.6,219882,423085.9,2523712.6,85500,665489.5,1138031.1,737665,949637.6,726041.2,934576.5,187807.2,411984.9,1578912.4
162,0.001306,0.001305,0.001304,0.001303,0.001302,0.001301,0.0013,0.001299,0.001298,0.001297,0.001307,0.001308,0.001309,0.00131,0.001311,0.001312,0.001313,0.001314,0.001315,0.001316,252532.6,1123521.7,587578.9,1212902.9,3370052.6,946531.4,4974548.1,2164347.6,265183.4,399801.9,85500,1218031.1,829157.4,1534723.5,526195.4,1134352.3,187807.2,411984.9,1053944.4,587008.3
163,0.001305,0.001304,0.001303,0.001302,0.001301,0.0013,0.001299,0.001298,0.001297,0.001296,0.001306,0.001307,0.001308,0.001309,0.00131,0.001311,0.001312,0.001313,0.001314,0.001315,455234.8,674529.8,2128921.2,3195183.5,3250281.4,5587609.7,2164347.6,265183.4,399801.9,2484536.4,85500,332532.6,1721182.4,1345753.3,943954.1,1309122.8,934576.5,187807.2,411984.9,1555453.6
164,0.001305,0.001304,0.001303,0.001302,0.001301,0.0013,0.001299,0.001298,0.001297,0.001296,0.001306,0.001307,0.001308,0.001309,0.00131,0.001311,0.001312,0.001313,0.001314,0.001315,252532.6,557999.6,2129585.1,2215883,281912,5587599.1,2164347.6,265183.4,399801.9,1294484.6,139246.1,748190.3,1138031.1,1358315.5,947102.9,725971.5,934576.5,187807.2,411984.9,1555453.6
165,0.001301,0.0013,0.001299,0.001298,0.001297,0.001296,0.001295,0.001294,0.001293,0.001292,0.001302,0.001303,0.001304,0.001305,0.001306,0.001307,0.001308,0.001309,0.00131,0.001311,327063.3,1496577.7,796846.6,3842030,7106578.1,1646666.5,726184.1,920287.7,585500,267510.9,85500,1232204.8,856504.1,494843.9,1463909.7,367617.3,862102.4,646861.9,1110271.6,384763.1
166,0.001301,0.0013,0.001299,0.001298,0.001297,0.001296,0.001295,0.001294,0.001293,0.001292,0.001303,0.001304,0.001305,0.001306,0.001307,0.001308,0.001309,0.00131,0.001311,0.001312,1473988.4,85500,1741851.8,3197541.2,5618570.6,1671924.4,85500,920287.7,1721799.3,267510.9,1152204.8,332532.6,969279.3,859938.2,953041.1,862102.4,631137.9,1110271.6,384763.1,1556422.2
167,0.0013,0.001299,0.001298,0.001297,0.001296,0.001295,0.001294,0.001292,0.001291,0.00129,0.001301,0.001302,0.001303,0.001304,0.001305,0.001306,0.001307,0.001308,0.001309,0.00131,1168553,366904.8,2025703.1,2896128,304394,918985.2,1081730.1,85500,2097123.5,304724.5,85500,332532.6,1152204.8,567030,1137494.6,1175281.6,227289.2,510101,934775.8,1613900.9
168,0.001299,0.001298,0.001297,0.001296,0.001295,0.001294,0.001292,0.001291,0.00129,0.001289,0.001301,0.001302,0.001303,0.001304,0.001305,0.001306,0.001307,0.001308,0.001309,0.00131,533937.4,386309,1098566.8,2579937.3,966919.7,1095609.6,85500,2020348.1,304724.5,207841.1,252532.6,332532.6,1259460.1,580909.5,826475.4,1008249,227289.2,74765.4,934775.8,1835300.5
169,0.001302,0.001301,0.0013,0.001299,0.001298,0.001297,0.001296,0.001295,0.001294,0.001293,0.001303,0.001304,0.001305,0.001306,0.001307,0.001308,0.001309,0.00131,0.001311,0.001312,173788.6,1603367.8,840689.2,1437801.7,500786.7,3754823.4,338874,191313.3,962344.1,1222135.8,985172.2,346412.1,395233.9,1108211.5,875666.3,830616,631137.9,1142426,275456,1556571.2
170,0.001302,0.001301,0.0013,0.001299,0.001298,0.001297,0.001296,0.001295,0.001294,0.001293,0.001303,0.001304,0.001305,0.001306,0.001307,0.001308,0.001309,0.00131,0.001311,0.001312,804558.6,1680276.9,3119467.2,1688653,2808157.9,996440.3,215359.4,191313.3,962344.1,1222135.8,899672.2,165500,277790.5,1087333,227289.2,830616,631137.9,1255673.1,275456,1556571.2
171,0.001303,0.001302,0.001301,0.0013,0.001299,0.001298,0.001297,0.001296,0.001295,0.001294,0.001304,0.001305,0.001306,0.001307,0.001308,0.001309,0.00131,0.001311,0.001312,0.001313,167032.6,533167.2,1749408.8,3003244.1,2967997.1,909860.3,494795.7,85500,191313.3,2173179.6,85500,1787471.9,859879.3,819382.3,208376.2,828554.9,1371013.3,704646,1053179.7,1328683.8
172,0.001301,0.0013,0.001299,0.001298,0.001297,0.001296,0.001295,0.001294,0.001293,0.001292,0.001302,0.001303,0.001304,0.001305,0.001306,0.001307,0.001308,0.001309,0.00131,0.001311,173788.6,453647,357977.7,1877386.4,4725519.4,590203.1,274835.2,1073978.8,585500,963294.5,1558781.6,332532.6,877241.2,449526.6,817466.6,707981.9,521951.3,911730.9,1142426,1072389.3
173,0.001301,0.0013,0.001299,0.001298,0.001297,0.001296,0.001295,0.001294,0.001293,0.001292,0.001302,0.001303,0.001304,0.001305,0.001306,0.001307,0.001308,0.001309,0.00131,0.001311,252016.8,453647,1228450.6,1257669.6,2622331.4,590203.1,204486,1073978.8,585500,963294.5,985863.2,919956.9,203436,1011693,842732.1,707981.9,521951.3,628483.3,1458385.5,1072389.3
174,0.001301,0.0013,0.001299,0.001298,0.001297,0.001296,0.001295,0.001294,0.001293,0.001292,0.001302,0.001303,0.001304,0.001305,0.001306,0.001307,0.001308,0.001309,0.00131,0.001311,259288.6,809174.6,294046,1158407.7,2976540.2,958514.9,220134.3,962344.1,585500,963294.5,985863.2,332532.6,203436,563050.5,842732.1,707981.9,603564.5,489701.5,1456013.2,1072389.3
175,0.001301,0.0013,0.001299,0.001298,0.001297,0.001296,0.001295,0.001294,0.001293,0.001292,0.001302,0.001303,0.001304,0.001305,0.001306,0.001307,0.001308,0.001309,0.00131,0.001311,1158943.6,1343739.8,1461308.1,3023152.4,7447056.6,2133794.8,85500,1080679.2,1778312.9,963294.5,879041.4,165500,203436,1150740.5,540357.2,707981.9,603564.5,489701.5,1456013.2,1072389.3
176,0.001302,0.001301,0.0013,0.001299,0.001298,0.001297,0.001296,0.001295,0.001294,0.001293,0.001303,0.001304,0.001305,0.001306,0.001307,0.001308,0.001309,0.00131,0.001311,0.001312,591145.6,971782.3,1554029.4,2929508.4,3081937.9,5431981.8,1615137.6,85500,1080679.2,1538781.6,85500,1004599.7,935039.6,1097961.9,287994.3,1023084.5,591505.1,1249373.7,574887,1740120.1
177,0.001301,0.0013,0.001299,0.001298,0.001297,0.001296,0.001295,0.001294,0.001293,0.001292,0.001302,0.001303,0.001304,0.001305,0.001306,0.001307,0.001308,0.001309,0.00131,0.001311,252532.6,428124.5,1582830.9,2943118.8,4991142.9,2071950.3,85500,1080679.2,625368.2,1145529.5,79596.2,921388.8,1032552.7,1140220.8,829336,592290.9,718904.7,489701.5,1249373.7,962660.1
178,0.001301,0.0013,0.001299,0.001298,0.001297,0.001296,0.001295,0.001294,0.001293,0.001292,0.001302,0.001303,0.001304,0.001305,0.001306,0.001307,0.001308,0.001309,0.00131,0.001311,252532.6,428124.5,1602022.1,3532145.8,7452492.4,2071950.3,85500,1080679.2,625368.2,1145529.5,79596.2,921559.6,1032552.7,1165657.1,804070.5,592290.9,718904.7,489701.5,1249373.7,962660.1
179,0.001302,0.001301,0.0013,0.001299,0.001298,0.001297,0.001296,0.001295,0.001294,0.001293,0.001303,0.001304,0.001305,0.001306,0.001307,0.001308,0.001309,0.00131,0.001311,0.001312,252532.6,1375483.5,1048954.6,2797538.6,3254221.4,5418498.3,1629091.7,85500,1080679.2,1502825.5,85500,1593177.4,416579.9,1117548.9,287994.3,1023435.1,591800.4,1249373.7,571182.7,1740911.8
180,0.001302,0.001301,0.0013,0.001299,0.001298,0.001297,0.001296,0.001295,0.001294,0.001293,0.001303,0.001304,0.001305,0.001306,0.001307,0.001308,0.001309,0.00131,0.001311,0.001312,658868.2,1025038,1607639.4,3738806.7,2307024.3,5418022.4,1629091.7,85500,1080679.2,1579571.4,85500,1171632.3,1013554.2,528971.2,884968.6,1023095.9,591800.4,1249373.7,573587.2,1740145.9
181,0.001302,0.001301,0.0013,0.001299,0.001298,0.001297,0.001296,0.001295,0.001294,0.001293,0.001303,0.001304,0.001305,0.001306,0.001307,0.001308,0.001309,0.00131,0.001311,0.001312,221737.8,428063.7,1655074.5,1152174.4,5333928.5,5418022.4,1629091.7,85500,1080679.2,1579571.4,85500,1004599.7,1172674.4,528971.2,884976.6,1023095.9,592740.9,1249373.7,570434.1,1740145.9
182,0.001302,0.001301,0.0013,0.001299,0.001298,0.001297,0.001296,0.001295,0.001294,0.001293,0.001303,0.001304,0.001305,0.001306,0.001307,0.001308,0.001309,0.00131,0.001311,0.001312,221737.8,428063.7,1635899.5,1152174.4,5431622.5,5418022.4,99454.1,85500,1080679.2,1579571.4,85500,1004599.7,1161040.3,1107916.3,287994.3,1023095.9,592740.9,1249373.7,570434.1,1740145.9
183,0.001302,0.001301,0.0013,0.001299,0.001298,0.001297,0.001296,0.001295,0.001294,0.001293,0.001303,0.001304,0.001305,0.001306,0.001307,0.001308,0.001309,0.00131,0.001311,0.001312,387977.8,428063.7,704453.3,1152174.4,4500176.3,5418022.4,99454.1,85500,1080679.2,1079571.4,85500,1004599.7,556829.7,528971.2,287994.3,1023095.9,592740.9,1249373.7,570434.1,1740145.9
184,0.001303,0.001302,0.001301,0.0013,0.001299,0.001298,0.001297,0.001295,0.001294,0.001293,0.001304,0.001305,0.001306,0.001307,0.001308,0.001309,0.00131,0.001311,0.001312,0.001313,1118935.2,1756390.5,1135848.7,3804981.6,2607528.9,2087067.6,4991142.9,85500,1957495.8,808171.3,247463.9,329547.3,928459.8,287994.3,603564.5,1012212,1324147,409776.1,1053179.7,1782991.3
185,0.001305,0.001304,0.001303,0.001302,0.001301,0.0013,0.001299,0.001298,0.001297,0.001296,0.001306,0.001307,0.001308,0.001309,0.00131,0.001311,0.001312,0.001313,0.001314,0.001315,162128.3,693365.8,381690.1,1454856.3,442206.6,7804830.7,161433.9,1630192.3,381077.6,960301.7,1115994.8,176635.2,1237914.9,1213211.8,1325028.3,905236.2,1160779.8,1095761.4,326868.9,1051783.6
186,0.001305,0.001304,0.001303,0.001302,0.001301,0.0013,0.001299,0.001298,0.001297,0.001296,0.001306,0.001307,0.001308,0.001309,0.00131,0.001311,0.001312,0.001313,0.001314,0.001315,162128.3,575839.6,381690.1,2021465.1,2347671.6,5331540.2,99518.1,1612828.9,381077.6,777246.7,417602.2,1114713.7,203662.5,1278994.5,1325451.8,1315078.1,742275.4,462580.6,326868.9,1191021.7
187,0.001304,0.001303,0.001302,0.001301,0.0013,0.001299,0.001298,0.001297,0.001296,0.001295,0.001305,0.001306,0.001307,0.001308,0.001309,0.00131,0.001311,0.001312,0.001313,0.001314,238683.2,244856.8,432142.6,2343032.1,2523054.3,5022746.5,1612828.9,381077.6,85500,853904.4,252532.6,1069977.7,468998.1,888715.5,1264863.3,1834206.6,703196.3,1160779.8,1095761.4,1152599.5
188,0.001304,0.001303,0.001302,0.001301,0.0013,0.001299,0.001298,0.001297,0.001296,0.001295,0.001305,0.001306,0.001307,0.001308,0.001309,0.00131,0.001311,0.001312,0.001313,0.001314,324183.2,244856.8,1623959,1207911.2,2523054.3,5022746.5,1612828.9,381077.6,85500,853904.4,252532.6,1085749.5,388686.8,904982.6,579811.3,1834206.6,807098.1,1160779.8,1095761.4,1152599.5
189,0.001305,0.001304,0.001303,0.001302,0.001301,0.0013,0.001299,0.001298,0.001297,0.001296,0.001306,0.001307,0.001308,0.001309,0.00131,0.001311,0.001312,0.001313,0.001314,0.001315,85500,1722083.6,618265.3,3937273.5,818677.1,1389010.8,4700564.5,1651763.9,381077.6,777246.7,225974.6,441355,891112.9,593690.8,2026781.7,1315852.9,1160779.8,1095761.4,309408.2,1191021.7
190,0.001305,0.001304,0.001303,0.001302,0.001301,0.0013,0.001299,0.001298,0.001297,0.001296,0.001307,0.001308,0.001309,0.00131,0.001311,0.001312,0.001313,0.001314,0.001315,0.001316,515416.5,1472322.9,815466.1,2258201,2735211,378117.8,4700564.5,1694615,381077.6,883303.9,437268.3,767983.2,310882.6,1923561.6,1315967,1160779.8,1201433.6,309408.2,365607.3,910914.4
191,0.001305,0.001304,0.001303,0.001302,0.001301,0.0013,0.001299,0.001298,0.001297,0.001296,0.001306,0.001307,0.001308,0.001309,0.00131,0.001311,0.001312,0.001313,0.001314,0.001315,85500,665304.7,1392430.6,1133603.3,2409834.9,872121.6,4714561,1694615,381077.6,777511.7,252532.6,1113366.7,233391.6,1289724,1230343.8,1316117.8,1160779.8,1201433.6,309408.2,1190705.6
192,0.001305,0.001304,0.001303,0.001302,0.001301,0.0013,0.001299,0.001298,0.001297,0.001296,0.001306,0.001307,0.001308,0.001309,0.00131,0.001311,0.001312,0.001313,0.001314,0.001315,85500,498272.1,274828.5,2299217.8,2409834.9,812008,4697197.6,1694615,411223.6,777511.7,252532.6,1137802.2,233391.6,1314159.5,1325917.2,1212101.9,1160779.8,1201433.6,309408.2,1190705.6
193,0.001301,0.0013,0.001299,0.001298,0.001297,0.001296,0.001295,0.001294,0.001293,0.001292,0.001302,0.001303,0.001304,0.001305,0.001306,0.001307,0.001308,0.001309,0.00131,0.001311,85500,1530421.6,813159.1,1024486.2,3681894,4759171.5,2332224.9,589692.2,85500,162275.4,252532.6,498687.1,1344221.9,1179346.4,882736.1,236925,1183639.9,486186.4,1855347.1,85500
194,0.0013,0.001299,0.001298,0.001297,0.001296,0.001295,0.001294,0.001292,0.001291,0.00129,0.001301,0.001302,0.001303,0.001304,0.001305,0.001306,0.001307,0.001308,0.001309,0.00131,331209.4,165500,372222,1237214.8,2464059.2,554721.1,498208.9,85500,1201596.5,1015525.2,252532.6,524167.3,386561.7,616402.8,744685.5,1387193.4,236925,74765.4,762702.6,2916075.5
195,0.001299,0.001298,0.001297,0.001296,0.001295,0.001294,0.001293,0.001292,0.001291,0.00129,0.0013,0.001301,0.001302,0.001303,0.001304,0.001305,0.001306,0.001307,0.001308,0.001309,1245827.4,272614.4,1017875.1,947941.2,829245.4,725272.4,106649.8,85500,574434.4,1566125.5,304585.9,524429.9,377792.5,1413698.6,616402.8,1235856.3,715703.5,86489.8,812412.9,1548045.2
196,0.001299,0.001298,0.001297,0.001296,0.001295,0.001294,0.001292,0.001291,0.00129,0.001289,0.0013,0.001301,0.001302,0.001303,0.001304,0.001305,0.001306,0.001307,0.001308,0.001309,1160328.4,272614.4,1487761.8,1234898.5,2976014.7,603854.6,85500,574434.4,1566125.5,662511.9,304585.9,524446.6,377792.5,706762.3,1072419.8,1235856.3,715703.5,86489.8,812412.9,1548045.2
197,0.001296,0.001295,0.001294,0.001293,0.001292,0.001291,0.00129,0.001289,0.001288,0.001287,0.001297,0.001298,0.001299,0.0013,0.001301,0.001302,0.001303,0.001304,0.001305,0.001306,85500,1309946.5,201514.7,2137165.3,2272383.9,770578.8,197456.2,85500,408906.7,1015652.4,180363.9,499518.6,1088567.7,669537,1154136.8,1445779.2,1350837.6,198448.9,490307.5,2591440.2
198,0.001295,0.001294,0.001293,0.001292,0.001291,0.00129,0.001289,0.001288,0.001287,0.001286,0.001297,0.001298,0.001299,0.0013,0.001301,0.001302,0.001303,0.001304,0.001305,0.001306,1272552.5,165500,1588747.6,3228474.1,420729.8,517566.6,85500,408906.7,281016.1,1010783.5,427730.9,491700.8,1038946.2,660720.9,1129248.8,888001.6,402956.3,494317.2,1259642.6,1527945.8
199,0.001299,0.001298,0.001297,0.001296,0.001295,0.001294,0.001293,0.001292,0.001291,0.00129,0.0013,0.001301,0.001302,0.001303,0.001304,0.001305,0.001306,0.001307,0.001308,0.001309,173788.6,904585,801170.3,1998201.5,2825640.2,950050.9,351525.7,85500,482691.7,667421.7,85500,612526.4,377792.5,849376.3,314189.6,1491240.9,1824599.7,98407,762475.4,503647.1
200,0.001297,0.001296,0.001295,0.001294,0.001293,0.001292,0.001291,0.00129,0.001289,0.001288,0.001299,0.0013,0.001301,0.001302,0.001303,0.001304,0.001305,0.001306,0.001307,0.001308,277957,1379139.8,1012085.8,3850010.7,2613634.6,326069,379524.1,667421.7,85500,1144698.2,332486,200161.2,1024084.3,936664.8,1666761.6,198448.9,630501.5,1371781.7,1161901.4,762475.4
201,0.001297,0.001296,0.001295,0.001294,0.001293,0.001292,0.001291,0.00129,0.001289,0.001288,0.001299,0.0013,0.001301,0.001302,0.001303,0.001304,0.001305,0.001306,0.001307,0.001308,277957,686422.3,1961939.9,3292893.6,2631619.5,326069,379524.1,644504.7,85500,1144698.2,332486,815715.6,472504.5,930867.2,1113861.8,314189.6,514760.8,1083666.7,1138849,762475.4
202,0.001298,0.001297,0.001296,0.001295,0.001294,0.001293,0.001292,0.001291,0.00129,0.001289,0.0013,0.001301,0.001302,0.001303,0.001304,0.001305,0.001306,0.001307,0.001308,0.001309,252532.6,357957,606422.3,1889194.5,2485604.9,592693.2,213715.8,379524.1,644504.7,714202.4,1031212.1,399616.1,909390.9,1110158.6,872182,619950.1,1083666.7,377804.5,1826379.4,486186.4
203,0.001298,0.001297,0.001296,0.001295,0.001294,0.001293,0.001292,0.001291,0.00129,0.001289,0.0013,0.001301,0.001302,0.001303,0.001304,0.001305,0.001306,0.001307,0.001308,0.001309,252532.6,571033.6,2076359.6,3008133,7117739.6,1858026,85500,379524.1,644504.7,1910080.1,332295.9,972191.7,391661.3,1140411.1,871537.9,619950.1,1083666.7,360151,1825151.4,486186.4
204,0.001298,0.001297,0.001296,0.001295,0.001294,0.001293,0.001292,0.001291,0.00129,0.001289,0.001299,0.0013,0.001301,0.001302,0.001303,0.001304,0.001305,0.001306,0.001307,0.001308,259288.6,509550.1,1657876.3,1325024.7,4614429.6,4946631.9,2033689.5,379524.1,644504.7,1933293.8,85500,499328.5,967706,391661.3,1165615.6,755797.2,734570.4,1083666.7,389874.4,1825151.4
205,0.001299,0.001298,0.001297,0.001296,0.001295,0.001294,0.001293,0.001292,0.001291,0.00129,0.0013,0.001301,0.001302,0.001303,0.001304,0.001305,0.001306,0.001307,0.001308,0.001309,259288.6,467255,1287821.3,1175846.9,2426320.1,620009.2,4720053.1,2121235,379524.1,1272723,85500,499423.5,391661.3,262988.9,198448.9,1292133.3,1190045.4,98568.3,1081582.9,1549271.4
206,0.001299,0.001298,0.001297,0.001296,0.001295,0.001294,0.001293,0.001292,0.001291,0.00129,0.0013,0.001301,0.001302,0.001303,0.001304,0.001305,0.001306,0.001307,0.001308,0.001309,252532.6,1054902.1,1784813.2,3142397.4,2844798.8,617906.1,4706216.2,1691509.4,440374,1379299.6,85500,332106.2,960264,271065,791903.6,1291490.2,1190045.4,182356.4,1047652.3,1571275.6
207,0.001299,0.001298,0.001297,0.001296,0.001295,0.001294,0.001293,0.001292,0.001291,0.00129,0.0013,0.001301,0.001302,0.001303,0.001304,0.001305,0.001306,0.001307,0.001308,0.001309,268510.8,332532.6,1659649.4,1304832.2,4946641.4,617906.1,4706216.2,1691509.4,465528.2,1379299.6,85500,332106.2,949325.1,271065,769346.3,1291490.2,1083666.7,182356.4,1076129.4,1571275.6
208,0.001297,0.001296,0.001295,0.001294,0.001293,0.001292,0.001291,0.00129,0.001289,0.001288,0.001298,0.001299,0.0013,0.001301,0.001302,0.001303,0.001304,0.001305,0.001306,0.001307,284681.1,332532.6,1083858.4,1510928.5,2879522.3,5039745.9,1939170.1,644504.7,108250.7,1232832.9,85500,499518.6,1067559.9,220924.9,991984.5,1557205.5,198448.9,470379.4,1824599.7,1268601.5
209,0.001298,0.001297,0.001296,0.001295,0.001294,0.001293,0.001292,0.001291,0.00129,0.001289,0.001299,0.0013,0.001301,0.001302,0.001303,0.001304,0.001305,0.001306,0.001307,0.001308,259288.6,818330.6,545609.2,481800,1510567.8,2285690.5,5025845.1,1939170.1,644504.7,1304765.2,332486,252532.6,761330.4,390033.8,1981870.3,314189.6,470379.4,1824599.7,1268601.5,762475.4
210,0.001299,0.001298,0.001297,0.001296,0.001295,0.001294,0.001293,0.001292,0.001291,0.00129,0.0013,0.001301,0.001302,0.001303,0.001304,0.001305,0.001306,0.001307,0.001308,0.001309,85500,910575.5,814081.4,2107036.3,2253504.7,610285.5,276027.5,4799091.8,1939170.1,1196378.1,252532.6,332676.4,962279.2,1481259.4,314189.6,856784,1824599.7,205107.1,1074055.7,1443838.1
211,0.001299,0.001298,0.001297,0.001296,0.001295,0.001294,0.001293,0.001292,0.001291,0.00129,0.001301,0.001302,0.001303,0.001304,0.001305,0.001306,0.001307,0.001308,0.001309,0.00131,252532.6,1475697,1094424.2,2291793.7,2259621,604485.9,99411.5,4799091.8,1939170.1,1303590.5,499709,1059619.1,276714.8,873832.7,1177037.1,1199407.4,205107.1,1081949.7,1443838.1,1541352.3
212,0.001301,0.0013,0.001299,0.001298,0.001297,0.001296,0.001295,0.001294,0.001293,0.001292,0.001302,0.001303,0.001304,0.001305,0.001306,0.001307,0.001308,0.001309,0.00131,0.001311,85500,332532.6,1050542,1264956.5,2811930.1,1671853.5,99454.2,377557.9,85500,5349903.9,252532.6,983483.2,218105.5,1258486.2,1945513.9,845391.7,762475.4,715253,1541352.3,1888700.3
213,0.001301,0.0013,0.001299,0.001298,0.001297,0.001296,0.001295,0.001294,0.001293,0.001292,0.001303,0.001304,0.001305,0.001306,0.001307,0.001308,0.001309,0.00131,0.001311,0.001312,252532.6,545435.7,1558859.8,1184658.2,2792361,856354.9,85500,377557.9,85500,5349674.7,510266.2,216110.3,1260831.6,1083666.7,1625282.2,975378.5,402478.6,1541352.3,1888258.3,371882.3
214,0.001301,0.0013,0.001299,0.001298,0.001297,0.001296,0.001295,0.001294,0.001293,0.001292,0.001303,0.001304,0.001305,0.001306,0.001307,0.001308,0.001309,0.00131,0.001311,0.001312,252532.6,443868.8,2123132.2,3371966.4,2915665.7,535626.7,85500,377557.9,108309.9,6090249.4,509887.5,694834.8,921617.5,1103552.1,1591779.7,1186750.1,522609.6,1541352.3,1909605.7,371882.3
215,0.001302,0.001301,0.0013,0.001299,0.001298,0.001297,0.001296,0.001295,0.001294,0.001293,0.001303,0.001304,0.001305,0.001306,0.001307,0.001308,0.001309,0.00131,0.001311,0.001312,85500,332532.6,389276.5,2101103.5,2526790.9,631563.4,267847.5,85500,377557.9,658258.5,263667.8,931786.6,312282.6,1703524.4,403465,1851892.2,522609.6,1541352.3,849410.8,1432484.3
216,0.001302,0.001301,0.0013,0.001299,0.001298,0.001297,0.001296,0.001295,0.001294,0.001293,0.001303,0.001304,0.001305,0.001306,0.001307,0.001308,0.001309,0.00131,0.001311,0.001312,259288.6,332532.6,1654538.2,1299436.1,4628363.9,631563.4,221371.4,85500,377557.9,735033.9,96635.2,916057.4,298403.1,1487744.5,403465,1473805.1,522609.6,1541352.3,849410.8,1701689.9
217,0.001302,0.001301,0.0013,0.001299,0.001298,0.001297,0.001296,0.001295,0.001294,0.001293,0.001303,0.001304,0.001305,0.001306,0.001307,0.001308,0.001309,0.00131,0.001311,0.001312,259288.6,332532.6,1210852.1,1406319.3,5519203.3,631563.4,99475.6,85500,377557.9,735033.9,96635.2,869731.9,298403.1,1441419,403465,1582686.6,522609.6,1541352.3,849410.8,1701689.9
218,0.001302,0.001301,0.0013,0.001299,0.001298,0.001297,0.001296,0.001295,0.001294,0.001293,0.001303,0.001304,0.001305,0.001306,0.001307,0.001308,0.001309,0.00131,0.001311,0.001312,220827.1,332532.6,1566048.2,1406230.9,10007292.9,2160206,99475.6,85500,377557.9,735033.9,96635.2,871187.8,298403.1,1437064.9,409161.9,1582686.6,522609.6,1541352.3,849410.8,1701689.9
219,0.001302,0.001301,0.0013,0.001299,0.001298,0.001297,0.001295,0.001294,0.001293,0.001292,0.001303,0.001304,0.001305,0.001306,0.001307,0.001308,0.001309,0.00131,0.001311,0.001312,220827.1,873149.6,1265743.5,5459739.8,5710624,2158313.1,85500,1569449,735033.9,876105.9,96635.2,331814.3,839005.2,1438220,409161.9,1473805.1,522609.6,1649197.1,849410.8,1701689.9
220,0.001302,0.001301,0.0013,0.001299,0.001298,0.001297,0.001295,0.001294,0.001293,0.001292,0.001303,0.001304,0.001305,0.001306,0.001307,0.001308,0.001309,0.00131,0.001311,0.001312,639412.1,1787713.7,3196719.2,1409835.5,7022626,2142952.2,85500,1569449,735033.9,876105.9,11135.2,331814.3,734737.7,897603,833949.6,1582598.2,637816.9,1649197.1,849410.8,1701689.9
221,0.001303,0.001302,0.001301,0.0013,0.001299,0.001298,0.001297,0.001296,0.001295,0.001294,0.001304,0.001305,0.001306,0.001307,0.001308,0.001309,0.00131,0.001311,0.001312,0.001313,259288.6,294071.1,1676962.6,3910031.8,2898364.8,4918075.7,1916815.6,40366.9,111826.8,927295.4,85500,836670,897603,798904.9,1026337.6,1193863.9,1755398.8,849410.8,641087.9,1060194.9
222,0.001303,0.001302,0.001301,0.0013,0.001299,0.001298,0.001297,0.001296,0.001295,0.001294,0.001304,0.001305,0.001306,0.001307,0.001308,0.001309,0.00131,0.001311,0.001312,0.001313,259288.6,294071.1,1934616.9,3741979.9,3779525.7,4933902.5,1916815.6,125866.9,134917.7,927295.4,592983.3,331719.7,1341546.4,815973.5,1032071.8,1193863.9,1649197.1,826433,641087.9,1083344.6
223,0.001306,0.001305,0.001304,0.001303,0.001302,0.001301,0.0013,0.001299,0.001298,0.001297,0.001307,0.001308,0.001309,0.00131,0.001311,0.001312,0.001313,0.001314,0.001315,0.001316,85500,332532.6,466449.3,2279597.5,4640760.5,586931.1,837470.3,188760.6,4692025.9,2462852.1,621260.1,627581.3,903133.8,1879928.5,831827.9,1728938.9,933320.7,85500,397046.7,1143258.6
224,0.001306,0.001305,0.001304,0.001303,0.001302,0.001301,0.0013,0.001299,0.001298,0.001297,0.001307,0.001308,0.001309,0.00131,0.001311,0.001312,0.001313,0.001314,0.001315,0.001316,231276.7,477154.6,705190.2,1802806.5,2526004.6,387044.9,476761,188760.6,4692025.9,2474291.6,85500,320419.3,445605.4,1227483.9,206411.5,2049192,604580,306899.6,1440755.2,1142449
225,0.001306,0.001305,0.001304,0.001303,0.001302,0.001301,0.0013,0.001299,0.001298,0.001297,0.001307,0.001308,0.001309,0.00131,0.001311,0.001312,0.001313,0.001314,0.001315,0.001316,85500,332532.6,419264.8,2335083.2,4621161.6,400007.5,536247.1,85500,4692025.9,2474081.6,658046.1,630664.4,929897.6,1800030,321618.8,2048979.6,382343.7,306899.6,1137979.7,1143258.6
226,0.001304,0.001303,0.001302,0.001301,0.0013,0.001299,0.001298,0.001297,0.001296,0.001295,0.001306,0.001307,0.001308,0.001309,0.00131,0.001311,0.001312,0.001313,0.001314,0.001315,284593.5,468774.5,3926375.8,3222428.6,1983434.9,336559.2,4692025.9,1925817.4,671009.2,2034075.2,1192976.8,659714.9,987010.1,636861.7,1891794.3,206411.5,1379845.4,382343.7,306899.6,2196549.1
227,0.001304,0.001303,0.001302,0.001301,0.0013,0.001299,0.001298,0.001297,0.001296,0.001295,0.001305,0.001306,0.001307,0.001308,0.001309,0.00131,0.001311,0.001312,0.001313,0.001314,110804.9,332532.6,1503427.4,998029.7,2530272.3,582187.6,4692025.9,1902850.9,671009.2,766446.7,327373.2,1005306.9,331163,1251592.6,631089.2,2097160.9,189901,1082731.7,695843.3,1365063.4
228,0.001304,0.001303,0.001302,0.001301,0.0013,0.001299,0.001298,0.001297,0.001296,0.001295,0.001306,0.001307,0.001308,0.001309,0.00131,0.001311,0.001312,0.001313,0.001314,0.001315,284593.5,1574422.3,630503.4,2000830.2,7129735.6,1894045.2,85500,374208.3,671009.2,660301,604236.4,461282.4,1024834,1291054.8,2097160.9,299982.9,1186277.6,275456,306899.6,2173305.1
229,0.001305,0.001304,0.001303,0.001302,0.001301,0.0013,0.001299,0.001298,0.001297,0.001296,0.001306,0.001307,0.001308,0.001309,0.00131,0.001311,0.001312,0.001313,0.001314,0.001315,85500,332532.6,1407763.6,652743.2,950793.9,7339991.4,1668514.9,85500,374208.3,1219693.6,358582.5,1104102,516125,631089.2,2027396.3,969907.2,1186277.6,275456,628497.9,2173305.1
230,0.001305,0.001304,0.001303,0.001302,0.001301,0.0013,0.001299,0.001298,0.001297,0.001296,0.001306,0.001307,0.001308,0.001309,0.00131,0.001311,0.001312,0.001313,0.001314,0.001315,259288.6,1176237.7,1590872.7,3388052.4,674219.7,5194238,1637358.7,85500,374208.3,1242314,31209.3,776261.6,866258.5,357351.5,2117133.8,969907.2,1266932.6,381322,651118.3,2173305.1
231,0.001305,0.001304,0.001303,0.001302,0.001301,0.0013,0.001299,0.001298,0.001297,0.001296,0.001306,0.001307,0.001308,0.001309,0.00131,0.001311,0.001312,0.001313,0.001314,0.001315,259288.6,1541375.7,1114581.9,2965683.5,3285673.1,5194238,1637358.7,85500,374208.3,1318913,31209.3,693058.1,902554.9,357351.5,2049797.4,969907.2,1163138.2,381322,651118.3,2173305.1
232,0.001305,0.001304,0.001303,0.001302,0.001301,0.0013,0.001299,0.001298,0.001297,0.001296,0.001306,0.001307,0.001308,0.001309,0.00131,0.001311,0.001312,0.001313,0.001314,0.001315,259288.6,491943.3,1114581.9,2965683.5,2294677.9,5194238,1637358.7,85500,374208.3,1318913,116709.3,489917.7,285596.9,357351.5,1432839.4,969907.2,1266017.2,381322,651118.3,2173305.1
233,0.001305,0.001304,0.001303,0.001302,0.001301,0.0013,0.001299,0.001298,0.001297,0.001296,0.001306,0.001307,0.001308,0.001309,0.00131,0.001311,0.001312,0.001313,0.001314,0.001315,259288.6,1040916.4,1236671,1109830.1,5304206.1,5205741.9,1625847.8,85500,374208.3,1318913,116709.3,973437.8,385104.5,906324.6,1146845.7,969907.2,1266017.2,381322,937112,2173305.1
234,0.001305,0.001304,0.001303,0.001302,0.001301,0.0013,0.001299,0.001298,0.001297,0.001296,0.001306,0.001307,0.001308,0.001309,0.00131,0.001311,0.001312,0.001313,0.001314,0.001315,1185192.3,1043829.2,3357686.4,1463972.5,2634940.9,5219738.3,1611840.5,143779.5,374208.3,1318913,31209.3,929742.6,385104.5,909237.4,1146845.7,969907.2,1266017.2,381322,615513.7,2173305.1
235,0.001309,0.001308,0.001307,0.001306,0.001305,0.001304,0.001303,0.001302,0.001301,0.0013,0.00131,0.001311,0.001312,0.001313,0.001314,0.001315,0.001316,0.001317,0.001318,0.001319,326649.8,445505.6,1004897.4,1263579.7,2938487.1,565964.3,517026.1,506510.1,1825512.4,4991730.1,211568,165500,321256.5,648602.3,1145866.5,909169.1,1014320.4,553330.7,401130.1,85500
236,0.001307,0.001306,0.001305,0.001304,0.001303,0.001302,0.001301,0.0013,0.001299,0.001298,0.001309,0.00131,0.001311,0.001312,0.001313,0.001314,0.001315,0.001316,0.001317,0.001318,513117.4,373649.6,1695335.6,2797605,3589116.6,61088.1,767296.4,5020582.6,2799143.9,1250288.8,817482.9,494708.4,990455.2,619754.6,1002241.1,1533099.4,802764.4,773210,275456,1042574.2
237,0.001308,0.001307,0.001306,0.001305,0.001304,0.001303,0.001302,0.001301,0.0013,0.001299,0.001309,0.00131,0.001311,0.001312,0.001313,0.001314,0.001315,0.001316,0.001317,0.001318,259288.6,445653.1,1104225.7,3924452.9,2281451.5,858422.3,169870,1952774.6,10133944.8,2536546.8,679048,494708.4,910960,914804.5,437287.8,1533099.4,908725.2,773210,275456,1042574.2
238,0.001309,0.001308,0.001307,0.001306,0.001305,0.001304,0.001303,0.001302,0.001301,0.0013,0.00131,0.001311,0.001312,0.001313,0.001314,0.001315,0.001316,0.001317,0.001318,0.001319,259288.6,445653.1,1681161.9,3217751.9,5801734.2,2168773.8,382790,47038.5,1844605.6,6458834.5,211568,925557.7,875939.1,451167.3,1809531.5,1186812.3,880648.8,275456,401130.1,726944.1
239,0.001309,0.001308,0.001307,0.001306,0.001305,0.001304,0.001303,0.001302,0.001301,0.0013,0.00131,0.001311,0.001312,0.001313,0.001314,0.001315,0.001316,0.001317,0.001318,0.001319,259288.6,445653.1,1678198.2,3784359.9,7333928.9,2157053.8,382790,47038.5,1844605.6,6458834.5,126068,720396.9,409773.6,1000358.8,1260774.7,1186812.3,987473.8,275456,401130.1,726944.1
240,0.001309,0.001308,0.001307,0.001306,0.001305,0.001304,0.001303,0.001302,0.001301,0.0013,0.00131,0.001311,0.001312,0.001313,0.001314,0.001315,0.001316,0.001317,0.001318,0.001319,387594.3,445653.1,1704479.1,3167511.3,5696879.3,2157053.8,382790,47038.5,1844605.6,6458834.5,126068,368640.4,802592.5,975122.1,1260774.7,1186812.3,880648.8,275456,401130.1,726944.1
241,0.001308,0.001307,0.001306,0.001305,0.001304,0.001303,0.001302,0.001301,0.0013,0.001299,0.001309,0.00131,0.001311,0.001312,0.001313,0.001314,0.001315,0.001316,0.001317,0.001318,252532.6,445505.6,1596872.6,2934947.8,6253232.9,856332.4,47038.5,1844605.6,5534481.5,1085512.1,85500,291568,218726.2,414387.1,451272.8,1532887,908725.2,880648.8,275456,1042084.4
242,0.001308,0.001307,0.001306,0.001305,0.001304,0.001303,0.001302,0.001301,0.0013,0.001299,0.001309,0.00131,0.001311,0.001312,0.001313,0.001314,0.001315,0.001316,0.001317,0.001318,252532.6,445505.6,1797163.8,1113502.7,9845385.3,856332.4,47038.5,1844605.6,5534481.5,1085512.1,85500,494708.4,778603.9,974264.8,451272.8,1532887,908628.1,880648.8,275456,1042084.4
243,0.001308,0.001307,0.001306,0.001305,0.001304,0.001303,0.001302,0.001301,0.0013,0.001299,0.001309,0.00131,0.001311,0.001312,0.001313,0.001314,0.001315,0.001316,0.001317,0.001318,252532.6,1376527.4,1069567.6,2044473,8916553.8,856332.4,163807,1844605.6,5534481.5,1085512.1,85500,494708.4,779837,414387.1,1012383.6,1532887,908628.1,880648.8,275456,1042084.4
244,0.001309,0.001308,0.001307,0.001306,0.001305,0.001304,0.001303,0.001302,0.001301,0.0013,0.00131,0.001311,0.001312,0.001313,0.001314,0.001315,0.001316,0.001317,0.001318,0.001319,1083265.6,1155590.6,948739.8,5685775.7,2744537.5,5191401,382790,47038.5,1844605.6,6459121.2,126068,165500,394648.6,1007318.5,1707363.6,1301250,987376.7,395521.7,401130.1,726713.1
245,0.001309,0.001308,0.001307,0.001306,0.001305,0.001304,0.001303,0.001302,0.001301,0.0013,0.00131,0.001311,0.001312,0.001313,0.001314,0.001315,0.001316,0.001317,0.001318,0.001319,723859.6,1151494,948739.8,5470650.9,3882172.5,5176081.2,382790,47038.5,1844642.8,6459121.2,126068,357209,642241.2,896194.9,1576254.8,1301250,987376.7,275456,401130.1,726713.1
246,0.001307,0.001306,0.001305,0.001304,0.001303,0.001302,0.001301,0.0013,0.001299,0.001298,0.001308,0.001309,0.00131,0.001311,0.001312,0.001313,0.001314,0.001315,0.001316,0.001317,252532.6,401100.6,628585.8,1650075.4,8653887.4,399898.2,659164.6,5511372.7,1272803.4,1062487.8,85500,867217.6,762611.4,839307.1,703918.1,922274.2,1076042.4,802764.4,880648.8,1072485
247,0.001308,0.001307,0.001306,0.001305,0.001304,0.001303,0.001302,0.001301,0.0013,0.001299,0.001309,0.00131,0.001311,0.001312,0.001313,0.001314,0.001315,0.001316,0.001317,0.001318,252532.6,375964.3,869105.4,3657083.8,2973893,6816697.4,76893.8,1844642.8,5511372.7,800226.5,85500,1229671,851886.7,417398.7,869909.6,1676905.1,802764.4,773210,275456,1198768.7
248,0.001308,0.001307,0.001306,0.001305,0.001304,0.001303,0.001302,0.001301,0.0013,0.001299,0.001309,0.00131,0.001311,0.001312,0.001313,0.001314,0.001315,0.001316,0.001317,0.001318,199044.9,375964.3,1242730.6,2492511.7,401681.3,6816697.4,76893.8,703558.7,398010.5,1987529.9,85500,473580.1,299098.5,417398.7,316959.1,1676905.1,802764.4,773210,275456,1198768.7
249,0.001307,0.001306,0.001305,0.001304,0.001303,0.001302,0.001301,0.0013,0.001299,0.001298,0.001308,0.001309,0.00131,0.001311,0.001312,0.001313,0.001314,0.001315,0.001316,0.001317,319996.9,1508479.7,960605.6,3386867.2,8663065.4,384092.5,703558.7,398010.5,1272803.4,981221.7,85500,605475.2,1068603.1,423765.3,710265.8,922364.5,1185925.7,802764.4,1514143,1072485
250,0.001306,0.001305,0.001304,0.001303,0.001302,0.001301,0.0013,0.001298,0.001297,0.001296,0.001307,0.001308,0.001309,0.00131,0.001311,0.001312,0.001313,0.001314,0.001315,0.001316,352036.1,1419924.5,741254.1,3939303.9,8651975.3,399865.8,409515.4,85500,1594856.5,1491410.5,85500,688222.3,936701.7,721360.4,985243,1561279.2,621550.1,1076042.4,374208.3,2536887.8
251,0.001306,0.001305,0.001304,0.001303,0.001302,0.001301,0.0013,0.001299,0.001298,0.001297,0.001307,0.001308,0.001309,0.00131,0.001311,0.001312,0.001313,0.001314,0.001315,0.001316,352036.1,1036884.9,741254.1,3552232.4,7125015.7,1904866.9,380662.9,29685.5,136294.9,1594856.5,85500,688222.3,930165.7,721360.4,409885.8,1561279.2,621550.1,1076042.4,673692.1,2536887.8
252,0.001305,0.001304,0.001303,0.001302,0.001301,0.0013,0.001299,0.001298,0.001297,0.001296,0.001306,0.001307,0.001308,0.001309,0.00131,0.001311,0.001312,0.001313,0.001314,0.001315,334397,165500,1017924.1,2367817,1920099.3,845857.6,221043.6,136294.9,374208.3,1289236.1,92329.9,485259.9,299666.7,882003.4,1100226.1,1055687.4,1334312.4,292043.1,905177.9,1397735.9
253,0.001303,0.001302,0.001301,0.0013,0.001299,0.001298,0.001297,0.001296,0.001295,0.001294,0.001304,0.001305,0.001306,0.001307,0.001308,0.001309,0.00131,0.001311,0.001312,0.001313,889942.3,279869.2,1510638.1,3326901.9,2336754.7,150232.7,374208.3,902656.2,85500,1155203.8,85500,485438.2,449523.9,1097812.7,450464.5,1777751.1,1450808.8,192756.8,802525.7,314685.9
254,0.001301,0.0013,0.001299,0.001298,0.001297,0.001296,0.001295,0.001294,0.001293,0.001292,0.001302,0.001303,0.001304,0.001305,0.001306,0.001307,0.001308,0.001309,0.00131,0.001311,252532.6,1309652.2,316080.7,1953103.7,2710203.2,820113.4,298106.3,495910.3,85500,760360.3,152674.3,560038.5,1041022.9,580381.5,1450807.5,1053029.4,389589.8,724470.5,933246.6,1938694.6
255,0.001299,0.001298,0.001297,0.001296,0.001295,0.001294,0.001293,0.001292,0.001291,0.00129,0.0013,0.001301,0.001302,0.001303,0.001304,0.001305,0.001306,0.001307,0.001308,0.001309,115816.1,1178036.8,449872.8,1645720.5,2879346,988888.9,202130.3,660527.9,372830.8,485836.8,67174.3,510905.9,424714.5,1026161,1082352.7,1272369.9,807170.8,85500,710253.6,1516232.6
256,0.001301,0.0013,0.001299,0.001298,0.001297,0.001296,0.001295,0.001294,0.001293,0.001292,0.001302,0.001303,0.001304,0.001305,0.001306,0.001307,0.001308,0.001309,0.00131,0.001311,897807.4,332532.6,1533675.9,1412482.8,3144012.9,2516711,110864.9,384021.3,85500,760037.8,29717.2,343873.3,426596.7,580381.5,1824501.6,785417.9,603981,404217.4,528534.3,1938675.8
257,0.001301,0.0013,0.001299,0.001298,0.001297,0.001296,0.001295,0.001294,0.001293,0.001292,0.001302,0.001303,0.001304,0.001305,0.001306,0.001307,0.001308,0.001309,0.00131,0.001311,122203.2,1254349.6,684761.2,1972830.8,9221361.4,1942688.9,484926.8,384021.3,85500,1953774,115217.2,486182.5,974239.5,580381.5,1842560.7,785417.9,493636.8,404217.4,528534.3,1938675.8
258,0.001301,0.0013,0.001299,0.001298,0.001297,0.001296,0.001295,0.001294,0.001293,0.001292,0.001302,0.001303,0.001304,0.001305,0.001306,0.001307,0.001308,0.001309,0.00131,0.001311,257752.6,332532.6,1390435.9,1223896.6,10185102.3,1942688.9,110864.9,384021.3,85500,1953774,115217.2,916593.9,426596.7,1153102.1,1294917.9,785417.9,493636.8,404217.4,528534.3,1938675.8
259,0.001301,0.0013,0.001299,0.001298,0.001297,0.001296,0.001295,0.001294,0.001293,0.001292,0.001302,0.001303,0.001304,0.001305,0.001306,0.001307,0.001308,0.001309,0.00131,0.001311,614351.4,332532.6,1391101.3,382969.7,10165062.1,1942688.9,110864.9,376205.4,85500,760008.3,115217.2,916618.8,426596.7,1153124,999143.7,1063676.5,912141.2,209582.7,1005863.6,1938675.8
260,0.0013,0.001299,0.001298,0.001297,0.001296,0.001295,0.001294,0.001293,0.001292,0.001291,0.001301,0.001302,0.001303,0.001304,0.001305,0.001306,0.001307,0.001308,0.001309,0.00131,252532.6,356092.7,1979297.3,2840995.6,4809343.8,1847139.6,505492.1,85500,683173.9,469698.8,85500,1111438.5,215258.7,1112839.2,586044.4,1685865.4,486323.1,797506.2,512453.4,2094679.3
261,0.001301,0.0013,0.001299,0.001298,0.001297,0.001296,0.001295,0.001294,0.001293,0.001292,0.001302,0.001303,0.001304,0.001305,0.001306,0.001307,0.001308,0.001309,0.00131,0.001311,162438.8,436030.4,1455972.2,1029397.4,3671725.7,5040002.1,1616663.8,401593,85500,683173.9,85500,916983.3,456313.9,1159272.2,1108733.8,1063898.5,797506.2,209582.7,1005863.6,1939094.6
262,0.001301,0.0013,0.001299,0.001298,0.001297,0.001296,0.001295,0.001294,0.001293,0.001292,0.001303,0.001304,0.001305,0.001306,0.001307,0.001308,0.001309,0.00131,0.001311,0.001312,259288.6,1923417.1,2781275.1,1918864.4,2922283.4,4939202.8,1642040.9,376205.4,85500,2485711.6,343575.8,992390.2,621558.4,1688275.5,1063011.6,1023102,209582.7,1005863.6,1937421.4,354705.6
263,0.001301,0.0013,0.001299,0.001298,0.001297,0.001296,0.001295,0.001294,0.001293,0.001292,0.001302,0.001303,0.001304,0.001305,0.001306,0.001307,0.001308,0.001309,0.00131,0.001311,257752.6,332532.6,458569.1,1093039.8,2646781.6,5024640.3,1642040.9,376205.4,85500,1215141,85500,510608.4,442516.2,597907.9,1114596.7,1063011.6,912757.8,209582.7,1005863.6,1937421.4
264,0.001301,0.0013,0.001299,0.001298,0.001297,0.001296,0.001295,0.001294,0.001293,0.001292,0.001302,0.001303,0.001304,0.001305,0.001306,0.001307,0.001308,0.001309,0.00131,0.001311,95287.8,332532.6,458569.1,1954422.8,4596278.2,5946339.2,1642040.9,376205.4,85500,1215754.3,252532.6,1044636.4,566837.4,1123475.7,1108812.8,1063676.5,912757.8,209582.7,1005863.6,1938675.8
265,0.001306,0.001305,0.001304,0.001303,0.001302,0.001301,0.0013,0.001299,0.001298,0.001297,0.001307,0.001308,0.001309,0.00131,0.001311,0.001312,0.001313,0.001314,0.001315,0.001316,85500,445691,463333.4,2199304.1,2353696.3,368920.1,946681.9,662757.2,136294.9,501728.8,252532.6,443947.3,383627.9,1901384.4,402360.4,790370.5,1398357.5,832060.5,962553.1,392746.2
266,0.001305,0.001304,0.001303,0.001302,0.001301,0.0013,0.001299,0.001298,0.001297,0.001296,0.001307,0.001308,0.001309,0.00131,0.001311,0.001312,0.001313,0.001314,0.001315,0.001316,243303.3,220087.5,460508.2,1556333.3,2506215.2,884559.6,5877979.8,85500,1584878.6,4740789.5,591580.5,355871.6,574569.8,2040346.7,311360.2,1284307.8,694768.1,504004.4,826433,392746.2
267,0.001304,0.001303,0.001302,0.001301,0.0013,0.001299,0.001298,0.001297,0.001296,0.001295,0.001306,0.001307,0.001308,0.001309,0.00131,0.001311,0.001312,0.001313,0.001314,0.001315,303275.7,203320.3,227700.6,1191488,1125970.8,8452776.9,85500,395744.3,4740789.5,2807634.6,1151212.1,332532.6,414949.3,1438851.8,1499201.1,464495.9,973654.3,694768.1,504004.4,826433
268,0.001306,0.001305,0.001304,0.001303,0.001302,0.001301,0.0013,0.001299,0.001298,0.001297,0.001308,0.001309,0.00131,0.001311,0.001312,0.001313,0.001314,0.001315,0.001316,0.001317,259288.6,1222747.7,1408388.4,2980335.1,1433343.9,423528.2,963983.4,5863934.7,85500,1607613.1,332532.6,477105.7,1109831.6,211475.4,1293907.4,1055512.8,633397.8,849680.9,392746.2,1797999.5
269,0.001307,0.001306,0.001305,0.001304,0.001303,0.001302,0.001301,0.0013,0.001299,0.001298,0.001308,0.001309,0.00131,0.001311,0.001312,0.001313,0.001314,0.001315,0.001316,0.001317,259288.6,1538563.5,252532.6,1221616.7,3590677.5,219702.7,576254.9,376423.4,5756495.7,191734.2,79015.4,394999.3,942869.5,873251.6,1293907.4,787325.6,901277.2,849680.9,392746.2,1797999.5
270,0.001309,0.001308,0.001307,0.001306,0.001305,0.001304,0.001303,0.001302,0.001301,0.0013,0.00131,0.001311,0.001312,0.001313,0.001314,0.001315,0.001316,0.001317,0.001318,0.001319,791538.6,1607441.9,3032274.9,6372301.7,2781903.1,606602,846411.8,179834.9,1293712.9,376423.4,465643.7,165500,1418109.4,319598.7,214893.4,519456.2,933059,1269289.8,108368.2,801509.5
271,0.001308,0.001307,0.001306,0.001305,0.001304,0.001303,0.001302,0.001301,0.0013,0.001299,0.00131,0.001311,0.001312,0.001313,0.001314,0.001315,0.001316,0.001317,0.001318,0.001319,252532.6,1736165.9,5944920.4,2226696.3,3142416.8,370291.5,179834.9,1657172.4,482657.6,639220.7,248218.3,743980.7,1018398.1,274646.5,750721.4,629024.1,535836.4,1602128.8,211014.1,801509.5
272,0.00131,0.001309,0.001308,0.001307,0.001306,0.001305,0.001304,0.001303,0.001302,0.001301,0.001311,0.001312,0.001313,0.001314,0.001315,0.001316,0.001317,0.001318,0.001319,0.00132,167032.6,396066.6,834631.2,3622925,5543502,449653.7,99642.1,370291.5,179834.9,2073127.4,85500,954074.2,245261.6,456144.5,634731,869056.5,1269289.8,211014.1,801509.5,1560499.1
273,0.001307,0.001306,0.001305,0.001304,0.001303,0.001302,0.001301,0.0013,0.001299,0.001298,0.001309,0.00131,0.001311,0.001312,0.001313,0.001314,0.001315,0.001316,0.001317,0.001318,396066.6,5175370.5,1080918.4,850088.9,5981749.4,179834.9,85500,376423.4,639220.7,2259250.1,465121.9,840644.2,409510,953332.7,1659761.3,329572.2,513772.5,1133679.2,189225.3,940585.1
274,0.001311,0.00131,0.001309,0.001308,0.001307,0.001306,0.001305,0.001304,0.001303,0.001302,0.001312,0.001313,0.001314,0.001315,0.001316,0.001317,0.001318,0.001319,0.00132,0.001321,75394.6,496060,1458327,457779.1,411188.9,7641583.2,649662.8,85500,923866.3,1364402.6,739982.8,416812.6,869103.3,519507.3,597992.7,493860.1,415218.4,801509.5,112696.5,972913.2
